3074 5054
476 396 616 466 CAPUT
649 397 696 478 V,
733 393 856 465 VERS.
888 397 1041 466 2546.
1291 401 1355 468 tae

225 589 368 656 27-28.
393 590 532 654 Etcum
555 588 784 670 adduxissent).
804 586 858 655 Sic
880 596 964 654 recte
983 587 1138 677 interpres
1159 597 1276 656 noster.
1300 589 1358 656 Est

191 710 259 777 enim
279 735 442 802 αγαγοντες
456 711 606 800 Particip.
633 713 750 779 hond
773 710 812 777 ah
833 732 911 800 apo,
931 730 1004 777 eum
1024 709 1279 798 reduplicatione.
1297 710 1356 778 Vi-

190 833 260 902 desis
282 837 382 902 Hem.
408 834 518 925 Steph.
544 836 576 902 in
601 835 765 902 Thesauro
787 833 826 901 ad
849 854 919 900 voe.
938 857 1016 924 eya,
1037 844 1068 901 et
1083 836 1247 901 Buttmann
1263 831 1282 921 S
1297 834 1354 901 85.

188 958 270 1025 hum.
288 962 322 1026 7.
342 958 502 1027 Adductos
518 958 684 1048 Apostolos
700 957 834 1024 ministri
856 967 1028 1024 statuerunt
1043 960 1077 1024 io
1092 960 1194 1023 medio
1216 978 1357 1024 consessu

187 1082 222 1171 (εν
243 1107 285 1170 τῳ
314 1079 485 1174 συνεδριῳ).
520 1084 748 1168 Praecipieudo
766 1083 1007 1166 praecepimus,
1030 1101 1140 1170 graece
1165 1079 1357 1172 παραγγελιᾳ

185 1207 448 1301 παρηγγειλαμεν’,
466 1208 500 1277 h.
519 1229 548 1276 e.
569 1220 737 1294 praecepto
757 1210 998 1294 praecepimus,-
1014 1208 1052 1276 de
1069 1229 1130 1297 qua
1146 1206 1293 1298 loquendi
1310 1227 1356 1274 ra·

184 1330 260 1398 tione
275 1330 451 1421 emphatica
475 1331 545 1400 vide
562 1352 641 1421 qnae
665 1333 839 1400 notavimus
858 1350 952 1420 supra
968 1330 1007 1398 ad
1021 1332 1098 1421 Cap.
1117 1332 1186 1401 lV:
1208 1333 1262 1399 l7.
1281 1330 1357 1398 Sen-

181 1475 232 1522 sus
246 1467 292 1522 est
310 1475 318 1518 :
337 1457 448 1523 Nonne
471 1476 578 1523 severe
594 1455 682 1523 vohis
699 1456 915 1546 praecepimus
937 1453 1030 1545 (Cap.
1049 1456 1096 1524 lV
1111 1480 1120 1524 ε
1137 1453 1214 1538 l8)⁰!
1230 1455 1357 1546 Παραγ-

178 1577 291 1668 yellus
304 1590 352 1647 est
363 1583 553 1646 denunciare
569 1579 661 1647 alicui
674 1591 707 1647 ut
720 1578 796 1669 quid
807 1579 915 1658 faciat,
934 1581 1074 1663 edicere,
1090 1581 1288 1664 praecipere.
1306 1580 1357 1654 Μη

178 1697 332 1766 dedecuere
356 1726 405 1766 επι
420 1727 463 1790 τῳ
479 1727 605 1790 ονοματι
628 1727 745 1790 τουτῳ,
763 1725 827 1770 nott
842 1705 951 1769 docere
962 1701 1139 1791 (populum)
1155 1724 1254 1787 sttper
1270 1702 1304 1784 (i.
1323 1722 1352 1768 e.

177 1824 231 1915 de)
256 1829 313 1892 hoc
341 1832 488 1907 comice,
514 1828 537 1894 i.
567 1848 596 1894 e.
626 1826 665 1894 de
692 1846 824 1916 persona
850 1827 922 1894 lesu
945 1826 1109 1893 Nazareni.
1136 1826 1250 1894 Confer
1276 1845 1356 1915 quae

177 1951 353 2018 notavimus
370 1951 409 2019 ad
426 1952 503 2041 Cap.
522 1951 568 2020 lV
583 1981 591 2017 ι
609 1953 669 2028 lh,
688 1970 758 2040 pag.
779 1953 857 2030 105,
875 1960 906 2017 et
929 1949 968 2018 de
984 1950 1217 2040 Praepositione
1233 1973 1280 2013 επι
1297 1948 1356 2016 ibi-

175 2072 247 2140 dem
262 2073 301 2140 ad
324 2094 372 2141 vs.
390 2077 448 2155 t7,
467 2095 537 2165 pag.
558 2077 635 2143 toa.
653 2076 774 2142 -Per
790 2084 884 2142 totam
903 2074 1171 2161 Hierosolymam,
1190 2074 1352 2162 inquiunt,

177 2198 386 2287 praedicando
406 2201 566 2290 sparsistis
589 2200 761 2268 doctrinam
777 2210 911 2269 vestram
927 2201 966 2269 de
982 2203 1052 2268 lesu
1069 2201 1245 2280 Nazareno,
1263 2220 1355 2287 quem

177 2320 332 2389 exhibetis
345 2333 502 2412 tamquam
514 2325 616 2391 virum
632 2335 790 2404 sanctum,
806 2323 1002 2392 innocentem
1021 2323 1075 2404 (ol.
1089 2324 1165 2414 Cap.
1181 2324 1250 2390 lll:
1269 2325 1355 2390 to-

179 2442 255 2533 to),
274 2455 304 2512 et
316 2444 409 2513 vultis
422 2447 452 2513 in
466 2468 522 2514 nos
537 2447 693 2515 coniicere
708 2447 840 2528 crimen,
856 2447 939 2536 quod
955 2447 1113 2515 hominem
1130 2447 1223 2513 istum
1240 2446 1353 2513 iniuste

178 2569 405 2649 occiderimus,
419 2571 512 2639 vultis
529 2571 651 2660 plebem
667 2571 839 2653 concitare,
854 2591 974 2660 nosque
989 2571 1056 2638 eius
1072 2569 1170 2637 furori
1187 2588 1355 2658 exponere.

176 2695 307 2762 -Vox
323 2699 402 2782 cipe
426 2695 541 2763 dicitur
564 2696 655 2763 etiam
672 2698 829 2776 democle,
846 2707 880 2764 ut
902 2715 981 2784 quae
1005 2695 1189 2784 plerumque
1212 2712 1273 2759 non
1290 2693 1358 2759 sine

176 2819 335 2904 sanguinis
348 2819 499 2887 effusione
512 2829 666 2908 patratur3
683 2831 712 2886 et
725 2839 832 2909 porro,
843 2818 1230 2908 perllletonymiam,ctpc
1242 2815 1357 2883 dicitur

176 2952 210 3008 et
232 2947 270 3008 de
289 2947 384 3027 cotpo
409 2956 439 3010 et
458 2965 560 3029 poeoc
583 2946 700 3024 coedis,
726 2944 791 3010 sive
812 2943 850 3010 de
870 2954 957 3010 reatu
980 2951 1138 3010 contracto
1155 2962 1194 3008 ex
1208 2941 1357 3029 sanguine

177 3066 293 3132 iniuste
315 3067 433 3147 effuso,
452 3078 486 3134 ut
501 3066 612 3134 Matth.
637 3068 765 3135 XXVll
785 3092 793 3134 :
811 3068 874 3148 ate
893 3077 985 3156 atque
1002 3065 1063 3133 hoo
1085 3085 1178 3133 sensu
1201 3085 1262 3131 vox
1278 3068 1357 3151 αἱμα

177 3189 211 3254 in
240 3189 393 3277 praesenti
415 3190 484 3257 loco
508 3191 658 3258 sumenda
680 3200 738 3258 est.
764 3188 897 3257 Phrasin
917 3200 1020 3258 autem
1043 3211 1163 3279 ancyro
1190 3191 1268 3275 αἱμα
1289 3187 1356 3268 vel,

179 3333 252 3380 cum
268 3313 533 3404 reduplicatione,
550 3338 712 3405 eccyayero
736 3318 816 3400 αἱμα
838 3337 917 3389 τινος
936 3336 985 3377 ear
1008 3335 1076 3378 τινα
1098 3332 1134 3379 eo
1151 3333 1245 3379 sensu
1268 3313 1360 3380 LXX

177 3433 327 3504 adhihent
353 3442 488 3518 (notante
514 3437 633 3505 Wolfio
650 3439 681 3504 in
698 3440 774 3505 Cur.
792 3436 831 3504 ad
848 3435 880 3503 h.
901 3435 954 3525 l),
973 3445 1007 3502 ut
1028 3434 1109 3502 idem
1132 3435 1173 3501 sit
1193 3454 1230 3501 ao
1252 3438 1356 3501 coedis

180 3559 319 3644 aliquem
335 3582 426 3625 reum
440 3581 605 3645 parspere,
623 3563 727 3627 coedis
744 3564 870 3646 culpam
889 3562 923 3627 in
941 3563 1079 3646 olipoem
1095 3562 1257 3626 conticere.
1276 3559 1358 3628 Vidc

182 3683 279 3750 Levit.
304 3685 401 3750 XXll
428 3703 435 3745 :
466 3687 520 3752 to.
545 3687 653 3752 «Cum
678 3685 867 3774 oportuisset
893 3683 1030 3773 primum
1058 3683 1262 3770 interrogare,
1281 3702 1385 3770 quo--

183 3807 273 3876 modo
297 3809 414 3896 egressi
430 3810 521 3888 estis,
539 3809 604 3889 illi,
624 3809 712 3897 quasi
738 3806 816 3874 nihil
833 3808 948 3874 laetum
971 3816 1070 3886 essct,
1089 3807 1292 3893 interrogant,
1307 3804 1358 3884 ¹di-

186 3969 343 3980 ————

214 4075 233 4136 1)
250 4075 315 4125 Van.
329 4087 401 4124 neor.
414 4073 444 4124 ln
462 4073 594 4139 plerisque
611 4073 692 4126 Codd.
705 4075 746 4126 le·
791 4072 870 4136 legit;
891 4074 920 4122 at
936 4083 1060 4136 praesens
1079 4081 1164 4121 sermo
1180 4083 1210 4121 ea
1229 4081 1307 4133 voca,
1326 4075 1357 4122 ut

184 4171 251 4235 gitur
265 4187 270 4223 :
283 4181 318 4221 cv
335 4155 527 4248 παραγγελιᾳ
543 4156 746 4248 παρηγγειλα-
792 4160 856 4214 mihi
870 4161 984 4223 videtur,
997 4165 1066 4214 recte
1082 4174 1170 4213 carere
1187 4173 1240 4212 non
1255 4164 1354 4227 potast;

185 4270 236 4331 μεν
251 4249 342 4334 ὗμιν,
361 4277 449 4313 ponne
458 4271 600 4329 praecepto
612 4265 748 4330 praecepi.
793 4265 864 4314 nam,
881 4265 911 4303 ea
928 4251 1029 4314 demta,
1051 4250 1124 4302 nulla
1140 4250 1183 4303 hio
1203 4252 1253 4303 erit
1271 4252 1356 4304 inter-

184 4355 333 4406 moaoobis.
347 4353 400 4406 Sed
421 4354 464 4406 illa
475 4369 527 4408 vox
540 4365 574 4405 ου
587 4370 640 4409 non
652 4357 748 4422 legitur
793 4341 907 4405 r⁰gflll⁰3
936 4341 1010 4406 atqui
1035 4340 1130 4393 dissilul
1151 4357 1158 4392 ³
1181 4342 1357 4409 “mel'wdwl'l

185 4434 211 4486 in
231 4436 289 4502 ΑΒ,
308 4450 419 4504 eamque
437 4452 486 4490 nec
508 4439 640 4506 lnterpres
660 4444 749 4493 noster
792 4416 1002 4506 (ίπηρωῒησί)
1023 4445 1067 4485 θῦε
1088 4446 1207 4488 summus
1228 4434 1354 4488 sacerdos.
