3074 5054
424 395 562 463 CAPUT
597 396 648 474 ll,
685 394 807 463 VERS.
847 395 992 462 tl-ltt.
1243 393 1291 462 79

110 586 316 652 communitas
338 585 370 650 iu
398 586 463 652 sola
490 585 773 672 Hierosolymitana
801 583 933 652 ecclesia
959 582 1137 665 obtinebat;
1163 594 1292 672 eratque

111 729 163 776 res
189 730 249 777 uon
278 709 453 797 praecepti,
482 709 536 775 sed
565 708 681 775 liberae
709 708 956 796 uniuscuiusque
984 708 1092 775 relicta
1119 707 1289 788 voluntati3

110 843 204 922 atque
219 832 280 901 boc
297 833 423 923 quidem
441 833 614 901 luculenter
630 845 749 900 constat
764 854 803 900 ex
820 833 878 914 iis,
898 853 976 921 quae
992 832 1072 899 iutra
1088 831 1180 920 (Cap.
1196 833 1237 917 V)
1255 830 1293 898 dc

111 960 230 1027 Anania
246 971 276 1027 et
292 959 447 1049 Sapphira
463 971 639 1028 narrantur.
665 962 713 1027 De
729 961 832 1024 καθοτι
849 960 919 1027 vide
935 979 1049 1049 supra,
1068 981 1101 1048 p.
1121 962 1176 1028 ou.
1196 959 1293 1026 Parti-

111 1092 181 1157 cula
209 1115 244 1154 αν
271 1111 344 1158 cum
371 1090 541 1158 indicativo
568 1091 706 1158 cuiusvis
734 1091 883 1180 temporis
911 1089 1130 1170 coniunctum,
1155 1100 1189 1156 ut
1211 1098 1295 1156 nutat

112 1214 310 1283 llermanuus
328 1215 379 1303 (ad
396 1215 504 1302 Viger.
531 1237 564 1304 p.
590 1214 684 1304 820),
703 1235 795 1304 saepe
816 1213 894 1281 nihil
911 1213 995 1280 aliud
1011 1211 1182 1300 siguificat,
1202 1231 1292 1300 quam

110 1339 253 1406 accidere
264 1341 313 1406 vel
329 1339 482 1407 accidisse
498 1338 617 1427 aliquid
633 1359 694 1405 non
714 1349 796 1404 corto
815 1341 952 1423 qrrodcm
970 1349 1125 1422 tempore,
1144 1336 1199 1405 sed
1216 1357 1293 1424 quo-

111 1464 306 1554 tiescumque
323 1464 446 1533 occasio
464 1464 506 1531 ita
522 1463 629 1530 ferret.

160 1727 214 1793 le.
243 1726 447 1793 Continuatur
481 1725 650 1814 descriptio
684 1744 806 1792 morum
839 1724 1012 1812 primorum
1046 1720 1294 1789 Christianorum

113 1850 361 1939 Hierosolymae.
390 1853 558 1932 Quotidie,
584 1850 702 1939 inquit,
724 1852 851 1916 assidue
874 1852 1010 1915 aderaut
1037 1850 1237 1913 uuaotmtter
1260 1850 1295 1912 to

113 1979 244 2060 tempto,
263 1987 356 2065 puta,
383 1988 417 2044 ut
438 1976 574 2065 publicis
598 1975 745 2065 precibus
768 1975 963 2041 interessent.
995 1974 1121 2053 «Nam,
1143 1972 1227 2060 quod
1244 1972 1295 2039 hio

113 2111 198 2166 notat
213 2101 349 2182 Calmet,
368 2100 440 2168 licet
457 2101 624 2169 Salvatoris
645 2111 744 2167 morte
766 2100 961 2167 ceremoniae
977 2109 1007 2166 et
1023 2098 1176 2166 sacrificia
1192 2109 1295 2165 essent

112 2224 286 2311 antiquata,
305 2235 335 2291 et
350 2245 465 2293 uorum
482 2225 590 2293 foedus
614 2235 795 2292 testamento
808 2225 905 2290 veteri
922 2224 1143 2303 successisset,
1162 2233 1293 2288 attamen

112 2367 176 2413 non
193 2358 257 2415 erat
274 2368 290 2415 e
306 2347 447 2415 consiliis
470 2350 551 2430 Dei,
569 2360 604 2416 ut
619 2348 726 2416 fideles
748 2348 850 2415 statim
867 2367 885 2413 a
900 2347 1023 2415 ludaeis
1046 2349 1294 2434 seiungerentur,

112 2480 205 2559 atque
228 2472 318 2560 Legis
335 2473 413 2539 ritus
430 2471 660 2560 relinquerent;
678 2493 757 2561 quos
769 2471 950 2552 servabant,
966 2482 1116 2558 quatenus
1133 2471 1293 2537 Ecclesiae

113 2593 230 2662 utilitas
246 2594 405 2684 exigebat,
420 2617 482 2663 non
500 2617 573 2664 vero
589 2597 723 2687 amplius
740 2608 897 2684 tamquam
914 2595 1031 2663 ludaei.
1051 2594 1214 2661 Evitabant
1229 2594 1295 2675 illi,

114 2737 154 2783 ne
178 2717 310 2786 infirmis
335 2718 514 2787 scandalum
539 2720 732 2807 ingererent,
751 2739 867 2807 eosque
889 2720 928 2787 ab
950 2719 1134 2806 Evangelica
1157 2716 1297 2785 doctrina

113 2855 302 2925 averterent3
321 2844 376 2913 sed
398 2846 469 2912 illos
492 2846 608 2912 sensim
633 2845 854 2934 disponebant,
879 2856 913 2912 ut
936 2846 975 2912 ad
998 2845 1114 2912 cultum
1136 2843 1294 2933 puriorem

112 2976 206 3055 atque
227 2969 325 3055 magis
349 2968 788 3057 spiritualemattollerent.»
813 2969 1055 3058 Προσκαρτερειν
1076 2990 1105 3030 εν
1129 2989 1188 3030 τινι
1213 2988 1297 3050 τοπῳ

114 3099 163 3156 est
177 3091 290 3158 alicubi
307 3095 433 3158 assidue
450 3096 567 3160 edesse.
584 3093 637 3164 Sic
654 3093 684 3158 iu
701 3093 831 3159 Daniele
847 3092 958 3180 (Vulg.
979 3093 1055 3180 Cap.
1074 3091 1169 3179 Xlll)
1186 3090 1297 3177 legitur

115 3215 196 3278 οὑτοι
212 3240 454 3308 προσκαρτερουν
479 3241 508 3280 εν
525 3241 562 3307 τῃ
580 3241 659 3300 oraret
677 3218 829 3302 Ιωακειμ,
849 3216 882 3283 h.
903 3236 932 3282 e.
953 3219 1006 3281 t'ttt'
1030 3226 1211 3281 constanter
1226 3217 1298 3278 ude-

115 3350 192 3404 rout
214 3342 251 3405 irc
274 3342 366 3406 domo
389 3343 529 3407 laabim.
556 3341 627 3408 Vox
650 3335 843 3424 ὁμοθυμαδον
866 3336 976 3426 (Vulg.
1004 3333 1219 3422 unanimiter)
1241 3335 1300 3402 hoc

117 3461 185 3528 loco
208 3461 291 3530 dicta
316 3463 392 3530 mihi
410 3464 531 3530 videtur
551 3483 612 3529 nen
630 3462 667 3529 de
687 3466 869 3528 ablutorum
892 3482 1060 3540 consensu,
1079 3459 1134 3526 sed
1151 3465 1193 3526 ee
1205 3479 1299 3525 seusu

116 3596 152 3652 ut
176 3596 260 3654 notet
287 3608 372 3670 auo,
390 3590 503 3666 simut,
529 3589 741 3670 continuatim,
763 3605 824 3674 quo
849 3605 943 3651 seusu
972 3586 1072 3651 Lucas
1096 3604 1164 3650 eam
1188 3602 1296 3649 vocem

120 3710 233 3796 passim
257 3708 396 3777 adhibet.
423 3711 472 3777 Cf.
491 3710 562 3777 Act.
589 3710 650 3777 Vll
679 3731 686 3772 :
713 3712 768 3776 56.
788 3709 867 3775 Xlll
895 3733 904 3774 t
931 3712 974 3776 au
998 3719 1029 3773 et
1051 3708 1142 3775 XV:
1165 3705 1299 3786 thubi

120 3832 238 3899 Graeca
258 3857 266 3899 ε
285 3829 383 3907 adoher
397 3834 469 3918 ὗμιν
485 3854 654 3922 perspecere
671 3827 883 3916 dpodupotdov,
903 3829 1035 3917 Vulgata
1051 3829 1186 3897 reddidit
1204 3850 1212 3890 τ
1230 3830 1302 3912 pta·

120 3959 185 4021 cuit
211 3959 301 4023 nebia
328 3960 520 4023 collecticio
546 3978 658 4022 ortum.
688 3954 890 4021 Alexandrini
920 3954 1034 4043 passim
1063 3953 1111 4019 usi
1140 3961 1212 4018 sunt
1240 3949 1301 4016 hoe

121 4079 266 4147 adverbio
284 4102 340 4169 pro
358 4096 411 4159 up}
428 4092 458 4147 et
474 4086 555 4168 itan}
575 4101 658 4159 urio,
679 4082 778 4144 simod
788 4130 796 4159 ,
814 4081 943 4163 pariter
950 4104 962 4158 ,-
983 4088 1014 4143 et
1037 4075 1215 4161 Hesychius
1233 4079 1303 4159 ὁμο-

122 4198 237 4288 topado
250 4202 489 4289 rinterpretatur
502 4222 558 4291 per
573 4206 662 4287 ὁμου,
678 4200 852 4288 ὁμοψυχως.
868 4203 976 4287 ltaque
992 4208 1186 4287 praesentem
1199 4195 1301 4262 locum

123 4323 217 4391 reddo
235 4325 277 4390 ita
293 4351 301 4392 2
315 4326 519 4411 Et'quotr'dt'e
544 4326 669 4390 assidui
689 4335 783 4389 eruut
804 4345 870 4389 utto
893 4326 929 4387 en
953 4324 1080 4405 templo.
1097 4318 1303 4407 Participium

122 4469 411 4539 προσκαρτερουντες
432 4448 567 4536 pendere
589 4446 730 4516 aVetbu
753 4446 856 4512 Finito
884 4440 1134 4529 μετελαμβανον,
1161 4461 1221 4508 nort
1246 4460 1303 4527 pu-
