3074 5054
423 359 560 427 CAPUT
596 355 760 440 XXVlll,
799 357 920 424 valta.
958 357 1082 425 t-ta.
1276 359 1340 428 587

162 561 225 616 ues
241 549 273 615 iu
289 549 390 617 insula
407 549 513 617 Melita
537 557 724 628 transactos,
751 567 847 635 quum
871 546 1080 635 praeteriisset
1104 557 1228 635 tempus
1244 547 1341 617 clausi

161 671 257 739 mauis
271 671 358 759 (vide
373 671 410 740 ad
427 674 504 761 (lap.
523 672 650 739 XXVll
669 695 678 737 r
698 669 747 758 9),
765 689 783 736 a
798 669 905 736 Melita
921 672 1022 735 avecti
1043 691 1153 736 snmus
1177 669 1341 758 (ηχθημεν)

161 796 192 862 iu
213 796 283 863 navi
305 797 436 885 quadam
459 795 667 864 Alexandrina
690 795 747 886 (ef.
767 794 847 862 dicta
863 793 902 861 ad
918 795 995 883 Cap.
1013 795 1142 862 XXVll
1163 819 1171 860 :
1192 794 1243 882 i),
1262 815 1341 884 quaa

160 917 192 983 iu
207 913 259 982 illa
275 917 375 984 insula
390 915 618 984 hibernarum.
634 918 717 982 Erat
733 917 808 981 itnic
823 917 898 980 navi
913 918 1040 998 insipne
1054 916 1210 982 Castorei
1224 920 1342 984 Polluce

159 1042 350 1129 (παρασηρρ
378 1038 599 1127 Διοσκουροις).
631 1039 669 1104 Et
696 1038 868 1124 Syracusas
894 1058 991 1121 qnam
1019 1042 1248 1125 appulissemns
1275 1045 1340 1126 (κα-

159 1164 328 1247 ταχθεντες.
347 1160 417 1227 ride
433 1160 472 1227 ad
488 1162 565 1249 Cap.
583 1161 664 1227 XXl
683 1184 691 1226 ε
711 1160 759 1246 5),
779 1159 817 1227 ad
834 1159 1034 1248 exponendas
1054 1181 1174 1228 merces
1191 1160 1340 1249 quasdam

159 1284 366 1374 (utvidetur),
389 1284 504 1351 ibidem
529 1281 747 1373 pertriduum
773 1302 881 1350 sumus
906 1285 1103 1351 commorati.
1134 1285 1223 1350 Unde
1246 1281 1340 1372 (tien)

159 1429 255 1498 quum
283 1409 503 1488 solvissemus,
532 1410 773 1473 circumivimus
802 1404 1037 1497 (περιελθοντες)
1066 1407 1191 1475 Siciliae
1219 1409 1339 1496 plagam

159 1531 357 1611 orientalem,
374 1542 404 1598 et
421 1532 451 1597 iu
469 1531 646 1620 oppositum
664 1530 749 1596 littus
774 1541 935 1607 exeuntes,
957 1535 1160 1614 pervenimus
1184 1530 1340 1613 (susurru-

159 1656 275 1739 anpev)
291 1652 457 1749 'Rhegium
493 1657 585 1739 (olim
613 1646 829 1736 Brutiornm,
863 1673 948 1718 nnnc
977 1652 1142 1719 Calabriae
1171 1655 1338 1737 inferioris

159 1777 328 1860 oppidum)
335 1802 351 1860 ;
368 1787 398 1842 et
414 1785 484 1864 posi
506 1775 588 1842 dicun
605 1794 717 1854 unam,
740 1785 810 1841 orto
826 1775 950 1841 Atestro
966 1782 1192 1864 (επιγενομενου
1208 1773 1335 1859 Νοτευ),

158 1898 294 1967 secunda
310 1898 360 1965 (lia
377 1893 565 1987 (increpant)
582 1897 723 1964 venimus
740 1897 898 1964 Puteolos.
922 1897 982 1965 Ubi
999 1915 1096 1982 quum
1113 1901 1339 1981 reperissemus

157 2023 321 2114 (εὑροντες)
346 2024 547 2090 Christianos
572 2025 742 2090 nonnullos
766 2019 959 2113 (αδελρους),
985 2022 1024 2089 ab
1040 2021 1090 2088 his
1108 2023 1205 2109 rogati
1230 2043 1339 2090 sumus

158 2156 192 2212 ut
208 2165 265 2233 per
280 2144 348 2211 dies
364 2155 480 2233 septem
505 2146 591 2228 apuel
614 2146 685 2209 ilios
705 2147 767 2230 (en'
784 2143 902 2222 αυτοις)
929 2162 1213 2223 commou·arcmur;
1245 2155 1337 2232 atque

161 2271 207 2334 ita
224 2269 350 2358 (οὑτως,
369 2265 402 2334 lr.
421 2286 450 2331 e.
471 2265 567 2355 quum
583 2277 702 2355 septem
725 2266 791 2333 dies
813 2265 883 2331 illos
904 2265 1042 2332 Puteolis
1066 2265 1337 2353 uansegissemus)

158 2392 298 2458 venimus
313 2392 455 2457 Romam.
476 2392 515 2457 Et
533 2391 708 2456 Christiani
722 2392 864 2456 Romani
880 2394 924 2478 (oi
939 2386 1095 2482 αδελφοι),
1120 2412 1219 2475 qnam
1240 2394 1334 2459 inan-

155 2519 310 2582 divissent
333 2518 371 2580 de
395 2527 504 2581 nostro
527 2518 665 2581 adverrtn
688 2516 888 2596 (ακουσαντες
910 2537 948 2576 τα
965 2536 1032 2604 περι
1052 2513 1172 2602 ἡμων),
1192 2533 1231 2580 ex
1246 2515 1332 2583 Urbe

157 2635 291 2730 (εκειθεν)
309 2641 343 2702 in
359 2658 522 2702 accensum
540 2635 592 2718 (εις
608 2634 789 2712 nanniano)
811 2633 901 2700 uobis
919 2644 1083 2713 venerunt,
1106 2634 1158 2700 alii
1179 2636 1333 2725 usquead

157 2763 273 2828 Forum
303 2761 409 2849 Appii,
439 2761 489 2826 alii
518 2780 618 2848 usqua
642 2759 680 2826 ad
700 2746 970 2857 Traslab'eruas3
1001 2778 1080 2845 quos
1108 2778 1180 2825 cum
1208 2758 1336 2826 uidisset
1432 2734 1434 2739 ’

156 2885 289 2965 PauluS,
314 2885 382 2950 Deo
398 2885 511 2972 gratias
527 2884 589 2971 egit
600 2903 670 2950 eam
689 2881 728 2949 ob
745 2901 830 2962 rem,
849 2882 1021 2971 sortemque
1037 2885 1170 2966 sumpsit
1190 2886 1334 2949 animam

157 3002 261 3096 (ελαΕε
279 3003 415 3095 impons).

200 3130 345 3211 Insipnis
372 3128 438 3194 sive
464 3131 591 3211 sipnntn
620 3134 836 3217 (παρασημος,
861 3133 876 3192 o‘
900 3129 937 3206 ἡ,
959 3139 989 3195 et
1015 3152 1049 3192 το
1077 3126 1274 3218 παρασηρον)
1303 3128 1335 3195 in

155 3273 248 3343 prora
273 3263 338 3319 erat
362 3253 447 3318 navis
472 3255 610 3334 imapine
634 3254 868 3319 Dioscnrornnc
887 3253 1109 3342 (Διοσκουροις.
1129 3252 1259 3318 Datirus
1275 3253 1334 3316 In-

154 3378 357 3461 strumentr').
383 3377 583 3466 Διοσκουροι,
609 3374 656 3440 vel
681 3371 853 3464 ὃιοσκοροι,
876 3376 899 3441 i.
918 3397 946 3442 e.
966 3378 1054 3442 Iovis
1068 3377 1151 3459 filii,
1170 3374 1331 3463 speciatim

154 3500 257 3566 vocari
283 3499 421 3566 solebant
446 3499 561 3565 Castor
576 3509 607 3562 et
622 3499 757 3580 Pallan,
785 3499 867 3564 lovis
886 3518 925 3564 ex
949 3498 1032 3565 Lada
1056 3497 1129 3578 lilii,
1155 3509 1330 3564 nanterum

154 3625 359 3691 Numinn.-
371 3623 547 3710 Δευτερᾱιος
563 3621 589 3687 is
606 3632 652 3686 est
666 3623 723 3706 qni
737 3623 870 3686 sconarda
886 3623 936 3686 die
952 3623 1077 3706 aliquid
1090 3624 1178 3705 facit,
1197 3632 1253 3687 ant
1269 3632 1328 3704 est,

154 3758 210 3811 ant
221 3750 359 3830 patitur.
384 3746 436 3813 Sic
457 3746 593 3810 Lazarus
615 3763 633 3810 a
654 3745 767 3810 loauua
789 3741 881 3831 (Cap.
907 3745 954 3810 Xl
974 3769 982 3811 :
1002 3744 1058 3830 59)
1079 3755 1208 3812 vocatur
1227 3765 1333 3832 τεταρ·

153 3895 250 3945 ταιος.
265 3907 309 3919 -
325 3868 445 3943 Αππιος
467 3892 572 3960 (popae,
590 3868 713 3934 Fortem
728 3868 846 3950 Appii,
866 3867 972 3934 ltaliae
991 3868 1160 3957 oppidum,
1183 3869 1276 3935 silum
1293 3867 1330 3934 ad

154 3997 234 4062 viam
258 3994 410 4084 Appiam,
436 4004 505 4062 octo
530 3993 674 4059 milliaria
697 3991 882 4060 Germanica
904 3991 1037 4061 distabat
1055 3993 1094 4061 ab
1116 3991 1195 4059 urbe
1217 3993 1328 4058 Roma.

156 4119 215 4187 Via
238 4118 361 4206 Appia,
386 4129 482 4186 strata
506 4115 608 4205 lapide
631 4113 799 4204 quadrato,
825 4118 925 4184 Romi
948 4137 1004 4205 pac
1028 4102 1148 4206 portam
1177 4116 1331 4203 Capenam

155 4237 272 4305 ducens
295 4239 450 4328 Capuam,
476 4248 506 4304 et
526 4237 631 4325 Capua
655 4234 886 4318 Brundusium,
912 4246 1067 4306 exstructa
1091 4233 1210 4302 eratab
1227 4233 1330 4322 Appio

155 4359 284 4427 Claudio
312 4361 429 4437 Caeco,
458 4360 606 4427 Censoue.
639 4359 716 4426 Tres
746 4359 890 4426 tabernae
918 4377 1029 4425 nomeu
1052 4367 1119 4425 erat
1141 4355 1267 4447 hospitii
1292 4354 1330 4423 ad
