3074 5054
391 443 392 448 ’
454 426 591 492 CAPUT
620 427 719 507 Xlll,
756 425 877 494 VERS.
918 427 1061 493 la-tt.
1294 425 1358 492 535

178 617 284 683 littore
305 617 353 683 rel
376 629 467 704 portu
490 629 519 684 et
546 618 576 683 in
597 618 693 684 altum
718 636 802 683 mare
825 616 1011 705 provehunt.
1030 614 1148 682 Eodem
1169 634 1263 681 sensu
1284 636 1358 676 aaa·

177 741 284 830 pendan
300 740 411 828 legitur
428 744 506 808 Luc.
526 742 709 817 tubam
728 743 798 808 Act.
817 740 896 806 XVl
916 743 1001 817 :ll;
1020 741 1098 806 XXI
1117 763 1126 809 ι
1147 737 1355 816 l;XXVll:

180 866 236 931 lh.
261 864 410 952 Exempla
426 863 685 952 exscriptoribus
711 860 848 952 profanis
872 863 995 950 collegit
1013 862 1207 930 Wetstenius
1224 861 1261 929 ad
1279 863 1356 928 Luc.

177 987 257 1054 Vlll
275 1011 285 1052 :
304 989 359 1055 ΙΙ.
387 986 472 1054 Verti
494 999 620 1075 potest:
642 988 747 1065 Ortum
771 1010 790 1052 a
814 989 925 1072 Papho
949 989 1124 1053 solvissent.
1141 1023 1183 1036 -
1198 984 1358 1073 Loquendi

177 1110 311 1177 formam
328 1114 355 1172 ci
370 1133 437 1201 περι
452 1133 503 1173 τον
521 1109 646 1174 Hacine
664 1112 821 1200 interpres
838 1122 942 1177 noster
958 1110 1035 1177 scite
1059 1109 1193 1176 reddidit
1212 1134 1220 1176 :
1237 1110 1360 1175 Paulus

178 1245 209 1300 et
221 1237 279 1319 qni
294 1256 364 1301 cnm
381 1257 415 1299 eo
431 1247 535 1302 erant.
547 1265 561 1295 «
573 1235 701 1324 Duplici
718 1233 824 1311 modo,
839 1234 940 1323 inquit
954 1232 1177 1300 Valckenarius
1192 1232 1247 1323 (ad
1259 1232 1292 1299 b.
1308 1233 1357 1315 1.),

176 1357 280 1447 accipi
305 1359 384 1425 solet
405 1359 463 1426 ista
490 1359 600 1426 farma.
632 1360 738 1426 Primo
762 1357 936 1448 periphrasi
960 1358 1011 1424 illa
1034 1358 1278 1447 Praepositionis
1294 1380 1361 1448 περι

177 1503 261 1548 unas
289 1482 402 1570 aliquis
429 1502 521 1572 saepe
550 1483 765 1570 significatum
796 1501 1027 1570 nonnumquam
1060 1493 1160 1548 tamen
1189 1487 1283 1549 etiam
1312 1486 1358 1559 is,

177 1606 271 1673 cuius
298 1626 410 1673 nomen
438 1607 567 1674 inservit
593 1608 788 1697 periphrasi,
816 1630 887 1673 cum
910 1609 976 1672 suis
999 1607 1162 1671 comitibus
1188 1618 1244 1673 aut
1270 1609 1360 1672 disci-

173 1734 307 1816 pulis...
338 1731 536 1820 Ubicumque
564 1734 594 1797 in
624 1735 751 1798 Petrum
781 1732 925 1821 scriptis,
955 1730 1115 1797 citantium
1149 1731 1215 1796 loca
1249 1730 1361 1796 veteris

177 1853 346 1934 Foederis‚
364 1854 475 1942 legitur
498 1860 525 1917 ai
548 1878 615 1944 περι
640 1854 783 1936 Anniae,
808 1877 891 1920 unus
917 1857 1034 1939 Aquila
1056 1865 1103 1920 est
1124 1854 1358 1942 intelligendum

177 1978 369 2067 ubicumque
385 1978 496 2066 legitur
512 1983 539 2042 ci
556 2002 621 2069 περι
646 1980 838 2066 Συμμαχον,
860 2001 944 2045 unus
959 1978 1210 2063 Symmachus...
1228 1976 1363 2045 Alexan·
1443 2030 1444 2033 η

177 2104 290 2170 drinus
305 2104 532 2170 Grammaticus
548 2105 658 2187 Apion
675 2102 837 2170 Eustathio
859 2103 971 2170 citatur
986 2102 1095 2170 eodem
1112 2102 1204 2170 mcdc
1223 2123 1231 2165 :
1250 2107 1278 2166 ol
1294 2126 1361 2193 περι

178 2225 355 2292 Arrana...
377 2230 412 2294 ln
429 2249 491 2294 uno
516 2227 584 2295 lccc
600 2228 678 2294 Novi
697 2228 844 2308 Foederis
861 2251 929 2318 περι
948 2227 1057 2295 eodem
1074 2228 1166 2295 modo
1183 2226 1358 2309 adhibetur,

178 2372 294 2440 nempe
322 2352 391 2420 lob.
421 2355 468 2419 Xl
499 2373 507 2413 τ
541 2356 599 2432 te,
630 2373 691 2440 quc
720 2352 905 2419 ludaeorum
942 2351 1029 2417 multi
1060 2352 1181 2418 venisse
1216 2351 1362 2419 dicuntur

178 2501 256 2570 προς
276 2501 330 2551 τας
358 2500 422 2567 περι
446 2477 572 2566 Morphea
594 2503 644 2540 και
668 2478 807 2568 Mapaaa,
831 2477 914 2566 quod
936 2476 1121 2565 simpliciter
1144 2476 1296 2564 significat
1322 2480 1363 2542 ad

89 2625 95 2642 ·
178 2601 351 2666 Maribam
374 2612 404 2666 et
425 2602 611 2668 Mariam...
637 2602 736 2689 Saepe
761 2610 972 2668 memorantur
987 2603 1014 2662 oi
1030 2622 1098 2687 περι
1115 2595 1316 2689 Huhapcpao,
1335 2604 1363 2663 oi

179 2745 250 2814 περι
264 2720 439 2800 illusura,
458 2721 672 2815 Ἡρακλειτον,
692 2723 814 2813 quando
832 2744 893 2789 non
918 2721 1002 2789 solus
1019 2723 1238 2807 Ppthaporas,
1256 2724 1362 2803 Plato,

178 2844 232 2911 vel
247 2845 433 2912 Heraclitus
462 2845 685 2934 significantur,
704 2846 760 2913 sed
783 2845 815 2912 bi
840 2844 1043 2933 Philosophi,
1064 2845 1197 2934 quisque
1213 2867 1284 2912 cum
1300 2851 1365 2914 suis

179 2970 357 3052 discipulis.
376 2966 464 3060 Appi
481 2969 580 3035 eidem
600 2969 669 3035 usui
695 2970 819 3057 saepius
842 2968 1013 3034 inservit.»
1037 2967 1164 3035 Videsis
1189 2969 1280 3036 etiam
1303 2971 1362 3038 Gr.

180 3112 253 3181 pag.
270 3095 349 3160 458.
364 3095 485 3158 Aderat.
496 3130 540 3142 —-
552 3095 621 3160 Non
639 3093 688 3160 elli
693 3094 773 3181 ptice
790 3092 904 3158 dicitur
916 3115 956 3165 εις
973 3090 1091 3181 Heppnr
1107 3117 1158 3166 της
1176 3092 1365 3184 Παμφυλιας

181 3238 242 3308 pro
258 3241 298 3292 εις
322 3217 440 3308 Hippus
465 3216 551 3281 πολιν
575 3243 625 3292 της
643 3215 845 3308 Παμφυλιας.
868 3219 985 3303 Perga,
1011 3217 1190 3305 provinciae
1206 3219 1365 3308 Pamphy-

182 3341 244 3406 liae
272 3340 348 3408 urbs
381 3342 580 3430 metropolis,
610 3340 742 3408 celebris
778 3350 842 3406 erat
874 3339 913 3406 cb
948 3340 1096 3428 templum
1130 3341 1248 3409 Dianae
1280 3354 1364 3411 extra

181 3465 295 3532 urbem
321 3465 352 3530 in
376 3436 477 3532 vicino
503 3477 605 3532 monte
628 3465 776 3554 positum.
802 3463 884 3531 Vide
908 3463 1031 3531 Cellarii
1060 3465 1149 3552 aptit.
1172 3464 1241 3534 orb.
1266 3468 1363 3555 antiq.

180 3590 256 3657 Lib.
275 3591 340 3670 ΙΙΙ,
358 3591 434 3678 Cap.
454 3591 516 3669 Vl,
534 3589 552 3678 S
568 3590 648 3668 XV,
668 3602 698 3656 et
713 3591 855 3656 Mannert
880 3587 1059 3677 Gecgrapb.
1078 3588 1124 3656 VI
1143 3609 1151 3651 ε
1171 3591 1211 3670 h,
1230 3612 1262 3679 p.
1286 3593 1362 3658 tae.

229 3716 366 3780 Ioannes
390 3716 554 3779 discedens
580 3716 616 3779 ab
641 3717 707 3797 eis,
733 3716 820 3798 etc).
846 3713 954 3779 Sermo
976 3722 1023 3779 est
1045 3712 1082 3779 de
1107 3714 1220 3779 loanne
1244 3715 1363 3780 lllarco.

181 3839 267 3909 Vide
282 3840 321 3908 ad
337 3861 384 3907 vs.
404 3843 437 3908 b.
457 3842 524 3907 Non
542 3851 626 3906 certo
644 3840 754 3920 scitur,
773 3859 852 3928 quae
876 3858 969 3906 causa
985 3838 1077 3905 luerit
1094 3859 1152 3905 cur
1169 3836 1221 3905 hic
1236 3857 1254 3904 a
1269 3839 1366 3905 Paulo

182 3974 215 4030 et
230 3962 372 4030 Bernaba
395 3963 584 4030 discesserit.
602 3963 826 4050 Quaecumque
844 3961 965 4028 tandem
983 3959 1093 4041 suerit,
1109 3971 1193 4027 certe
1210 3980 1271 4026 ncn
1288 3959 1365 4027 adeo

183 4085 315 4152 honesta
327 4095 404 4163 crat,
418 4096 452 4150 ut
462 4085 559 4152 Paulo
572 4103 632 4150 non
646 4083 837 4172 displiceret.
853 4081 966 4149 Confer
980 4081 1062 4149 dicta
1073 4082 1112 4150 ad
1124 4083 1201 4171 (lap.
1216 4082 1278 4149 XV
1289 4100 1296 4142 :
1307 4083 1362 4148 58.

235 4332 287 4397 lh.
316 4328 373 4396 ltu·
387 4350 461 4394 aero
482 4339 740 4413 pertranseuntes
754 4328 898 4410 Perpen,
917 4325 1008 4413 etc).
1028 4328 1146 4395 Graeca
1164 4324 1336 4393 reddideris
1356 4344 1364 4385 ι

186 4453 246 4517 illi
261 4462 368 4517 autem
384 4450 513 4538 (Paulus
537 4458 567 4515 et
590 4450 757 4530 Barnabas)
783 4470 855 4514 ctam
877 4458 1138 4532 peraprassanta
1162 4447 1279 4529 Perpa.
1298 4445 1367 4511 Non
