3074 5054
447 399 584 473 ,CAPUT
624 400 702 510 Vll,
745 401 865 470 VERS.
909 404 1053 470 tto-nt.
1286 403 1350 469 tes

216 592 322 679 ltaque
344 588 519 680 Stephanus
543 589 699 658 auditores
719 612 793 689 suos
816 591 870 658 hic
886 592 1018 660 traducit
1035 602 1190 679 tamquam
1208 591 1350 658 homines

173 712 272 778 animo
290 711 472 803 depravatos
488 723 580 801 atque
597 713 628 779 in
645 715 747 782 Deum
766 726 977 782 contumaces

218 859 270 902 uos
298 860 420 922 semper
446 839 589 923 Spiritui
615 840 732 906 Sancto
767 844 956 930 resistitis).
986 840 1163 908 Catholicae
1194 839 1353 907 Ecclesiae

176 960 313 1027 doctriua
329 970 402 1042 esd,
428 963 459 1028 in
482 965 635 1051 praesenti
658 976 784 1033 naturae
812 965 915 1054 lapsae
931 976 1010 1032 statu
1028 965 1195 1032 identidem
1213 963 1301 1040 fieri,
1320 973 1355 1028 ut

177 1082 267 1151 homo
292 1086 431 1153 interiori
453 1087 511 1152 Dei
536 1089 651 1175 gratiae
668 1089 808 1168 resistat,
827 1102 896 1171 aut,
916 1089 1000 1179 qtuod
1016 1089 1125 1157 ebdem
1150 1089 1280 1169 recidit,
1299 1088 1353 1156 ad·

177 1208 353 1277 mittendam
377 1231 446 1277 esse
465 1211 599 1299 aliquam
628 1214 686 1279 Dei
712 1216 840 1301 gratiam
865 1235 949 1281 mere
979 1235 1014 1282 ac
1038 1235 1109 1280 vere
1134 1213 1351 1281 sufficientem.

178 1336 277 1421 Atque
300 1333 361 1402 hoc
388 1336 421 1404 S.
452 1336 631 1426 Scripturae
660 1341 775 1427 passim
805 1340 1040 1429 praedicarunt,
1066 1350 1116 1420 ut,
1146 1360 1176 1406 u.
1199 1360 1230 1427 g.
1258 1340 1356 1406 lsaiae

177 1459 232 1527 V:
253 1462 291 1540 d;
310 1462 424 1528 lerem.
443 1463 528 1530 Vll:
550 1465 610 1544 t5;
634 1465 745 1531 Mattb.
767 1467 862 1533 XXll
883 1492 890 1532 :
913 1469 967 1535 37.
995 1466 1082 1532 Facit
1098 1465 1189 1532 etiam
1208 1485 1355 1553 praesens

177 1583 264 1649 locus
280 1583 318 1651 ad
336 1583 415 1651 hanc
431 1585 602 1653 doctrinam
620 1587 854 1670 stabiliendam,
869 1600 903 1657 ut
919 1599 1004 1657 notat
1020 1590 1248 1678 StapletoniuS,
1266 1588 1356 1655 cuius

176 1705 269 1774 verba
287 1706 338 1775 hic
354 1709 465 1775 afferre
482 1713 745 1799 operaepretium
762 1712 866 1780 fuerit.

223 1831 350 1898 Scilicet
377 1832 416 1900 ad
443 1833 520 1901 illud
550 1836 675 1903 edaturn
702 1835 848 1925 Stephani
879 1836 955 1903 haec
987 1846 1143 1903 notaverat
1174 1832 1355 1902 Calvinus:

186 1958 378 2023 «Resistere
393 1958 536 2042 Spiritui
550 1964 702 2026 dicontur
725 1966 780 2048 qni
800 1966 834 2027 in
856 1962 1027 2046 Prophetis
1053 1964 1228 2046 loquentem
1250 1971 1359 2025 contn-

178 2084 313 2147 mnciter
328 2085 489 2150 reiicinnt.
507 2084 615 2169 Neque
638 2089 722 2151 enim
747 2088 784 2150 de
809 2089 936 2151 oroonis
958 2086 1203 2150 revelationibus
1223 2087 1275 2149 bio
1291 2086 1360 2166 opi-

182 2217 248 2285 ter,
266 2227 343 2290 qnos
367 2207 453 2272 Dens
476 2211 588 2292 cniqne
611 2211 697 2276 intos
714 2213 873 2294 inspirat,
890 2213 944 2275 sed
960 2212 997 2274 de
1013 2219 1143 2275 esterno
1159 2212 1339 2275 ministerio
1343 2234 1359 2291 5

181 2333 265 2414 qnod
290 2333 460 2413 ditipenter
482 2335 658 2399 notandum
686 2344 742 2398 est.
762 2360 775 2390 ι
799 2332 848 2400 Ad
873 2353 952 2422 quae
975 2332 1183 2421 Stapletonius
1212 2338 1357 2398 noster:

187 2484 200 2514 ‹
218 2455 403 2542 Diligenter,
430 2459 536 2542 inquit
539 2507 552 2541 ,
572 2455 632 2523 hoc
648 2457 746 2524 notari
764 2456 828 2524 vult
844 2457 1007 2534 Calvinus,
1028 2467 1062 2523 ut
1077 2454 1268 2522 Catholicam
1285 2455 1359 2522 doc·

180 2579 293 2647 trinam
315 2579 434 2661 eludat,
460 2600 552 2668 quam
577 2580 752 2648 Concilium
772 2581 989 2648 Tridentinnm
1013 2578 1119 2667 (Sess.
1145 2580 1202 2647 Vl.
1223 2580 1300 2668 Cap.
1326 2578 1360 2662 5)

181 2702 232 2772 his
248 2705 352 2772 uerbis
369 2705 544 2794 expressit:
561 2716 707 2791 inrepente
724 2708 789 2772 Deo
801 2727 855 2772 cor
867 2708 1004 2771 bominis
1018 2726 1078 2789 per
1089 2705 1235 2789 Spiritus
1248 2703 1362 2769 Soncti

181 2829 469 2911 illuminationem,
494 2832 739 2913 inspirationem
761 2831 852 2895 illam
873 2832 964 2893 bomo
986 2829 1121 2893 obiicere
1138 2837 1253 2912 potest.
1277 2827 1362 2893 llaec
1397 2911 1400 2923 Ι

181 2949 276 3037 igitur
305 2970 418 3017 aroana
445 2952 609 3032 revelatio,
641 2973 733 3041 quam
761 2953 847 3019 Deus
875 2953 989 3039 cuique
1021 2951 1170 3039 inspirat,
1200 2947 1291 3015 abiici
1322 2946 1362 3015 ab

182 3072 308 3141 homine
336 3086 454 3164 potest,
477 3087 507 3142 et
530 3075 568 3143 de
596 3097 631 3142 ea
652 3077 737 3166 loqui
765 3075 955 3165 Stephanum
982 3075 1097 3142 clarius
1121 3084 1186 3151 est,
1214 3092 1306 3162 quam
1328 3084 1363 3140 ut

183 3197 309 3286 probari
337 3219 463 3266 necesse
491 3200 542 3266 sit.
569 3200 622 3266 nit
648 3200 731 3266 enirn
751 3225 759 3266 ε
779 3200 924 3283 Spiritui
946 3200 1063 3265 Sancto
1087 3199 1248 3264 resistitis.
1274 3196 1363 3286 (lpus

183 3331 286 3389 autem
310 3323 445 3412 Spiritus
468 3323 572 3390 Sancti
597 3323 760 3411 proprium
783 3333 830 3390 est
851 3323 935 3389 intus
965 3341 1183 3400 commouere,
1207 3320 1273 3386 sive
1300 3339 1364 3386 me·

184 3449 286 3517 diaute
310 3448 539 3539 praedicatione
562 3449 791 3529 ecclesiastica,
809 3449 875 3515 sive
902 3448 1020 3536 absque
1047 3447 1110 3514 illa.
1137 3448 1216 3515 Saue
1240 3447 1272 3513 in
1296 3447 1363 3513 solo

185 3584 321 3641 externo·
337 3573 507 3641 ministerio
524 3573 583 3638 nisi
600 3573 734 3662 Spiritus
751 3574 882 3641 Sanctus
906 3594 960 3640 cor
976 3583 1095 3660 tangat,
1116 3572 1251 3662 Spiritus
1268 3571 1364 3638 Sanc-

187 3711 235 3767 tus
257 3700 290 3765 in
312 3700 382 3787 ipso
406 3697 549 3766 audiente
573 3698 650 3765 nihil
677 3710 846 3787 operatur:
866 3698 918 3766 ubi
936 3709 1039 3765 autem
1056 3697 1135 3764 nihil
1159 3707 1318 3787 operatur,
1336 3697 1364 3762 ei

189 3843 244 3890 nec
270 3823 439 3902 resistitur,
472 3843 529 3889 nec
556 3821 711 3890 obeditur.
742 3824 940 3911 Quicumque
972 3824 1066 3910 igitur
1096 3822 1226 3912 Spiritui
1254 3823 1366 3889 Sancto

190 3947 318 4028 resistit,
336 3967 398 4013 nou
424 3945 590 4035 Prophetis
614 3957 749 4026 tanturn,
775 3957 827 4014 aut
851 3945 1157 4036 praedicationibus,
1181 3944 1237 4012 sed
1257 3963 1367 4032 opera·

195 4117 360 4128 *—

224 4217 243 4282 1)
259 4217 373 4269 Constat.
386 4215 413 4266 id
424 4229 449 4265 v.
463 4228 488 4279 g.
504 4227 538 4264 ex
554 4212 669 4265 trident.
682 4214 752 4266 sess.
799 4229 879 4281 qnam
888 4215 1032 4266 resistitur.

196 4297 233 4348 Vl.
250 4299 311 4366 Cap.
325 4302 356 4362 5,
369 4304 395 4352 at
406 4301 469 4352 Can.
484 4300 527 4363 tv,
539 4304 566 4353 et
583 4316 617 4354 cx
631 4302 754 4354 damnata

197 4378 239 4433 heo
264 4383 376 4436 lansenii
402 4386 578 4451 propositione
598 4399 604 4434 :
631 4386 756 4438 Interiora·
834 4379 853 4444 ¹)
871 4377 995 4430 Antidota
1005 4376 1150 4443 npostotin
1163 4376 1189 4426 in
1205 4375 1262 4427 Act.
1276 4374 1369 4440 dpad

198 4465 293 4526 prutina
309 4467 340 4518 in
356 4472 428 4519 stotn
440 4473 555 4520 naturae
572 4467 666 4533 topsoe
681 4482 756 4519 nom·
802 4468 830 4521 h.
842 4470 861 4521 l.
