3074 5054
442 399 578 467 CAPUT
612 398 739 484 XVlll,
776 398 897 468 VERS.
934 398 1079 465 27—28.
1284 393 1349 463 lto

188 591 289 674 θηταις)
319 609 375 677 per
401 586 548 655 Achaiam
576 588 736 675 degentes,
761 599 794 655 ut
821 588 999 677 exciperent
1020 606 1103 653 eum.
1129 586 1190 672 Qui
1219 605 1290 651 oum
1311 587 1347 650 ed

187 715 354 778 advenisset
377 708 655 802 (παραγενομενος),
682 711 811 778 multum
832 715 957 797 proserit
976 707 1183 800 (συνεβαλετο)
1203 709 1349 792 fidelibus

185 836 255 926 (τοις
278 836 507 923 πεπιστευκοσι)
530 835 571 902 ibi
597 835 871 902 commorantibus.
902 837 979 902 Nam
1008 836 1131 926 publice
1158 837 1348 919 disputando

183 981 250 1028 oum
268 959 408 1037 ludaeis,
434 959 532 1026 valide
553 980 606 1027 eos
629 961 789 1044 refellebat
804 955 1092 1049 (διακατηλεγχετο),
1111 957 1348 1027 demonstrando

182 1105 236 1174 per
258 1103 362 1151 saunas
385 1084 426 1151 V.
453 1085 492 1151 T.
517 1083 711 1172 Scripturas,
734 1084 922 1172 promissum
945 1083 1090 1151 Messium
1116 1082 1181 1170 (τον
1204 1083 1347 1172 Χριστον)

181 1230 247 1277 esse
264 1212 367 1278 lesum
384 1210 589 1275 Nazarenum.
1420 1189 1422 1193 ¹

225 1335 407 1424 Προτρεπειν
431 1342 515 1400 notat
535 1337 712 1418 cohortari,
735 1337 907 1419 impellere.
926 1334 1074 1425 Xenoph.
1095 1336 1191 1402 Mem.
1211 1336 1256 1401 lll
1275 1360 1284 1401 z
1303 1337 1346 1401 5:

176 1482 246 1534 τους
261 1455 373 1552 ανδρας
395 1482 443 1522 em
467 1482 563 1523 ταυτα
580 1482 767 1550 προτρεπειν.
789 1459 905 1527 Eadem
929 1460 1151 1547 significatione
1177 1460 1248 1548 poni
1270 1458 1348 1525 solet

175 1582 270 1649 etiam
292 1581 429 1650 Medium
454 1583 687 1672 προτρεπεσθαι,
713 1592 746 1649 ut
769 1581 828 1649 hoe
850 1581 931 1648 loeo.
950 1582 1011 1649 Sed
1026 1582 1164 1650 Medium
1181 1583 1220 1650 ab
1236 1582 1344 1648 nativo

178 1709 306 1798 proprie
322 1706 381 1776 hoo
401 1708 492 1776 modo
515 1707 639 1775 differre
655 1707 745 1775 doeet
760 1707 927 1775 Fischerus
944 1707 1036 1795 (apud
1053 1708 1183 1775 Kuinoel
1200 1705 1288 1774 adh.
1308 1702 1346 1786 1.)

177 1832 218 1900 ad
233 1831 380 1921 Xenoph.
399 1830 555 1919 Cyroped.
571 1833 600 1897 ll
620 1857 627 1898 :
646 1834 680 1911 2,
698 1841 731 1898 nt
747 1853 919 1922 προτρεπειν
942 1831 1061 1898 dicatur
1077 1832 1122 1912 is,
1144 1830 1195 1918 qui
1213 1831 1345 1918 aliquem

179 1953 375 2033 eohortalur3
402 1955 617 2043 προτρεπεσθαι
638 1975 711 2020 vero
732 1954 776 2032 is,
798 1955 851 2043 qui
875 1953 1008 2043 aliquem
1032 1954 1209 2021 cohortatur
1234 1955 1291 2035 ita,
1313 1966 1347 2020 nt

181 2078 351 2147 cohortatio
368 2078 451 2146 utilis
467 2079 507 2145 sit
523 2091 551 2147 et
567 2080 703 2158 aneloni,
718 2089 748 2145 et
763 2078 790 2144 ei
805 2080 857 2167 qui
881 2079 920 2146 ad
935 2079 1050 2168 aliquid
1067 2078 1246 2167 impellitur.
1266 2077 1346 2147 Vide

181 2203 328 2292 Xenoph.
352 2205 447 2270 Mem.
473 2204 518 2271 lV
542 2227 549 2264 ε
574 2207 610 2285 5;
635 2205 707 2292 Sap.
731 2205 810 2273 XlV
831 2225 838 2266 :
861 2205 914 2272 l8.
933 2243 976 2250 -
998 2207 1019 2271 ἓ
1038 2206 1137 2271 lllaoo.
1156 2205 1203 2270 Xl
1223 2223 1230 2264 :
1250 2206 1283 2270 7.
1302 2243 1345 2252 -

183 2325 412 2415 Συμβαλλεσθαι
435 2328 551 2416 (Med.)
578 2332 721 2415 conferre
748 2328 786 2396 de
814 2349 888 2405 sue,
911 2332 1128 2393 adiumentum
1151 2331 1276 2411 offerre,
1302 2367 1345 2376 -

182 2458 281 2525 Voces
304 2453 356 2520 drot
376 2481 426 2530 της
447 2461 583 2545 χοιριτος1
602 2455 674 2540 (per
694 2458 830 2539 prolium
855 2456 931 2543 net)
954 2456 1105 2522 iunxerim
1127 2476 1198 2521 oum
1219 2450 1344 2539 συνεβα-

182 2576 257 2645 λετο.
276 2581 345 2662 Epo
359 2582 521 2662 plantavi,
540 2579 581 2644 ait
597 2578 763 2667 Apostolus
779 2578 809 2659 (l
831 2578 904 2644 Cor.
924 2579 969 2644 lll
989 2599 996 2639 τ
1017 2577 1060 2658 6),
1078 2580 1193 2663 Apollo
1210 2581 1341 2662 emovit,

183 2705 262 2769 lleuu
285 2714 390 2769 nartem
417 2707 644 2769 incrementum
664 2706 762 2769 dedit.
781 2741 824 2750 -
841 2704 1031 2791 Praepositio
1054 2699 1106 2766 dua
1128 2704 1158 2769 in
1183 2725 1257 2770 rone
1278 2699 1345 2767 dua-

181 2827 409 2918 κατελεγχεσθαι
425 2839 582 2893 certamem
598 2836 752 2895 connotat.
767 2827 896 2893 Dalivus
912 2851 973 2901 τοις
988 2824 1136 2901 laudatae
1153 2839 1199 2894 esl
1214 2827 1343 2894 Dalivtls

181 2953 379 3035 directionis,
401 2951 440 3019 de
456 2972 517 3040 qno
533 2951 603 3018 vide
623 2952 679 3019 Gr.
700 2969 768 3039 pag.
788 2952 866 3019 208.
888 2953 918 3017 l.

212 3210 230 3275 ¹)
240 3209 466 3261 Vnu.nnor.Vooes
475 3193 526 3259 dm
537 3221 587 3271 της
599 3218 735 3285 χαριτος,
783 3209 810 3260 in
830 3211 947 3262 versione
967 3210 1083 3274 Syriaca,
1102 3211 1198 3274 pariter
1217 3210 1343 3261 absunta

180 3308 245 3362 quae
263 3296 290 3346 in
305 3295 412 3361 Vulgata
434 3309 485 3346 non
504 3295 636 3360 leguntur,
651 3298 679 3346 ut
690 3308 738 3346 nee
784 3293 845 3345 Cod.
858 3294 879 3344 D
892 3297 918 3344 ot
929 3292 1061 3344 nonnullis
1075 3292 1234 3344 llliunsonlis
