3074 5054
517 375 655 444 CAPUT
689 376 770 456 Vll,
806 376 928 445 VERS.
967 379 1010 445 55
1284 375 1351 446 205

178 572 258 637 lesus
285 577 436 649 stantem,
461 566 626 634 immortali
655 586 712 634 suc
741 586 873 655 corpore
901 565 1068 634 indutum.
1094 566 1241 635 Stantem
1269 568 1352 636 videt

178 695 273 761 lesum
295 692 488 782 Stephanus,
513 703 605 780 atque
628 692 669 760 ita
695 712 728 758 se
750 693 1006 781 conspiciendum
1028 695 1115 761 lesus
1137 694 1183 760 illi
1209 694 1348 783 praehet.

184 849 196 879 ι
221 819 261 886 Ut
289 837 376 885 suam
405 817 450 883 illi
479 815 614 884 declaret
642 816 895 904 opitulationem,
925 817 1026 905 iuquit
1053 816 1290 895 oecumenium,
1321 829 1351 884 ct

178 965 310 1032 maguam
326 964 384 1011 suo
400 941 531 1010 athletae
554 941 670 1009 tribuat
685 942 893 1019 alacritatem,
912 941 1089 1009 auxiliantis
1105 941 1228 1010 habitus
1245 954 1349 1010 osteu-

177 1067 298 1135 ditur.»
328 1068 368 1132 Et
389 1070 424 1138 S.
449 1066 620 1153 Gregorius
643 1061 749 1144 (Hom.
773 1067 853 1132 XIX
874 1066 906 1131 in
934 1068 1060 1132 Festum
1089 1065 1346 1155 adscensiouis):

184 1193 342 1276 «Sedere,
360 1192 479 1281 iuquit,
496 1193 669 1258 iudicaretis
689 1200 752 1274 est,
771 1200 858 1256 stare
879 1211 955 1256 cero
977 1194 1170 1275 pecccatis,
1187 1194 1236 1258 uel
1258 1194 1351 1257 odiu·

177 1318 286 1381 coatia.
304 1315 483 1399 Stephanus
497 1325 632 1380 stactem
647 1317 748 1396 cidit,
766 1336 857 1400 quem
874 1317 1054 1381 adiutorem
1069 1318 1189 1382 haberit.
1211 1344 1224 1374 n

217 1441 258 1504 Et
273 1442 342 1504 cit:
358 1441 439 1504 Ecce
454 1441 543 1504 video
560 1441 657 1504 coelos
672 1450 798 1522 opertos
814 1448 844 1503 ct
859 1440 966 1522 filium
982 1442 1131 1519 hominia,
1147 1440 1235 1526 oto.).
1255 1437 1350 1506 Modo

177 1562 344 1652 Stephanus
368 1561 570 1651 popularibus
586 1563 652 1629 suis
673 1561 909 1649 Christicidium
933 1563 1192 1652 exprobraverat3
1212 1563 1273 1630 iam
1290 1565 1350 1630 im-

178 1690 354 1777 perterritus
371 1690 473 1755 lesum
489 1688 682 1755 Nazarenum
706 1687 768 1754 illis
792 1686 950 1776 praedicat
966 1698 1028 1755 eta
1045 1700 1143 1756 morte
1159 1690 1345 1768 excitatum,

178 1824 204 1880 et
216 1813 349 1902 gloriosa
364 1813 593 1881 immortalitate
608 1812 790 1880 lrueuteml.

217 1943 313 2007 coeloe
329 1938 484 2028 opertos).
505 1939 610 2005 Coelos
634 1938 686 2006 hio
702 1937 797 2027 aliqui
822 1938 995 2027 intelligunt
1011 1938 1132 2007 coelum
1150 1944 1277 2004 atreum
1284 1991 1297 2024 ,
1317 1940 1348 2006 iu

179 2082 234 2149 quo
254 2063 371 2145 nubes,
390 2062 522 2143 imbres,
540 2062 686 2150 ventique
708 2071 875 2149 coguntur3
897 2062 981 2150 quod
1006 2061 1126 2129 coelum
1151 2061 1350 2150 distinguitur

179 2203 194 2250 a
214 2187 298 2256 coelo
321 2188 444 2253 stellato
464 2185 579 2275 (Marc.
603 2186 707 2252 Xlll:
727 2183 798 2272 25),
817 2195 880 2252 eta
904 2189 998 2252 tertio
1020 2185 1074 2252 illo
1096 2188 1181 2251 coelo
1200 2184 1231 2274 (ὁ
1252 2209 1351 2279 space

180 2313 321 2400 ουρανος),
339 2311 405 2377 siva
428 2331 594 2394 empyreo,
612 2307 696 2397 quod
720 2318 766 2376 est
787 2311 950 2376 tectorum
971 2311 1073 2393 seder,
1093 2329 1154 2396 quo
1177 2320 1299 2397 raptum
1317 2330 1350 2376 so

181 2431 268 2500 luisse
283 2432 393 2500 scribit
404 2432 573 2521 Apostolus
586 2435 606 2501 2
619 2434 692 2500 Cor.
707 2434 770 2499 Xll
787 2458 794 2500 :
810 2436 842 2501 2.
857 2434 994 2509 A'e'reum
1010 2443 1112 2499 autem
1129 2433 1206 2500 illud
1223 2433 1346 2500 coelum

181 2554 241 2623 ideo
264 2556 326 2624 dici
351 2569 499 2641 apertam
522 2560 622 2642 foisse
638 2554 856 2646 (coepppmoo)
871 2554 966 2623 iidem
989 2556 1183 2634 existimant,
1202 2555 1286 2644 quod
1302 2558 1349 2621 oi·

176 2681 299 2746 'laetor
316 2680 415 2748 scindi
433 2691 463 2746 et
478 2681 566 2768 quasi
583 2680 717 2769 aperiri,
735 2679 858 2769 quaudo
878 2679 999 2746 divinae
1023 2680 1114 2746 istius
1130 2679 1209 2746 lucis
1226 2678 1349 2747 claritas

182 2798 257 2885 (δοξα
273 2803 370 2894 Θεου)
387 2805 595 2894 promicabat,
614 2811 702 2885 aire,
717 2815 752 2872 ut
766 2805 804 2872 ad
820 2804 959 2893 fulgura,
977 2805 1070 2872 veluti
1087 2804 1256 2872 hiasceute.

219 2931 277 2998 Sed
301 2931 431 2998 sortasse
448 2931 526 2999 coeli
548 2931 600 2998 hic
623 2930 813 3019 intelligendi
836 2942 908 2999 suot
934 2934 1050 2998 coelom
1073 2952 1256 3016 empyreum
1284 2929 1348 2997 sire

181 3055 255 3119 seces
272 3055 446 3120 beatorum.
466 3056 510 3121 lta
527 3055 619 3122 sentit
640 3055 803 3122 Cornelius
826 3075 844 3121 a
869 3055 986 3144 Lapide
1001 3054 1056 3143 (ad
1081 3054 1114 3122 h.
1140 3054 1189 3143 1.).
1216 3053 1345 3132 «Dico,

182 3176 294 3262 lupuit,
313 3177 417 3246 coelos
434 3177 486 3245 hic
502 3178 563 3245 dici
586 3178 613 3245 ci
639 3178 735 3246 luisse
756 3198 816 3244 ooo
841 3180 975 3259 scissos,
1001 3176 1056 3245 sed
1079 3187 1219 3265 apertos,
1233 3176 1266 3243 id
1283 3187 1347 3258 est,

182 3311 326 3386 patentem
346 3303 420 3393 quia
435 3303 583 3369 nimirum
609 3303 717 3371 oculus
741 3303 808 3369 eius
829 3323 885 3391 per
905 3303 964 3369 Dei
989 3323 1175 3370 concursum
1198 3321 1348 3390 superua-

182 3431 301 3498 turalem
318 3431 473 3512 elevatuS‚
492 3430 595 3499 coelos
620 3451 727 3499 omnes
748 3434 841 3517 cocci
862 3441 999 3521 patentes
1022 3431 1210 3520 penetravit,
1229 3441 1258 3497 et
1275 3450 1347 3519 por-

182 3566 274 3623 rectus
290 3555 463 3645 scitusque
479 3556 518 3624 ad
541 3555 661 3623 coelum
678 3575 878 3644 empyreum,
896 3567 931 3623 ut
946 3556 978 3622 iu
1002 3576 1039 3623 eo
1056 3555 1139 3623 clare
1155 3556 1348 3644 perspiceret

184 3746 343 3760 ὴ·-

208 3871 225 3938 1)
240 3874 319 3925 C⁰f11·
339 3887 355 3925 ἃ
372 3873 512 3939 Lapidaad
533 3873 560 3924 h·
578 3873 595 3924 l·
620 3872 736 3940 Stepha-
783 3894 943 3963 mcpccppp,
961 3895 994 3936 το
1012 3895 1065 3936 του
1090 3868 1266 3957 {lonicorum
1282 3897 1347 3937 επι-

182 3964 224 4005 nus
234 3995 239 4017 ‚
250 3957 349 4023 iuquit,
366 3957 433 4008 vidit
445 3957 529 4008 lesum
541 3960 653 4009 stantem
664 3958 736 4009 iuxta
783 3960 933 4028 δίωνται
955 3987 1074 4050 awa,

182 4033 279 4096 gloriam
294 4040 356 4102 Dei,
372 4039 398 4090 id
415 4042 469 4103 est,
488 4041 562 4092 iuxta
581 4040 664 4092 Deum
685 4040 737 4092 Pa·
816 4065 872 4131 ³)S.
886 4064 946 4118 Chr·
960 4068 1033 4117 Hom¹
1046 4064 1128 4117 XVffl
1140 4065 1166 4115 in
1178 4068 1234 4116 Act·
1248 4064 1346 4118 adh.l.

182 4122 246 4176 lem·
783 4129 895 4207 Eretria
926 4155 1017 4198 ειπων
1041 4156 1106 4224 περι
1133 4156 1187 4196 του
1216 4133 1345 4196 &comaco

209 4236 226 4302 ¹)
254 4238 395 4291 Oecumcu.
430 4239 463 4291 ad
490 4239 517 4290 h.
541 4239 559 4291 Ι.
583 4219 735 4312 ‘laetam
784 4248 896 4309 μονον,
926 4247 993 4314 περι
1031 4247 1225 4298 auctorato-arag
1261 4221 1345 4288 ουδεν

182 4331 225 4383 την
239 4311 397 4402 αντιληψιν
421 4337 473 4388 την
495 4338 535 4389 εις
559 4337 667 4391 curor,
685 4338 741 4377 και·
783 4311 938 4402 διελεχθη,
957 4338 1008 4377 και
1024 4339 1111 4379 τουτο
1129 4313 1232 4379 λοιπον
1245 4339 1346 4378 ευκαι-

182 4399 285 4479 collar
301 4429 345 4490 τῳ
361 4401 473 4493 αθλητῃ
492 4429 543 4479 την
567 4405 735 4498 προθυμιαν
782 4429 841 4496 ρως
856 4406 1035 4495 προστιθησι
1053 4430 1087 4470 το
1103 4402 1216 4496 loppa.
