3074 5054
175 371 242 436 tut
516 371 650 439 ACTUS
684 366 1016 453 APOSTOLORUM,

174 569 267 648 atque
289 557 437 627 hactenus
461 561 635 629 Concilium
659 562 759 650 legem
783 564 895 632 tulerat
918 563 996 631 iuris
1022 564 1251 647 Ecclesiastici3
1274 588 1357 656 quae

174 682 225 750 lex
248 683 388 772 abrogari
415 685 533 774 potuit,
548 694 597 767 et,
615 685 699 774 qnod
724 707 764 753 ex
789 688 950 756 Ecclesiae
972 688 1197 757 consuetudine
1213 702 1354 773 constat,

174 828 284 897 reapse
298 808 443 897 abrogata
459 820 517 878 est.
536 812 605 897 Qua
623 810 662 878 de
678 832 713 879 re
731 811 858 900 legenda
883 824 930 880 est
952 813 1070 880 Natalis
1092 814 1261 883 Alexandri
1279 818 1355 882 Dis-

172 934 304 998 sertatio
320 934 358 998 de
373 934 566 1000 abstinentia
581 956 601 999 a
616 937 769 1019 sanquine
785 946 815 1001 et
831 958 851 1001 o
866 932 1055 1019 suffocetis&

221 1175 368 1244 50-5t.
393 1176 454 1242 Ilii
475 1197 548 1261 erpo
563 1177 707 1261 dimissi,
722 1174 813 1264 etc).
833 1177 943 1257 ludas,
961 1176 1058 1259 Silas,
1075 1178 1213 1258 Paulus,
1231 1189 1262 1246 et
1278 1181 1356 1247 Bar·

175 1299 270 1368 nabas
294 1300 355 1388 (vs.
373 1297 433 1387 nn)
449 1319 521 1367 curn
541 1298 687 1368 decretali
713 1300 765 1368 illa
785 1301 916 1390 epistola
936 1300 1056 1369 dimissi
1081 1311 1232 1368 venerunt
1247 1281 1357 1372 Antio-

175 1423 295 1507 chiam3
323 1425 375 1493 nbi
404 1447 500 1511 qoem
526 1425 753 1493 multitudinem
778 1424 917 1493 fidelium
939 1437 1182 1509 conprepossent
1207 1426 1358 1516 (cveapa-
1404 1492 1409 1500 ,

174 1573 285 1639 porres.
307 1549 389 1618 Vide
412 1568 506 1638 snpra
525 1548 564 1616 ad
588 1550 665 1639 Cap.
683 1550 713 1619 V
733 1573 741 1616 ε
761 1549 830 1629 nt),
849 1549 1011 1639 epistolam
1030 1548 1233 1618 tradiderunt.
1253 1553 1356 1638 Quam

176 1693 247 1740 cnm
271 1672 435 1760 legissent,
463 1672 560 1760 gavisi
583 1684 656 1741 snnt
682 1675 720 1738 de
747 1676 958 1741 consolatione
983 1673 1043 1756 (επι
1068 1699 1104 1762 τῃ
1133 1672 1356 1765 παρακλησει),

176 1817 269 1886 quarn
292 1798 480 1865 continebat.
500 1798 628 1886 ‘Nempe
656 1817 766 1885 magno
794 1797 903 1865 solatio
932 1799 995 1866 illis
1018 1809 1101 1882 erat,
1120 1819 1203 1866 nunc
1219 1799 1357 1889 Spiritus

175 1919 278 1987 Sancti
300 1921 426 1989 oraculo
442 1919 606 1999 didicisse,
625 1921 752 1988 minime
774 1921 974 1990 subeundum
990 1921 1051 1989 sibi
1068 1941 1138 1988 csse
1154 1921 1260 2009 iugum
1278 1922 1356 2012 legis

177 2045 331 2114 Mosaicae
347 2044 530 2113 adsalutem
547 2045 763 2133 Evangelicam
780 2047 1042 2137 consequendam.

220 2293 277 2360 52.
301 2295 403 2360 Iudas
426 2304 529 2360 cortem
554 2304 584 2360 et
600 2294 685 2360 Silus
701 2303 731 2359 et
748 2294 814 2375 ipsi
837 2311 909 2356 com
933 2300 1036 2357 essent
1056 2287 1355 2375 prophetarentur.

176 2438 272 2506 quum
296 2420 391 2484 etium
407 2421 473 2504 ipsi
487 2417 554 2509 (και
570 2415 686 2507 acroi),
704 2417 785 2484 sicut
801 2416 846 2483 illi
864 2416 916 2506 qui
935 2417 1012 2505 Cap.
1031 2415 1135 2481 Xlll':
1157 2416 1169 2481 l
1192 2434 1358 2482 recensen-

175 2551 239 2622 tur,
265 2554 367 2608 essent
387 2545 560 2627 prophetoe
582 2541 750 2631 (προφηται
773 2537 881 2627 οντες),
900 2539 922 2604 i.
942 2558 971 2604 e.
997 2535 1180 2628 prophetiae
1200 2535 1358 2603 charisma

176 2667 274 2754 (Vide
298 2689 392 2758 supra
417 2669 456 2737 ad
477 2670 554 2759 Cap.
582 2670 629 2736 XI
652 2691 659 2733 :
683 2667 742 2754 it)
767 2664 934 2745 haberent,
960 2676 1115 2753 tamquam
1140 2663 1216 2730 tales
1236 2667 1358 2731 crebris

170 2796 371 2860 sermonibus
387 2790 453 2876 (ito
469 2791 584 2858 πολλου
601 2791 702 2882 λογον)
721 2791 925 2858 Christianos
943 2789 1155 2856 Antiochenos
1168 2789 1249 2874 (τους
1265 2785 1357 2854 αδελ-

179 2916 266 3008 φους)
282 2921 440 2983 emitoriaii
461 2927 535 2984 sithi
558 2913 801 3006 (παρεκαλεσαν,
819 2924 853 2981 ut
872 2913 950 2979 infra
968 2915 1043 3002 Cap.
1065 2914 1153 2980 XX:
1170 2909 1215 2992 2),
1233 2933 1358 2981 eorum-

179 3062 240 3131 que
266 3014 387 3110 animos
413 3042 452 3110 ad
485 3052 675 3109 constantem
707 3038 902 3108 Christianae
936 3036 1096 3125 religionis
1129 3036 1356 3126 professionem

177 3165 410 3234 confirmarunt.

171 3407 173 3410 ’
223 3410 368 3476 {ts-st.
393 3409 491 3475 Facto
512 3419 616 3474 cutem
640 3408 686 3474 idi
709 3408 870 3493 oliqimnto
893 3415 1049 3489 tempore,
1071 3400 1160 3489 etc).
1186 3402 1358 3491 Postquam

178 3536 270 3604 ludas
287 3515 317 3603 et
332 3536 412 3604 Silas
432 3539 629 3623 aliquamdiu
651 3533 788 3626 (χρονον,
807 3554 863 3598 een
880 3530 951 3620 trid)
972 3529 1155 3598 Antiochiae
1173 3530 1356 3598 commorati

178 3670 297 3741 essent,
326 3680 344 3727 a
372 3672 462 3728 coetu
489 3658 627 3727 fidelium
656 3659 740 3748 (απο
768 3645 827 3721 ’των
856 3652 1017 3747 adelperti)
1046 3656 1125 3720 iussi
1150 3655 1226 3719 isne
1253 3655 1359 3719 coiere

177 3783 263 3873 (μετ’
290 3786 441 3874 ειρηνης),
470 3786 600 3849 dimissi
626 3787 702 3849 sunt
728 3779 976 3869 (απελυθησαν),
1011 3777 1079 3845 data
1112 3775 1174 3842 illis
1207 3786 1358 3864 potestate

177 3906 344 3988 redeundi,
363 3907 388 3973 si
417 3908 548 3987 vellent,
573 3910 615 3974 od
642 3929 692 3974 eos
719 3909 774 3993 qui
799 3909 955 3972 miserant
985 3904 1057 3968 iilos
1080 3897 1169 3989 (προς
1190 3921 1261 3974 τους
1283 3917 1358 3964 απο-

158 4026 354 4103 ’στειλαντας
370 4027 518 4118 acrone).
544 4028 624 4096 Silas
641 4039 742 4095 tamen
765 4026 873 4095 maluit
893 4023 1077 4093 Antiochiae
1098 4039 1278 4103 remanere;
1297 4040 1357 4110 qno

210 4255 229 4321 ¹)
239 4256 345 4320 Legitur
354 4255 380 4307 in
391 4255 523 4308 zaccarias
530 4253 653 4308 Thesauri
663 4255 743 4308 Theo·
789 4256 817 4307 in
829 4255 877 4306 loc.
891 4253 1036 4306 difficiliora
1050 4247 1091 4314 (ad
1102 4247 1130 4300 h.
1142 4247 1182 4314 1.).

176 4345 250 4409 logici
269 4350 339 4398 tomo
355 4345 410 4398 Vll.
428 4345 493 4397 Vide
513 4347 591 4398 etiam
609 4346 743 4399 Salmero-
816 4344 837 4406 ¹)
848 4343 912 4393 Vna.
924 4341 1051 4393 mccl‘m
1063 4321 1355 4406 accersionglegitur

176 4438 350 4500 nemnem.
369 4436 743 4504 trinacr.a12.‚otnsuum
789 4415 1030 4490 αποστειλαντας
1068 4439 1178 4490 errove
1211 4432 1239 4483 tn
1276 4431 1352 4489 nott.
