3074 5054
474 383 612 452 CAPUT
646 385 710 464 ΙΙΙ,
747 386 868 455 VERS.
910 386 1053 455 rt-ao.
1317 389 1355 455 9Ι

175 585 239 642 tem
264 583 407 642 nostmm
422 593 609 663 sequamur,
635 572 802 642 dicendum
826 576 902 657 erit,
928 597 997 645 esse
1020 576 1074 644 hic
1096 571 1359 655 conreconditor,

176 717 249 766 nam
265 697 405 766 Protasis
417 709 454 764 tet
470 719 540 763 eum
556 699 755 763 venerint-
768 702 1018 784 prophetarunt,
1037 719 1093 766 sua
1108 709 1193 765 caret
1206 700 1362 784 Apodori.

178 821 244 908 Ego
260 840 353 901 vero,
372 821 430 888 etsi
453 830 577 910 gravate
598 820 773 890 istiusmodi
797 819 1033 888 αιαιταποδατα
1062 822 1145 902 iero,
1175 831 1277 888 tamen
1304 842 1360 911 pu·
1466 905 1468 912 ἲ

178 959 242 1014 tem
257 946 434 1015 iaciendum
450 947 502 1015 hic
518 968 587 1015 esse
610 967 683 1015 cum
705 958 810 1016 nostro
827 950 1012 1039 Interprete.
1030 949 1141 1038 Neque
1155 947 1239 1014 enim
1254 947 1358 1029 video,

178 1089 312 1160 quanam
333 1070 395 1138 alia
422 1071 541 1139 ratione
565 1070 749 1159 perspicuus
774 1071 887 1159 aliquis
914 1091 1025 1138 sensus
1051 1091 1091 1137 ex
1113 1071 1268 1159 praesenti
1292 1070 1360 1140 looo

180 1196 247 1262 erui
264 1196 374 1284 possit.
393 1195 473 1263 Nam
489 1195 516 1262 si
532 1194 571 1262 ab
587 1197 761 1284 Interprete
784 1205 892 1263 nostro
916 1194 1075 1274 discedas,
1102 1194 1190 1262 locus
1214 1191 1267 1261 hic
1291 1194 1360 1263 red·

180 1321 300 1391 dendus
315 1333 364 1390 est
379 1332 430 1389 aut
446 1320 507 1389 hoe
524 1321 616 1389 modo
632 1343 640 1385 :
660 1343 696 1387 nr
709 1343 802 1389 roure
819 1323 912 1411 (ὁπως
936 1320 989 1410 αι)
1003 1324 1134 1387 veniant
1151 1332 1295 1404 tempora
1310 1343 1361 1386 re·

179 1448 353 1531 (riperii...
378 1455 409 1510 et
429 1447 580 1512 mittat...
603 1445 714 1510 Iesum
738 1445 923 1526 Christum,
943 1455 996 1511 aut
1022 1444 1068 1512 sio
1092 1463 1100 1505 :
1127 1463 1361 1520 onnunocuuoun

181 1571 276 1658 (ὁπως
292 1565 345 1656 αι)
361 1570 532 1634 veniant...
551 1578 581 1632 et
595 1570 746 1634 mittat...
772 1567 833 1635 Sed
852 1566 892 1635 ad
915 1568 1053 1657 priorem
1076 1555 1361 1655 interpretationem

184 1691 266 1780 quod
293 1691 420 1772 attinet,
446 1690 589 1779 equidem
617 1691 746 1758 minime
771 1691 934 1780 concipio,
961 1710 1096 1780 quonam
1124 1689 1247 1757 tandem
1271 1688 1364 1757 modo

183 1817 260 1898 linis
281 1813 487 1903 poenitentiae
503 1825 533 1880 et
548 1813 667 1903 peccati
688 1811 781 1880 deleti
805 1833 874 1881 esse
898 1813 996 1902 possit
1015 1834 1050 1879 nr
1073 1815 1202 1879 uenient
1224 1822 1366 1896 tempora

184 1940 349 2022 resriperii
365 1948 396 2003 et
409 1940 497 2004 Deae
513 1941 618 2004 mittat
635 1937 813 2004 Christum.
832 1936 1009 2005 Secundum
1025 1936 1153 2004 alteram
1178 1956 1251 2003 vero
1272 1936 1366 2003 inter·

179 2059 387 2148 wpretationem
414 2060 581 2129 dicendum
608 2069 708 2140 esset,
732 2059 829 2127 deleri
853 2068 979 2148 peccata
1006 2080 1064 2135 ono
1087 2080 1221 2126 murone
1244 2061 1365 2125 venerit

186 2188 391 2270 relre'periam
413 2184 509 2266 illud,
534 2197 564 2252 et
585 2187 670 2251 Dens
692 2187 822 2251 miserit
851 2185 1036 2269 Christum,-
1057 2185 1142 2274 atqui
1170 2184 1254 2251 nulla
1279 2204 1366 2252 mora

186 2310 467 2398 peccata-delentur
481 2310 521 2378 ad
536 2309 757 2400 poenitentiam
773 2319 804 2376 et
818 2309 1048 2398 susceptionem
1064 2307 1222 2396 baptismi.

231 2435 317 2520 Quae
341 2455 437 2523 quum
461 2435 502 2501 ita
525 2435 606 2513 sint,
625 2436 830 2524 lnterpretem
846 2443 987 2500 nostrum
1011 2440 1155 2511 secutus,
1170 2430 1296 2499 admitto
1314 2430 1366 2498 hic

187 2555 441 2637 ανανταποδοτοι,
459 2569 564 2649 atque,
581 2559 684 2627 addita
699 2557 851 2648 Apodosi,
872 2558 975 2624 locum
992 2555 1038 2623 sic
1053 2555 1139 2642 lego,
1158 2556 1245 2643 quasi
1263 2556 1364 2644 scrip·

187 2693 250 2749 tum
266 2693 347 2750 esset
362 2709 370 2750 :
388 2693 441 2764 ut,
460 2705 531 2749 cum
547 2687 691 2754 venerint
704 2722 748 2733 -
766 2685 1013 2767 prophetarunt,
1030 2692 1083 2759 nt,
1101 2684 1249 2766 inquam,
1268 2683 1365 2747 etione

125 2863 128 2867 .
185 2826 238 2871 voe
254 2815 321 2871 tunt
335 2809 370 2871 in
385 2809 555 2891 resriperio
570 2807 654 2872 citio.

231 2940 371 3015 temporo
398 2930 592 3018 resriperii).
621 2932 726 3017 Quum
756 2940 900 3014 temporo
927 2929 1096 3013 resriperii
1122 2924 1175 2992 hic
1202 2926 1366 3014 iungantur

185 3075 258 3123 oum
273 3056 389 3124 Christi
405 3055 537 3124 adventu
561 3055 718 3136 secundo,
737 3065 877 3139 ternpore
892 3055 1058 3138 resriperii
1073 3050 1273 3137 intelligimus
1288 3061 1365 3118 tem-

187 3198 264 3268 pora
278 3180 348 3261 illa,
364 3170 447 3269 ‘quae
459 3173 655 3268 concipimus
671 3179 774 3246 lutura
796 3188 868 3268 post
882 3175 989 3243 mundi
1008 3173 1122 3253 finem,
1137 3172 1260 3261 quando
1277 3174 1366 3242 iustis

187 3323 205 3371 a
228 3314 327 3372 morte
351 3303 498 3372 redivivis
522 3303 659 3391 obtinget
681 3302 755 3370 telin
778 3301 832 3368 illa
855 3322 955 3374 ανεσις
977 3298 1043 3365 sive
1065 3300 1222 3363 retortorio
1242 3307 1295 3364 aut
1316 3318 1366 3362 re·

187 3433 290 3517 quiec,
309 3449 402 3518 quam
418 3428 480 3496 illis
502 3429 655 3519 promittit
672 3428 788 3496 Paulus
810 3432 845 3493 in
867 3428 1060 3492 revelatione
1082 3425 1214 3490 Domini
1236 3425 1313 3490 Iesu
1329 3427 1367 3490 de

187 3555 268 3618 coelo
283 3574 356 3618 curn
372 3553 504 3637 Arrpelio
520 3554 652 3618 uirtutis
666 3555 746 3620 eino.
765 3549 878 3617 Confer
894 3552 914 3617 Ι
931 3546 1074 3616 Thessal.
1094 3547 1108 3613 Ι
1128 3571 1135 3613 :
1155 3549 1189 3626 7,
1208 3545 1261 3635 qui
1279 3546 1367 3614 locus

189 3676 281 3745 huius
303 3677 364 3744 looi
389 3677 554 3766 parallelus
580 3687 644 3758 est,
666 3677 830 3765 eidemque
852 3676 953 3743 lucem
971 3673 1111 3742 affundit.
1131 3674 1238 3761 ltaque
1254 3672 1366 3738 intelli-

186 3800 269 3888 gitur
287 3797 446 3867 inchoatio
469 3798 641 3868 felicissimi
662 3800 747 3868 illius
770 3800 855 3881 aevi,
875 3819 937 3888 quo
961 3800 1047 3864 Dens
1071 3799 1223 3879 obsterpet
1244 3816 1367 3861 omnem

189 3927 363 4009 lacrymam
382 3924 420 3988 od
446 3927 544 3990 oculis
567 3925 737 4006 iustorum3
765 3944 826 4014 quo
849 3944 937 3989 neore
961 3926 1050 3989 nitro
1074 3942 1137 3987 non
1164 3922 1368 4005 erit,·neqne

189 4049 290 4113 luctus
301 4097 310 4128 ,
329 4068 429 4132 neque
453 4050 586 4128 clamor,
604 4069 702 4134 neque
725 4043 925 4133 domnonia
944 4049 1052 4131 primo
1072 4047 1238 4123 obierunt,
1256 4062 1316 4131 quo
1339 4043 1367 4106 io

189 4174 247 4257 qui
266 4175 353 4238 redet
376 4173 412 4236 in
436 4174 548 4237 throno
570 4171 710 4240 dicturus
734 4183 804 4240 est:
826 4175 906 4238 Ecce
923 4193 1004 4238 nooo
1024 4174 1105 4257 socio
1126 4172 1245 4236 nennio.
1264 4168 1364 4256 Apoc.

190 4297 298 4363 XXI:
324 4296 365 4375 l,
392 4296 425 4362 5.
452 4295 523 4364 Vox
543 4295 687 4385 αναψυξις
707 4296 835 4386 proprie
860 4305 944 4362 notat
968 4297 1231 4380 respirationem,
1257 4287 1368 4358 deinde

191 4424 417 4488 recreationem
432 4444 452 4487 o
468 4424 626 4489 laboribus
645 4434 675 4489 et
691 4423 936 4508 afflictionibus,
953 4431 1006 4489 aut
1021 4421 1166 4489 universe
1180 4428 1298 4486 statum
1321 4419 1341 4500 s
1354 4452 1368 4465 -

193 4549 282 4614 tieem
294 4557 365 4633 post
381 4569 550 4614 oernntnns
567 4561 597 4616 et
613 4550 731 4616 labores
746 4551 933 4615 exantlatos.
