3074 5054
217 361 283 430 582
569 359 703 427 hcnns
740 353 1074 440 APOSTOLORUM,

212 550 411 619 Nostrctihus
434 561 563 618 vocatur
585 552 637 617 het
659 553 823 616 hramzeil.
854 549 968 618 Velum
992 549 1069 618 illud
1094 551 1177 639 quod
1201 553 1240 620 etl
1265 555 1400 643 puppim

214 674 300 742 navis
317 684 364 740 est
383 673 437 762 (ule
452 675 569 738 bezeco
597 673 643 739 vel
670 676 721 740 leet
749 671 970 760 schooerzeit),
1000 671 1146 762 quodque
1174 674 1256 743 Gelli
1285 695 1402 743 vocare

215 799 314 865 solent
331 802 363 864 tc
379 800 459 863 ooite
476 800 514 862 de
532 800 713 880 t’urtimou,
733 795 809 863 illud
826 795 955 864 Graecis
971 795 1101 885 proprio
1124 798 1250 864 nornine
1273 796 1402 866 diceba-

215 930 266 987 tur
292 916 454 1010 επιδρομον
480 918 614 1004 (tcum).
647 916 825 1004 Hesychius
849 919 933 982 certe
956 915 1078 996 scribit,
1103 909 1268 1006 επιδρομὸν
1285 918 1346 985 dici
1363 943 1400 983 το

216 1046 310 1106 ἱστιον
333 1066 367 1106 το
391 1063 420 1104 εν
444 1065 479 1130 τῃ
502 1063 624 1131 πρυμνῃ
648 1061 848 1128 κρεμαμενον.
864 1077 909 1087 -
925 1039 1076 1124 Κατεχειν
1100 1038 1169 1104 scil.
1188 1062 1222 1103 το
1243 1037 1348 1103 uictor
1365 1042 1400 1107 in

216 1184 251 1230 re
268 1164 388 1230 nautico
406 1162 521 1229 dicitur
538 1162 575 1230 de
591 1164 758 1246 diripeudo
777 1182 888 1227 uocem
904 1160 1023 1245 aliqui.
1043 1160 1220 1228 Herodotus
1239 1163 1315 1231 Vll.
1332 1165 1401 1232 l88

217 1286 314 1377 (apud
332 1289 449 1356 Welsl.
467 1286 506 1354 nd
523 1285 556 1353 h.
576 1282 612 1363 l.)
633 1311 640 1352 :
659 1287 697 1360 Ες
714 1282 878 1370 {cleptim
895 1307 1043 1370 κατεσχον
1065 1309 1119 1359 τας
1142 1307 1219 1361 neue.
1247 1287 1402 1374 Polybius

219 1413 246 1477 l.
269 1413 314 1478 25
345 1435 353 1476 ε
383 1412 542 1496 Κατεσχον
571 1432 610 1482 εις
638 1409 808 1480 Μεσσηνην.
840 1408 922 1472 Hinc
955 1405 1144 1474 scholiastes
1172 1407 1222 1497 (erl
1249 1407 1398 1496 Thucyd.

219 1534 276 1602 lV.
297 1535 352 1619 tl)
370 1554 574 1618 κατασχοντες
591 1531 812 1618 iuterpretatur
828 1550 1100 1619 προσορμισαντες.

265 1778 409 1844 41-44,
436 1779 480 1842 Et
507 1797 578 1841 eum
606 1777 846 1854 incidissemus,
877 1773 962 1851 etc).
993 1775 1097 1861 Pergit
1125 1775 1225 1841 Lucas
1252 1777 1403 1859 :illapsi

217 1905 450 1992 (περιπεσοντες)
467 1911 569 1968 autern
587 1901 617 1966 iu
633 1903 799 1967 bimarem¹
818 1897 1029 1987 (διθαλασσον)
1046 1900 1181 1990 aliquem
1204 1901 1325 1983 locum,
1352 1902 1398 1968 ihi

218 2038 295 2092 suut
319 2027 400 2090 illisi
423 2021 628 2105 (επωκειλαν);
655 2022 750 2110 idque
774 2023 832 2101 itu,
859 2033 893 2088 ut
917 2042 1008 2110 prore
1033 2022 1159 2111 quidem
1180 2036 1348 2108 postquam
1364 2026 1400 2090 se

221 2150 357 2213 illisirsct
381 2144 535 2234 (ερεισασα
559 2143 629 2210 scil.
656 2141 773 2224 ἑαυτην)
799 2146 968 2210 immobilis
995 2156 1139 2210 moueret
1166 2146 1288 2231 (εμεινεν
1318 2171 1399 2211 ασα-

222 2265 337 2355 iectu)
366 2265 443 2332 vado
472 2263 584 2344 infixa,
614 2265 729 2352 puppis
757 2268 829 2331 roro
857 2265 885 2330 vi
914 2269 1016 2332 morio
1043 2267 1108 2332 sive
1135 2270 1292 2352 [luctuum
1319 2272 1400 2355 (των

220 2389 382 2475 eupator)
406 2387 640 2453 dissolveretur.
667 2389 749 2474 Ergo
773 2407 844 2453 curu
869 2387 954 2454 brevi
979 2389 1101 2477 penitus
1125 2389 1288 2477 frangendo
1315 2402 1401 2457 esset

220 2512 326 2590 naviS,
354 2510 412 2575 iarn
438 2508 515 2575 nihil
538 2507 622 2575 aliud
646 2520 808 2597 supererat
831 2509 889 2576 nisi
915 2520 966 2587 ut,
992 2520 1044 2577 eut
1060 2512 1190 2579 natando
1207 2523 1259 2579 aut
1275 2512 1401 2580 tabulae

219 2633 312 2701 alicui
341 2630 548 2712 inhaerendo,
579 2651 653 2698 suae
681 2633 813 2721 quisque
842 2633 921 2700 vitae
948 2634 1135 2702 consuleret.
1169 2625 1233 2702 Sed
1261 2633 1315 2717 (tle)
1345 2636 1401 2705 hic

218 2757 331 2824 milites
344 2755 508 2822 consilium
521 2765 672 2843 ceperunt
684 2758 822 2839 captiuos
835 2759 914 2842 (τους
927 2752 1100 2842 tropeum,
1116 2778 1162 2824 vs.
1174 2755 1204 2836 l)
1219 2757 1397 2842 occidendi,

218 2899 256 2946 ue
273 2879 343 2967 quis
359 2878 455 2957 sorte,
473 2899 570 2962 quum
588 2888 745 2943 mutasset
761 2875 1038 2969 (εκκολυμὸησας),
1064 2882 1222 2968 effugeret.
1248 2882 1399 2949 Centurio

217 3012 319 3068 autern
347 3000 478 3066 Paulum
506 3018 630 3066 servare
657 2999 806 3088 cupiens,
840 3021 891 3065 ecc
918 3003 956 3066 uh
983 3003 1039 3066 hoc
1066 3005 1200 3068 consitio
1231 3006 1399 3086 prohibuit

216 3119 382 3211 (εκωλυσεν
399 3144 507 3194 αυτους
524 3144 577 3184 του
595 3105 827 3208 βουλευματος),
844 3123 999 3212 jussitque
1012 3144 1066 3190 eus
1079 3125 1131 3213 qul
1149 3134 1253 3192 nature
1271 3140 1401 3215 possent

218 3255 252 3311 ut
267 3263 301 3310 se
312 3245 437 3326 primos
453 3243 622 3325 objicerem
639 3241 876 3331 (απορριψαντας
892 3246 1040 3332 πρωτους]
1058 3246 1088 3311 iu
1106 3266 1191 3312 urere
1213 3257 1244 3312 et
1264 3249 1401 3316 uomodo

220 3366 399 3430 interram
425 3365 589 3427 euaderent
613 3363 676 3443 (επι
700 3386 753 3436 την
777 3386 830 3453 you
858 3361 1002 3451 εξιεναι);
1028 3379 1058 3432 et
1079 3371 1216 3453 reliquos
1239 3367 1307 3447 (και
1331 3394 1402 3446 τους

220 3483 375 3566 homone),
406 3485 459 3573 qui
485 3495 589 3552 nutare
613 3504 672 3551 oon
699 3496 842 3574 possent,
869 3488 900 3553 iu
926 3500 1038 3555 terrem
1063 3510 1097 3556 se
1122 3491 1262 3579 recipere
1284 3494 1399 3579 iussit,

216 3610 338 3693 purtim
355 3607 419 3686 loric
436 3610 505 3693 per)
528 3609 563 3671 iu
580 3608 695 3673 tubulis
710 3612 775 3692 (επι
793 3630 926 3688 cautem,
945 3630 985 3698 op
1003 3610 1163 3700 pleunich),
1185 3632 1264 3700 quee
1280 3615 1312 3680 iu
1330 3617 1399 3682 navi

220 3730 444 3819 reperirentur,
472 3731 595 3813 partim
622 3730 684 3818 (οὺς
709 3726 752 3808 δε)
777 3732 808 3797 iu
833 3732 944 3799 tubulis
968 3733 1006 3799 ad
1035 3732 1118 3801 hunc
1146 3735 1239 3802 linem
1263 3740 1301 3803 de
1326 3744 1402 3804 uovr'

219 3855 334 3922 avulsis
362 3859 426 3940 (επι
448 3876 536 3917 τινων
558 3877 618 3917 των
642 3878 702 3917 uuo
726 3879 778 3918 του
802 3854 938 3939 tritomo).
969 3858 1071 3947 Atque
1093 3857 1153 3925 hoc
1170 3860 1261 3926 modo
1285 3862 1400 3929 lactum

183 3989 187 3997 '
220 3991 279 4059 est,
297 3992 331 4048 ut
347 4000 455 4047 omnes
471 3979 546 4045 salvi
564 3978 728 4046 evaderent
744 3981 774 4046 in
792 3991 904 4049 terram
922 3980 991 4070 (dut
1005 3988 1050 4065 ze]
1063 3987 1147 4050 alteo
1161 3985 1320 4052 hehoudeu
1337 4009 1400 4053 ouo

222 4107 297 4171 laud
312 4105 467 4169 lctoumeu.

251 4289 270 4354 ¹)
290 4288 447 4352 intelligitur
458 4301 519 4354 pars
531 4291 615 4342 terrae
627 4292 787 4344 continentis
832 4293 964 4358 interpres
985 4297 1073 4347 noster
1094 4306 1182 4346 vocem
1208 4292 1332 4346 Graecam
1359 4293 1401 4346 hic
1442 4344 1445 4350 .

218 4373 246 4424 in
259 4386 329 4425 mare
342 4376 496 4439 protensae,
514 4388 581 4440 quae
593 4375 718 4441 utrinque
735 4376 788 4429 ulto
833 4390 936 4428 serrare
946 4376 1124 4443 maluitquem
1135 4376 1285 4441 transterre;
1296 4377 1401 4444 scripsit

181 4472 185 4479 ·
220 4454 285 4515 muri
307 4455 415 4508 alluitur
437 4472 443 4508 ε
463 4470 513 4509 uuo
535 4457 685 4524 leucinde
708 4464 786 4511 terre.
834 4459 904 4511 enim
920 4476 925 4512 :
939 4461 967 4512 iu
981 4459 1065 4512 locum
1081 4458 1264 4512 dithalassum.
