3074 5054
179 389 223 456 78
515 382 651 451 Aeros
685 379 1020 464 APOSTOLORUM,

177 577 228 647 dio
239 577 438 645 pentecostes
454 573 692 660 Hierosolymae
708 571 900 654 accideraut3
919 577 1054 640 secondo
1066 594 1157 655 vero,
1174 571 1358 662 Apostolos,

179 713 248 794 post
274 710 436 789 acceptum
464 698 615 788 Spiritum
639 698 805 776 Sanctum,
829 696 925 764 multa
948 708 1086 785 patrasse
1108 697 1277 777 miracula,
1296 717 1359 786 quo

178 825 282 894 divino
302 822 477 892 testimonio
498 820 740 890 confirmabatur
761 820 875 887 ueritas
897 818 1056 888 doctrinae
1080 842 1173 910 quam
1197 820 1360 912 praedica-

178 949 262 1019 bant.
281 949 329 1016 Cl.
348 950 409 1040 Ep.
423 948 463 1016 ad
479 947 577 1015 Hebr.
596 949 673 1036 Cap.
689 948 742 1013 11:
758 948 792 1026 ὅ,
811 947 845 1012 l.
864 943 961 1032 Φοβος
977 947 1030 1014 ille
1046 947 1100 1036 qui
1117 947 1243 1037 (εγενετο
1260 944 1360 1035 Aor.)

175 1077 322 1140 universe
348 1075 483 1141 lodoeos
506 1071 607 1161 (πασῃ
634 1067 739 1158 ψυχῃ)
767 1069 1006 1156 Hierosolymae
1031 1074 1213 1154 occupavit,
1244 1069 1360 1136 iutelli-

173 1199 257 1287 gitur
272 1218 360 1266 sacer
376 1199 501 1288 quidam
525 1216 645 1287 pavor,
663 1194 717 1283 qui
742 1214 804 1260 nou
828 1193 921 1260 luerit
941 1195 1009 1261 sine
1033 1196 1203 1264 reverentia
1226 1195 1358 1283 quadam

176 1344 248 1414 erga
275 1323 443 1413 Apostolos
472 1340 648 1410 novumque
675 1329 799 1386 coetum
826 1317 1050 1386 Christianum.
1074 1322 1136 1389 Pro
1165 1320 1277 1388 Dativo
1305 1318 1359 1386 illo

177 1451 366 1517 directionis
382 1471 466 1536 πασῃ
481 1445 563 1535 pepp
581 1445 654 1529 (olle
674 1440 887 1530 pomoederen)
904 1443 983 1510 inira
1008 1442 1101 1533 (Cap.
1122 1445 1151 1513 V
1170 1464 1178 1506 ε
1198 1447 1231 1529 5)
1249 1443 1358 1512 eodem

177 1594 271 1641 sensu
299 1571 413 1639 dicitur
441 1593 489 1634 επι
517 1593 645 1644 conreg.
674 1569 784 1636 Fuisse
812 1567 962 1635 miracula
985 1566 1025 1634 ab
1053 1567 1212 1656 Apostolis
1241 1577 1361 1658 patrata
1412 1576 1417 1584 '

174 1703 374 1784 nequientem,
405 1695 544 1762 innuitur
578 1694 670 1761 etiam
692 1711 761 1782 per
797 1692 1018 1781 Imperfectum
1051 1714 1176 1781 εγενετο.
1214 1692 1263 1759 Cl.
1298 1693 1357 1762 Gr.

177 1843 247 1913 pag.
274 1824 353 1890 286.
380 1816 415 1904 β.

222 2084 278 2149 tt.
301 2079 461 2170 Superiori
486 2078 652 2146 Versiculo
679 2098 715 2145 ea
740 2077 860 2145 dixerat
880 2077 999 2160 luceo,
1026 2099 1105 2168 quae
1133 2079 1172 2147 ad
1192 2079 1360 2168 Apostolos

176 2206 327 2285 attinent3
361 2203 462 2292 pergit
493 2202 553 2269 iam
589 2225 596 2267 :
630 2200 669 2267 ad
696 2221 792 2268 novos
819 2200 1012 2268 Christianos
1043 2212 1150 2267 octeno
1180 2197 1247 2290 (de)
1276 2200 1360 2290 quod

176 2330 300 2408 attinet,
315 2337 405 2392 eruent
423 2347 532 2399 παντες
548 2329 575 2388 οἱ
591 2347 779 2398 πιστευοντες
794 2325 880 2413 (tous
897 2325 942 2391 los
955 2323 1077 2411 fideles)
1092 2324 1231 2410 pariter,
1249 2345 1360 2413 graece

175 2477 222 2518 επι
247 2477 281 2515 το
304 2474 390 2514 aueo.
412 2449 513 2535 Quod.
527 2469 623 2538 quum
640 2448 678 2515 de
694 2452 800 2515 codem
819 2453 882 2515 loco
900 2450 1028 2538 intelligi
1045 2461 1194 2538 nequeat,
1213 2450 1289 2518 illud
1307 2472 1360 2517 re·

175 2577 240 2644 lero
263 2575 301 2644 ad
322 2586 437 2642 arctam
461 2574 739 2653 necessitudinem,
767 2575 930 2662 quainter
954 2594 988 2640 se
1009 2575 1166 2643 coniuncti
1195 2576 1355 2656 vivebant3

177 2721 269 2790 quam
286 2702 570 2790 interpretationem
593 2699 626 2767 S.
646 2699 888 2786 Chrysostomus
913 2700 1018 2785 (Hom.
1044 2701 1105 2768 Vll
1123 2701 1154 2766 in
1170 2699 1260 2790 Act.)
1277 2699 1356 2768 mihi

176 2823 297 2891 uidetur
316 2822 466 2890 iudicare.
493 2823 525 2890 Si
543 2824 574 2888 in
591 2833 675 2890 certa
692 2824 823 2913 quadam
840 2823 927 2891 urbis
944 2835 1032 2913 parte
1056 2823 1248 2895 domicilium
1266 2818 1358 2892 suum

175 2949 397 3028 collocassent,
417 2958 449 3014 ut
465 2958 613 3034 quantum
631 2946 698 3013 fieri
723 2959 829 3037 posset
844 2949 937 3015 vicini
959 2949 1092 3016 invicem
1109 2959 1210 3016 essent
1227 2969 1356 3030 omues,

176 3075 326 3162 potuisset
342 3072 418 3139 illud
434 3096 482 3136 επι
499 3097 531 3136 το
547 3097 621 3136 coro
638 3073 723 3160 (scil.
742 3073 856 3161 χοριον)
875 3073 962 3140 reddi
982 3100 990 3140 :
1010 3077 1046 3140 io
1063 3076 1263 3167 codenoloco.

222 3210 252 3263 et
274 3199 424 3264 hebebant
444 3200 553 3264 omnio
577 3199 784 3284 communio),
811 3197 937 3264 Scilicet
962 3197 1046 3288 quod
1070 3196 1242 3265 attineant
1269 3217 1354 3281 opes.

176 3324 335 3390 Bonorum
363 3321 439 3390 haec
467 3322 672 3389 communitas
700 3325 753 3410 qui
777 3322 881 3402 fieret,
905 3323 1006 3391 statim
1029 3323 1154 3391 additur
1178 3323 1238 3411 (us
1267 3320 1355 3407 ld):

177 3466 288 3535 nempe
312 3445 390 3513 bona
416 3465 471 3513 sua
495 3447 560 3512 sive
575 3442 756 3534 (και-και)
772 3443 942 3512 immobilia
959 3447 1128 3538 (κτηματα)
1146 3447 1210 3514 siue
1227 3445 1356 3513 mobilia

176 3566 340 3658 (ὑπαρξεις)
365 3569 587 3649 divendeltant,
605 3590 699 3654 eoque
722 3569 827 3657 (nora)
851 3567 884 3636 h.
904 3591 933 3637 e.
953 3591 1059 3638 eorum
1082 3572 1216 3660 pretium
1239 3571 1356 3638 colleo-

176 3701 240 3759 tum
262 3691 483 3780 dispertiebant
503 3690 665 3770 omuibus,
684 3683 777 3780 pro'ut
800 3693 951 3783 cuiusque
974 3695 1142 3761 necessitas
1164 3692 1353 3783 postulabat.

174 3813 312 3881 Ditiores
337 3815 390 3902 qui
415 3826 518 3883 essent
537 3816 618 3883 iuter
641 3815 779 3884 novellos
802 3817 995 3885 Christianos
1019 3818 1100 3885 hona
1123 3837 1179 3885 sua
1199 3818 1237 3885 ad
1260 3839 1353 3886 usum

175 3957 372 4004 communem
396 3938 571 4006 divendisse
595 3961 729 4023 procons
755 3944 881 4019 omnio,
907 3962 968 4010 uon
993 3945 1138 4031 expresse
1155 3942 1207 4010 hio
1224 3941 1352 4023 dicitur,

175 4060 237 4128 imo
260 4061 363 4151 potius
386 4055 573 4130 contrarium
596 4062 803 4150 colligendum
827 4064 949 4132 videtur
972 4085 1010 4132 ex
1034 4064 1138 4132 uerbis
1154 4068 1257 4133 Lucae
1272 4067 1350 4155 Gap.

174 4184 220 4252 lV
240 4210 247 4251 ε
267 4187 418 4266 eta-5t,
437 4185 490 4253 ubi
512 4185 549 4252 de
573 4186 626 4253 illa
651 4186 803 4255 bonorum
820 4189 1041 4256 communitate
1057 4190 1099 4256 ita
1115 4189 1252 4278 loquitur
1270 4210 1277 4251 :
1298 4211 1354 4256 nec

174 4312 361 4396 quisquam,
379 4311 497 4399 iuquit,
511 4333 621 4378 eornm
636 4334 715 4398 qnae
738 4316 915 4396 possidebat
931 4316 1056 4400 aliquid
1073 4336 1167 4380 socom
1191 4336 1252 4380 esse
1267 4316 1353 4380 dioe-

173 4434 241 4513 bat,
256 4437 311 4499 sed
326 4445 417 4500 oront
434 4437 501 4503 illis
517 4437 627 4503 coronio
643 4440 834 4505 commonia.
849 4437 1011 4528 Quidquid
1027 4439 1083 4518 stt,
1103 4438 1180 4507 haec
1196 4438 1351 4508 bonorum
