<?xml version="1.0" encoding="UTF-8"?>
<!DOCTYPE html PUBLIC "-//W3C//DTD XHTML 1.0 Transitional//EN"
    "http://www.w3.org/TR/xhtml1/DTD/xhtml1-transitional.dtd">
<html xmlns="http://www.w3.org/1999/xhtml" xml:lang="en" lang="en">
 <head>
  <title>
</title>
<meta http-equiv="Content-Type" content="text/html;charset=utf-8" />
  <meta name='ocr-system' content='tesseract 3.04.00' />
  <meta name='ocr-capabilities' content='ocr_page ocr_carea ocr_par ocr_line ocrx_word'/>
</head>
<body>
  <div class='ocr_page' id='page_1' title='image "./commentariusina00beelgoog/commentariusina00beelgoog_0298.png"; bbox 0 0 3074 5054; ppageno 0'>
   <div class='ocr_carea' id='block_1_1' title="bbox 475 384 1358 470">
    <p class='ocr_par' dir='ltr' id='par_1_1' title="bbox 475 384 1358 470">
     <span class='ocr_line' id='line_1_1' title="bbox 475 384 1358 470; baseline -0.005 -12"><span class='ocrx_word' id='word_1_1' title='bbox 475 391 614 458; x_wconf 80' lang='lat' dir='ltr'><strong>CAPUT</strong></span> <span class='ocrx_word' id='word_1_2' title='bbox 652 391 719 470; x_wconf 92' lang='lat' dir='ltr'><strong>IX,</strong></span> <span class='ocrx_word' id='word_1_3' title='bbox 756 387 878 456; x_wconf 87' lang='lat' dir='ltr'>VERS.</span> <span class='ocrx_word' id='word_1_4' title='bbox 915 387 1061 456; x_wconf 74' lang='lat' dir='ltr'><strong>att-55.</strong></span> <span class='ocrx_word' id='word_1_5' title='bbox 1292 384 1358 454; x_wconf 69' lang='grc'><strong>169</strong></span> 
     </span>
    </p>
   </div>
   <div class='ocr_carea' id='block_1_2' title="bbox 181 574 1361 916">
    <p class='ocr_par' dir='ltr' id='par_1_2' title="bbox 181 574 1361 916">
     <span class='ocr_line' id='line_1_2' title="bbox 183 574 1361 664; baseline -0.006 -19"><span class='ocrx_word' id='word_1_6' title='bbox 183 579 242 646; x_wconf 90' lang='lat' dir='ltr'><strong>rice</strong></span> <span class='ocrx_word' id='word_1_7' title='bbox 262 577 379 646; x_wconf 91' lang='lat' dir='ltr'><strong>dicitur</strong></span> <span class='ocrx_word' id='word_1_8' title='bbox 401 577 440 645; x_wconf 95' lang='lat' dir='ltr'><strong>de</strong></span> <span class='ocrx_word' id='word_1_9' title='bbox 463 581 658 643; x_wconf 83' lang='lat' dir='ltr'><strong>incremento</strong></span> <span class='ocrx_word' id='word_1_10' title='bbox 680 585 743 642; x_wconf 95' lang='lat' dir='ltr'><strong>tam</strong></span> <span class='ocrx_word' id='word_1_11' title='bbox 766 578 891 641; x_wconf 85' lang='lat' dir='ltr'><strong>iuterna</strong></span> <span class='ocrx_word' id='word_1_12' title='bbox 911 575 976 641; x_wconf 90' lang='lat' dir='ltr'><strong>sive</strong></span> <span class='ocrx_word' id='word_1_13' title='bbox 1000 574 1174 664; x_wconf 79' lang='lat' dir='ltr'><strong>spirituali,</strong></span> <span class='ocrx_word' id='word_1_14' title='bbox 1198 584 1270 663; x_wconf 91' lang='lat' dir='ltr'><strong>puta</strong></span> <span class='ocrx_word' id='word_1_15' title='bbox 1290 576 1361 658; x_wconf 86' lang='lat' dir='ltr'><strong>pia-</strong></span> 
     </span>
     <span class='ocr_line' id='line_1_3' title="bbox 182 697 1358 791; baseline -0.002 -23"><span class='ocrx_word' id='word_1_16' title='bbox 182 705 250 768; x_wconf 86' lang='lat' dir='ltr'><strong>tatis</strong></span> <span class='ocrx_word' id='word_1_17' title='bbox 273 702 300 791; x_wconf 83' lang='lat' dir='ltr'><strong>(I</strong></span> <span class='ocrx_word' id='word_1_18' title='bbox 327 702 402 768; x_wconf 78' lang='lat' dir='ltr'><strong>Cor,</strong></span> <span class='ocrx_word' id='word_1_19' title='bbox 427 703 459 768; x_wconf 92' lang='lat' dir='ltr'><em>X</em></span> <span class='ocrx_word' id='word_1_20' title='bbox 490 722 499 764; x_wconf 75' lang='grc' dir='ltr'><em>τ</em></span> <span class='ocrx_word' id='word_1_21' title='bbox 528 703 590 782; x_wconf 75' lang='lat'><strong>⁶253</strong></span> <span class='ocrx_word' id='word_1_22' title='bbox 616 702 695 769; x_wconf 95' lang='lat' dir='ltr'><strong>XIV</strong></span> <span class='ocrx_word' id='word_1_23' title='bbox 723 720 731 762; x_wconf 93' lang='lat'><strong>:</strong></span> <span class='ocrx_word' id='word_1_24' title='bbox 760 701 793 766; x_wconf 83' lang='lat' dir='ltr'><strong>I.</strong></span> <span class='ocrx_word' id='word_1_25' title='bbox 814 702 869 781; x_wconf 89' lang='lat' dir='ltr'><strong>I7,</strong></span> <span class='ocrx_word' id='word_1_26' title='bbox 889 712 919 766; x_wconf 90' lang='lat' dir='ltr'><strong>et</strong></span> <span class='ocrx_word' id='word_1_27' title='bbox 936 701 949 767; x_wconf 99' lang='lat' dir='ltr'>I</span> <span class='ocrx_word' id='word_1_28' title='bbox 965 698 1079 766; x_wconf 80' lang='lat' dir='ltr'><strong>Thess.</strong></span> <span class='ocrx_word' id='word_1_29' title='bbox 1097 700 1127 769; x_wconf 96' lang='lat' dir='ltr'>V</span> <span class='ocrx_word' id='word_1_30' title='bbox 1148 724 1155 766; x_wconf 92' lang='lat'><strong>:</strong></span> <span class='ocrx_word' id='word_1_31' title='bbox 1177 697 1247 787; x_wconf 91' lang='lat' dir='ltr'>II),</span> <span class='ocrx_word' id='word_1_32' title='bbox 1266 718 1358 788; x_wconf 90' lang='lat' dir='ltr'><strong>quam</strong></span> 
     </span>
     <span class='ocr_line' id='line_1_4' title="bbox 181 823 1359 916; baseline -0.001 -25"><span class='ocrx_word' id='word_1_33' title='bbox 181 838 324 907; x_wconf 80' lang='lat' dir='ltr'><strong>caterua,</strong></span> <span class='ocrx_word' id='word_1_34' title='bbox 349 826 433 916; x_wconf 87' lang='lat' dir='ltr'><strong>quod</strong></span> <span class='ocrx_word' id='word_1_35' title='bbox 462 838 526 905; x_wconf 91' lang='lat' dir='ltr'><strong>est,</strong></span> <span class='ocrx_word' id='word_1_36' title='bbox 551 846 582 892; x_wconf 91' lang='lat' dir='ltr'><strong>v.</strong></span> <span class='ocrx_word' id='word_1_37' title='bbox 609 846 639 912; x_wconf 90' lang='lat' dir='ltr'><strong>g.</strong></span> <span class='ocrx_word' id='word_1_38' title='bbox 667 827 698 891; x_wconf 88' lang='lat' dir='ltr'><strong>iu</strong></span> <span class='ocrx_word' id='word_1_39' title='bbox 725 831 908 912; x_wconf 76' lang='lat' dir='ltr'><strong>augescente</strong></span> <span class='ocrx_word' id='word_1_40' title='bbox 932 845 1061 891; x_wconf 91' lang='lat' dir='ltr'><strong>numero</strong></span> <span class='ocrx_word' id='word_1_41' title='bbox 1087 823 1244 906; x_wconf 86' lang='lat' dir='ltr'><strong>fidelium,</strong></span> <span class='ocrx_word' id='word_1_42' title='bbox 1269 825 1359 892; x_wconf 90' lang='lat' dir='ltr'><strong>utin</strong></span> 
     </span>
    </p>
   </div>
   <div class='ocr_carea' id='block_1_3' title="bbox 180 944 1403 1278">
    <p class='ocr_par' dir='ltr' id='par_1_3' title="bbox 180 944 1403 1278">
     <span class='ocr_line' id='line_1_5' title="bbox 182 944 1357 1036; baseline 0.001 -23"><span class='ocrx_word' id='word_1_43' title='bbox 182 947 331 1035; x_wconf 75' lang='lat' dir='ltr'><strong>praesenti</strong></span> <span class='ocrx_word' id='word_1_44' title='bbox 350 947 432 1028; x_wconf 89' lang='lat' dir='ltr'><strong>loco;</strong></span> <span class='ocrx_word' id='word_1_45' title='bbox 456 967 556 1034; x_wconf 87' lang='lat' dir='ltr'><strong>eoque</strong></span> <span class='ocrx_word' id='word_1_46' title='bbox 572 967 665 1015; x_wconf 90' lang='lat' dir='ltr'><strong>sensu</strong></span> <span class='ocrx_word' id='word_1_47' title='bbox 682 944 850 1033; x_wconf 79' lang='grc' dir='ltr'>οικοδομειν</span> <span class='ocrx_word' id='word_1_48' title='bbox 876 947 987 1036; x_wconf 90' lang='lat' dir='ltr'><strong>legitur</strong></span> <span class='ocrx_word' id='word_1_49' title='bbox 1008 947 1103 1036; x_wconf 90' lang='lat' dir='ltr'><strong>(apud</strong></span> <span class='ocrx_word' id='word_1_50' title='bbox 1127 946 1228 1029; x_wconf 86' lang='lat' dir='ltr'>LXX)</span> <span class='ocrx_word' id='word_1_51' title='bbox 1246 949 1357 1014; x_wconf 89' lang='lat' dir='ltr'><strong>Ierem.</strong></span> 
     </span>
     <span class='ocr_line' id='line_1_6' title="bbox 180 1067 1403 1158; baseline -0.001 -22"><span class='ocrx_word' id='word_1_52' title='bbox 180 1071 288 1137; x_wconf 83' lang='lat' dir='ltr'>XXIV</span> <span class='ocrx_word' id='word_1_53' title='bbox 319 1090 327 1132; x_wconf 73' lang='grc' dir='ltr'><strong><em>ε</em></strong></span> <span class='ocrx_word' id='word_1_54' title='bbox 359 1072 392 1138; x_wconf 83' lang='lat' dir='ltr'><strong>d.</strong></span> <span class='ocrx_word' id='word_1_55' title='bbox 422 1108 467 1118; x_wconf 93' lang='lat'>-</span> <span class='ocrx_word' id='word_1_56' title='bbox 494 1070 669 1138; x_wconf 80' lang='lat' dir='ltr'>XXXVIII</span> <span class='ocrx_word' id='word_1_57' title='bbox 698 1067 813 1157; x_wconf 89' lang='lat' dir='ltr'><strong>(Hebr.</strong></span> <span class='ocrx_word' id='word_1_58' title='bbox 842 1071 968 1156; x_wconf 87' lang='lat' dir='ltr'>XXXI)</span> <span class='ocrx_word' id='word_1_59' title='bbox 996 1094 1003 1135; x_wconf 92' lang='lat'><strong>:</strong></span> <span class='ocrx_word' id='word_1_60' title='bbox 1027 1071 1060 1136; x_wconf 78' lang='lat' dir='ltr'><strong>t.</strong></span> <span class='ocrx_word' id='word_1_61' title='bbox 1085 1106 1129 1118; x_wconf 93' lang='lat'>-</span> <span class='ocrx_word' id='word_1_62' title='bbox 1157 1069 1216 1136; x_wconf 86' lang='lat' dir='ltr'><strong>XL</strong></span> <span class='ocrx_word' id='word_1_63' title='bbox 1243 1067 1358 1158; x_wconf 84' lang='lat' dir='ltr'><strong>(Hebr.</strong></span> <span class='ocrx_word' id='word_1_64' title='bbox 1400 1111 1403 1116; x_wconf 94' lang='lat'><em>-</em></span> 
     </span>
     <span class='ocr_line' id='line_1_7' title="bbox 180 1189 419 1278; baseline -0.004 -20"><span class='ocrx_word' id='word_1_65' title='bbox 180 1189 338 1278; x_wconf 93' lang='lat' dir='ltr'>XXXIII)</span> <span class='ocrx_word' id='word_1_66' title='bbox 357 1215 365 1257; x_wconf 75' lang='grc' dir='ltr'><strong><em>ε</em></strong></span> <span class='ocrx_word' id='word_1_67' title='bbox 385 1194 419 1257; x_wconf 89' lang='grc'><strong>7.</strong></span> 
     </span>
    </p>
   </div>
   <div class='ocr_carea' id='block_1_4' title="bbox 176 1435 1363 1650">
    <p class='ocr_par' dir='ltr' id='par_1_4' title="bbox 176 1435 1363 1650">
     <span class='ocr_line' id='line_1_8' title="bbox 222 1435 1361 1521; baseline 0.003 -20"><span class='ocrx_word' id='word_1_68' title='bbox 222 1436 278 1502; x_wconf 70' lang='grc'><strong>51.</strong></span> <span class='ocrx_word' id='word_1_69' title='bbox 305 1435 439 1500; x_wconf 85' lang='lat' dir='ltr'><strong>Factum</strong></span> <span class='ocrx_word' id='word_1_70' title='bbox 455 1445 501 1499; x_wconf 89' lang='lat' dir='ltr'><strong>est</strong></span> <span class='ocrx_word' id='word_1_71' title='bbox 516 1445 641 1517; x_wconf 74' lang='lat' dir='ltr'><strong>autem,</strong></span> <span class='ocrx_word' id='word_1_72' title='bbox 661 1447 698 1501; x_wconf 88' lang='lat' dir='ltr'><strong>ut</strong></span> <span class='ocrx_word' id='word_1_73' title='bbox 714 1437 842 1520; x_wconf 76' lang='lat' dir='ltr'><strong>Petrus,</strong></span> <span class='ocrx_word' id='word_1_74' title='bbox 857 1439 933 1503; x_wconf 82' lang='lat' dir='ltr'><strong>duam</strong></span> <span class='ocrx_word' id='word_1_75' title='bbox 948 1441 1163 1521; x_wconf 80' lang='lat' dir='ltr'><strong>pertransiret</strong></span> <span class='ocrx_word' id='word_1_76' title='bbox 1177 1441 1361 1519; x_wconf 85' lang='lat' dir='ltr'><strong>univorsos,</strong></span> 
     </span>
     <span class='ocr_line' id='line_1_9' title="bbox 176 1555 1363 1650; baseline 0.002 -28"><span class='ocrx_word' id='word_1_77' title='bbox 176 1561 354 1642; x_wconf 71' lang='lat' dir='ltr'><strong>moeairet,</strong></span> <span class='ocrx_word' id='word_1_78' title='bbox 379 1561 468 1644; x_wconf 79' lang='lat' dir='ltr'><strong>etc).</strong></span> <span class='ocrx_word' id='word_1_79' title='bbox 493 1559 635 1625; x_wconf 79' lang='lat' dir='ltr'><strong>Graece:</strong></span> <span class='ocrx_word' id='word_1_80' title='bbox 655 1581 767 1648; x_wconf 72' lang='lat' dir='ltr'><strong>apciora</strong></span> <span class='ocrx_word' id='word_1_81' title='bbox 792 1555 824 1623; x_wconf 81' lang='lat' dir='ltr'><strong>da</strong></span> <span class='ocrx_word' id='word_1_82' title='bbox 851 1559 936 1647; x_wconf 90' lang='lat' dir='ltr'><strong>(vide</strong></span> <span class='ocrx_word' id='word_1_83' title='bbox 959 1579 1053 1648; x_wconf 87' lang='lat' dir='ltr'><strong>supra</strong></span> <span class='ocrx_word' id='word_1_84' title='bbox 1074 1559 1113 1626; x_wconf 92' lang='lat' dir='ltr'><strong>ad</strong></span> <span class='ocrx_word' id='word_1_85' title='bbox 1135 1581 1181 1626; x_wconf 78' lang='lat' dir='ltr'><strong>vs</strong></span> <span class='ocrx_word' id='word_1_86' title='bbox 1207 1558 1266 1648; x_wconf 75' lang='lat' dir='ltr'><strong>nt)</strong></span> <span class='ocrx_word' id='word_1_87' title='bbox 1283 1557 1363 1650; x_wconf 80' lang='lat' dir='ltr'><strong>darp-</strong></span> 
     </span>
    </p>
   </div>
   <div class='ocr_carea' id='block_1_5' title="bbox 166 1679 1364 1896">
    <p class='ocr_par' dir='ltr' id='par_1_5' title="bbox 166 1679 1364 1896">
     <span class='ocr_line' id='line_1_10' title="bbox 166 1679 1361 1772; baseline 0.008 -32"><span class='ocrx_word' id='word_1_88' title='bbox 166 1704 345 1768; x_wconf 72' lang='grc' dir='ltr'><strong>χομενον...</strong></span> <span class='ocrx_word' id='word_1_89' title='bbox 373 1679 544 1760; x_wconf 73' lang='lat' dir='ltr'><strong>aureliam,</strong></span> <span class='ocrx_word' id='word_1_90' title='bbox 569 1682 607 1749; x_wconf 92' lang='lat' dir='ltr'><strong>de</strong></span> <span class='ocrx_word' id='word_1_91' title='bbox 630 1702 690 1770; x_wconf 86' lang='lat' dir='ltr'><strong>qua</strong></span> <span class='ocrx_word' id='word_1_92' title='bbox 713 1682 840 1769; x_wconf 90' lang='lat' dir='ltr'><strong>Syntaxi</strong></span> <span class='ocrx_word' id='word_1_93' title='bbox 863 1683 933 1750; x_wconf 90' lang='lat' dir='ltr'><strong>vide</strong></span> <span class='ocrx_word' id='word_1_94' title='bbox 956 1704 1050 1772; x_wconf 91' lang='lat' dir='ltr'><strong>supra</strong></span> <span class='ocrx_word' id='word_1_95' title='bbox 1074 1683 1113 1750; x_wconf 93' lang='lat' dir='ltr'><strong>ad</strong></span> <span class='ocrx_word' id='word_1_96' title='bbox 1136 1684 1213 1772; x_wconf 87' lang='lat' dir='ltr'><strong>Cap.</strong></span> <span class='ocrx_word' id='word_1_97' title='bbox 1233 1683 1278 1752; x_wconf 95' lang='lat' dir='ltr'><strong>IV</strong></span> <span class='ocrx_word' id='word_1_98' title='bbox 1300 1709 1307 1751; x_wconf 93' lang='lat'><strong>:</strong></span> <span class='ocrx_word' id='word_1_99' title='bbox 1327 1686 1361 1753; x_wconf 78' lang='lat' dir='ltr'><strong>il.</strong></span> 
     </span>
     <span class='ocr_line' id='line_1_11' title="bbox 178 1799 1364 1896; baseline 0.003 -27"><span class='ocrx_word' id='word_1_100' title='bbox 178 1804 307 1872; x_wconf 87' lang='lat' dir='ltr'><strong>Locutio</strong></span> <span class='ocrx_word' id='word_1_101' title='bbox 335 1799 507 1893; x_wconf 77' lang='grc' dir='ltr'>διερχεσθαι</span> <span class='ocrx_word' id='word_1_102' title='bbox 536 1799 589 1868; x_wconf 80' lang='grc' dir='ltr'><strong>δια</strong></span> <span class='ocrx_word' id='word_1_103' title='bbox 617 1827 737 1868; x_wconf 80' lang='grc' dir='ltr'><em>παντων</em></span> <span class='ocrx_word' id='word_1_104' title='bbox 766 1806 836 1872; x_wconf 92' lang='lat' dir='ltr'><strong>scil.</strong></span> <span class='ocrx_word' id='word_1_105' title='bbox 865 1806 972 1896; x_wconf 71' lang='grc' dir='ltr'><strong><em>ἁγιων,</em></strong></span> <span class='ocrx_word' id='word_1_106' title='bbox 1004 1810 1142 1874; x_wconf 85' lang='lat' dir='ltr'><strong>trausire</strong></span> <span class='ocrx_word' id='word_1_107' title='bbox 1167 1829 1229 1892; x_wconf 89' lang='lat' dir='ltr'><strong>per</strong></span> <span class='ocrx_word' id='word_1_108' title='bbox 1257 1828 1364 1874; x_wconf 86' lang='lat' dir='ltr'><strong>omues</strong></span> 
     </span>
    </p>
   </div>
   <div class='ocr_carea' id='block_1_6' title="bbox 178 1926 1369 3131">
    <p class='ocr_par' dir='ltr' id='par_1_6' title="bbox 178 1926 1369 3131">
     <span class='ocr_line' id='line_1_12' title="bbox 178 1926 1362 2019; baseline 0 -27"><span class='ocrx_word' id='word_1_109' title='bbox 178 1938 301 1993; x_wconf 87' lang='lat' dir='ltr'><strong>sanctos</strong></span> <span class='ocrx_word' id='word_1_110' title='bbox 317 1926 451 1993; x_wconf 87' lang='lat' dir='ltr'><strong>conlerri</strong></span> <span class='ocrx_word' id='word_1_111' title='bbox 476 1938 578 2016; x_wconf 91' lang='lat' dir='ltr'><strong>potest</strong></span> <span class='ocrx_word' id='word_1_112' title='bbox 593 1949 665 1995; x_wconf 93' lang='lat' dir='ltr'><strong>oum</strong></span> <span class='ocrx_word' id='word_1_113' title='bbox 687 1927 746 1996; x_wconf 90' lang='lat' dir='ltr'><strong>bac</strong></span> <span class='ocrx_word' id='word_1_114' title='bbox 763 1931 870 1996; x_wconf 84' lang='lat' dir='ltr'><strong>Latina</strong></span> <span class='ocrx_word' id='word_1_115' title='bbox 887 1930 1024 1999; x_wconf 88' lang='lat' dir='ltr'><strong>Senecae</strong></span> <span class='ocrx_word' id='word_1_116' title='bbox 1040 1930 1166 2019; x_wconf 87' lang='lat' dir='ltr'><strong>(Benel.</strong></span> <span class='ocrx_word' id='word_1_117' title='bbox 1185 1930 1231 1998; x_wconf 95' lang='lat' dir='ltr'><strong>VI</strong></span> <span class='ocrx_word' id='word_1_118' title='bbox 1252 1955 1259 1997; x_wconf 93' lang='lat'><strong>:</strong></span> <span class='ocrx_word' id='word_1_119' title='bbox 1282 1933 1334 2013; x_wconf 87' lang='grc'><strong>16)</strong></span> <span class='ocrx_word' id='word_1_120' title='bbox 1353 1949 1362 1992; x_wconf 77' lang='lat' dir='ltr'><strong><em>z</em></strong></span> 
     </span>
     <span class='ocr_line' id='line_1_13' title="bbox 178 2051 1363 2136; baseline 0.003 -19"><span class='ocrx_word' id='word_1_121' title='bbox 178 2055 316 2118; x_wconf 86' lang='lat' dir='ltr'><strong>medicus</strong></span> <span class='ocrx_word' id='word_1_122' title='bbox 341 2062 484 2135; x_wconf 81' lang='lat' dir='ltr'><strong>aeprotos</strong></span> <span class='ocrx_word' id='word_1_123' title='bbox 505 2053 724 2136; x_wconf 85' lang='lat' dir='ltr'><strong>perambulat,</strong></span> <span class='ocrx_word' id='word_1_124' title='bbox 748 2051 781 2119; x_wconf 90' lang='lat' dir='ltr'><strong>b.</strong></span> <span class='ocrx_word' id='word_1_125' title='bbox 807 2073 836 2119; x_wconf 91' lang='lat' dir='ltr'><strong>e.</strong></span> <span class='ocrx_word' id='word_1_126' title='bbox 864 2053 937 2120; x_wconf 88' lang='lat' dir='ltr'><strong>visit</strong></span> <span class='ocrx_word' id='word_1_127' title='bbox 960 2052 1022 2120; x_wconf 93' lang='lat' dir='ltr'><strong>buc</strong></span> <span class='ocrx_word' id='word_1_128' title='bbox 1042 2053 1119 2120; x_wconf 89' lang='lat' dir='ltr'><strong>illue</strong></span> <span class='ocrx_word' id='word_1_129' title='bbox 1144 2053 1363 2121; x_wconf 85' lang='lat' dir='ltr'><strong>discurrendo.</strong></span> 
     </span>
     <span class='ocr_line' id='line_1_14' title="bbox 179 2174 1366 2267; baseline 0.003 -26"><span class='ocrx_word' id='word_1_130' title='bbox 179 2175 287 2263; x_wconf 87' lang='lat' dir='ltr'><strong>Itaque</strong></span> <span class='ocrx_word' id='word_1_131' title='bbox 300 2195 411 2243; x_wconf 88' lang='lat' dir='ltr'><strong>sensus</strong></span> <span class='ocrx_word' id='word_1_132' title='bbox 428 2187 474 2242; x_wconf 90' lang='lat' dir='ltr'><strong>est</strong></span> <span class='ocrx_word' id='word_1_133' title='bbox 497 2198 504 2240; x_wconf 93' lang='lat'>:</span> <span class='ocrx_word' id='word_1_134' title='bbox 524 2174 637 2241; x_wconf 88' lang='lat' dir='ltr'><strong>accidit</strong></span> <span class='ocrx_word' id='word_1_135' title='bbox 652 2186 774 2256; x_wconf 86' lang='lat' dir='ltr'><strong>autem,</strong></span> <span class='ocrx_word' id='word_1_136' title='bbox 790 2175 863 2243; x_wconf 92' lang='lat' dir='ltr'><strong>dum</strong></span> <span class='ocrx_word' id='word_1_137' title='bbox 881 2176 1011 2257; x_wconf 90' lang='lat' dir='ltr'><strong>Petrus,</strong></span> <span class='ocrx_word' id='word_1_138' title='bbox 1027 2186 1182 2265; x_wconf 86' lang='lat' dir='ltr'><strong>tamquam</strong></span> <span class='ocrx_word' id='word_1_139' title='bbox 1200 2197 1366 2267; x_wconf 91' lang='lat' dir='ltr'><strong>supremus</strong></span> 
     </span>
     <span class='ocr_line' id='line_1_15' title="bbox 178 2296 1365 2389; baseline 0.003 -26"><span class='ocrx_word' id='word_1_140' title='bbox 178 2298 317 2376; x_wconf 86' lang='lat' dir='ltr'><strong>Pastor¹,</strong></span> <span class='ocrx_word' id='word_1_141' title='bbox 342 2296 481 2384; x_wconf 89' lang='lat' dir='ltr'><strong>singulos</strong></span> <span class='ocrx_word' id='word_1_142' title='bbox 509 2318 583 2365; x_wconf 93' lang='lat' dir='ltr'><strong>suos</strong></span> <span class='ocrx_word' id='word_1_143' title='bbox 610 2318 719 2386; x_wconf 83' lang='lat' dir='ltr'><strong>greges</strong></span> <span class='ocrx_word' id='word_1_144' title='bbox 747 2318 803 2386; x_wconf 89' lang='lat' dir='ltr'><strong>per</strong></span> <span class='ocrx_word' id='word_1_145' title='bbox 832 2308 925 2365; x_wconf 90' lang='lat' dir='ltr'><strong>totam</strong></span> <span class='ocrx_word' id='word_1_146' title='bbox 953 2298 1158 2366; x_wconf 85' lang='lat' dir='ltr'><strong>Palaestinam</strong></span> <span class='ocrx_word' id='word_1_147' title='bbox 1183 2299 1365 2389; x_wconf 91' lang='lat' dir='ltr'><strong>dispersos,</strong></span> 
     </span>
     <span class='ocr_line' id='line_1_16' title="bbox 179 2419 1367 2512; baseline -0.002 -24"><span class='ocrx_word' id='word_1_148' title='bbox 179 2441 263 2488; x_wconf 88' lang='lat' dir='ltr'><strong>nuuc</strong></span> <span class='ocrx_word' id='word_1_149' title='bbox 286 2419 371 2488; x_wconf 87' lang='lat' dir='ltr'><strong>buno</strong></span> <span class='ocrx_word' id='word_1_150' title='bbox 387 2441 471 2488; x_wconf 90' lang='lat' dir='ltr'><strong>nuno</strong></span> <span class='ocrx_word' id='word_1_151' title='bbox 487 2421 575 2488; x_wconf 90' lang='lat' dir='ltr'><strong>illum</strong></span> <span class='ocrx_word' id='word_1_152' title='bbox 593 2422 758 2500; x_wconf 87' lang='lat' dir='ltr'><strong>inviseret,</strong></span> <span class='ocrx_word' id='word_1_153' title='bbox 777 2431 811 2488; x_wconf 94' lang='lat' dir='ltr'><strong>ut</strong></span> <span class='ocrx_word' id='word_1_154' title='bbox 831 2422 1007 2511; x_wconf 87' lang='lat' dir='ltr'><strong>perveniret</strong></span> <span class='ocrx_word' id='word_1_155' title='bbox 1023 2425 1118 2487; x_wconf 86' lang='lat' dir='ltr'><strong>etiam</strong></span> <span class='ocrx_word' id='word_1_156' title='bbox 1138 2424 1180 2487; x_wconf 88' lang='lat' dir='ltr'><strong>ad</strong></span> <span class='ocrx_word' id='word_1_157' title='bbox 1195 2423 1262 2512; x_wconf 78' lang='lat' dir='ltr'><strong>(aaa</strong></span> <span class='ocrx_word' id='word_1_158' title='bbox 1279 2421 1367 2512; x_wconf 83' lang='grc' dir='ltr'>προς)</span> 
     </span>
     <span class='ocr_line' id='line_1_17' title="bbox 179 2542 1364 2634; baseline 0.002 -24"><span class='ocrx_word' id='word_1_159' title='bbox 179 2555 306 2610; x_wconf 83' lang='lat' dir='ltr'><strong>sanatos</strong></span> <span class='ocrx_word' id='word_1_160' title='bbox 327 2545 409 2632; x_wconf 79' lang='grc' dir='ltr'>(τους</span> <span class='ocrx_word' id='word_1_161' title='bbox 433 2542 548 2634; x_wconf 67' lang='lat' dir='ltr'><strong>apruna)</strong></span> <span class='ocrx_word' id='word_1_162' title='bbox 566 2546 588 2611; x_wconf 93' lang='lat' dir='ltr'><strong>i.</strong></span> <span class='ocrx_word' id='word_1_163' title='bbox 608 2565 637 2611; x_wconf 94' lang='lat' dir='ltr'><strong>e.</strong></span> <span class='ocrx_word' id='word_1_164' title='bbox 657 2545 695 2613; x_wconf 90' lang='lat' dir='ltr'><strong>ad</strong></span> <span class='ocrx_word' id='word_1_165' title='bbox 719 2543 929 2623; x_wconf 88' lang='lat' dir='ltr'><strong>Christianos,</strong></span> <span class='ocrx_word' id='word_1_166' title='bbox 949 2546 1002 2633; x_wconf 89' lang='lat' dir='ltr'><strong>qui</strong></span> <span class='ocrx_word' id='word_1_167' title='bbox 1025 2544 1203 2612; x_wconf 88' lang='lat' dir='ltr'><strong>habitabant</strong></span> <span class='ocrx_word' id='word_1_168' title='bbox 1226 2544 1364 2631; x_wconf 88' lang='lat' dir='ltr'><strong>Lyddae.</strong></span> 
     </span>
     <span class='ocr_line' id='line_1_18' title="bbox 179 2667 1366 2757; baseline 0.001 -22"><span class='ocrx_word' id='word_1_169' title='bbox 179 2706 226 2720; x_wconf 90' lang='lat'>-</span> <span class='ocrx_word' id='word_1_170' title='bbox 243 2669 370 2756; x_wconf 89' lang='lat' dir='ltr'><strong>Lyddae</strong></span> <span class='ocrx_word' id='word_1_171' title='bbox 386 2667 469 2757; x_wconf 68' lang='lat' dir='ltr'><strong>(iil,</strong></span> <span class='ocrx_word' id='word_1_172' title='bbox 495 2668 650 2755; x_wconf 67' lang='lat' dir='ltr'><strong>IChron.</strong></span> <span class='ocrx_word' id='word_1_173' title='bbox 673 2670 752 2738; x_wconf 97' lang='lat' dir='ltr'>VIII</span> <span class='ocrx_word' id='word_1_174' title='bbox 776 2690 784 2730; x_wconf 91' lang='lat'>:</span> <span class='ocrx_word' id='word_1_175' title='bbox 809 2668 860 2746; x_wconf 68' lang='lat' dir='ltr'><strong>II)</strong></span> <span class='ocrx_word' id='word_1_176' title='bbox 885 2669 1075 2736; x_wconf 88' lang='lat' dir='ltr'><strong>Palaestinae</strong></span> <span class='ocrx_word' id='word_1_177' title='bbox 1096 2671 1184 2736; x_wconf 87' lang='lat' dir='ltr'><strong>vicus</strong></span> <span class='ocrx_word' id='word_1_178' title='bbox 1207 2680 1292 2750; x_wconf 89' lang='lat' dir='ltr'><strong>erat,</strong></span> <span class='ocrx_word' id='word_1_179' title='bbox 1311 2669 1366 2737; x_wconf 93' lang='lat' dir='ltr'><strong>sed</strong></span> 
     </span>
     <span class='ocr_line' id='line_1_19' title="bbox 181 2791 1366 2882; baseline 0 -23"><span class='ocrx_word' id='word_1_180' title='bbox 181 2793 237 2881; x_wconf 90' lang='lat' dir='ltr'><strong>qui</strong></span> <span class='ocrx_word' id='word_1_181' title='bbox 268 2791 473 2882; x_wconf 89' lang='lat' dir='ltr'><strong>amplitudine</strong></span> <span class='ocrx_word' id='word_1_182' title='bbox 500 2811 555 2861; x_wconf 86' lang='lat' dir='ltr'><strong>sua</strong></span> <span class='ocrx_word' id='word_1_183' title='bbox 584 2803 614 2858; x_wconf 91' lang='lat' dir='ltr'><strong>et</strong></span> <span class='ocrx_word' id='word_1_184' title='bbox 642 2793 814 2860; x_wconf 90' lang='lat' dir='ltr'><strong>incolarum</strong></span> <span class='ocrx_word' id='word_1_185' title='bbox 838 2793 1035 2860; x_wconf 89' lang='lat' dir='ltr'><strong>multitudine</strong></span> <span class='ocrx_word' id='word_1_186' title='bbox 1061 2792 1170 2860; x_wconf 89' lang='lat' dir='ltr'><strong>urbem</strong></span> <span class='ocrx_word' id='word_1_187' title='bbox 1200 2804 1366 2882; x_wconf 86' lang='lat' dir='ltr'><strong>aequaret,</strong></span> 
     </span>
     <span class='ocr_line' id='line_1_20' title="bbox 182 2914 1369 3008; baseline 0.002 -25"><span class='ocrx_word' id='word_1_188' title='bbox 182 2936 281 3006; x_wconf 87' lang='lat' dir='ltr'><strong>quare</strong></span> <span class='ocrx_word' id='word_1_189' title='bbox 304 2929 334 2984; x_wconf 88' lang='lat' dir='ltr'><strong>et</strong></span> <span class='ocrx_word' id='word_1_190' title='bbox 360 2914 535 3004; x_wconf 80' lang='grc' dir='ltr'>κωμοπολις</span> <span class='ocrx_word' id='word_1_191' title='bbox 558 2917 672 2986; x_wconf 90' lang='lat' dir='ltr'><strong>dieitur</strong></span> <span class='ocrx_word' id='word_1_192' title='bbox 700 2919 799 2986; x_wconf 88' lang='lat' dir='ltr'><strong>Maro.</strong></span> <span class='ocrx_word' id='word_1_193' title='bbox 824 2920 863 2985; x_wconf 93' lang='lat' dir='ltr'><strong>I:</strong></span> <span class='ocrx_word' id='word_1_194' title='bbox 884 2919 938 2986; x_wconf 78' lang='lat'><strong>58.</strong></span> <span class='ocrx_word' id='word_1_195' title='bbox 964 2918 1028 2985; x_wconf 91' lang='lat' dir='ltr'><strong>Sita</strong></span> <span class='ocrx_word' id='word_1_196' title='bbox 1053 2928 1118 2984; x_wconf 91' lang='lat' dir='ltr'><strong>erat</strong></span> <span class='ocrx_word' id='word_1_197' title='bbox 1140 2917 1247 3004; x_wconf 84' lang='lat' dir='ltr'><strong>Lydda</strong></span> <span class='ocrx_word' id='word_1_198' title='bbox 1270 2938 1369 3008; x_wconf 85' lang='lat' dir='ltr'><strong>prope</strong></span> 
     </span>
     <span class='ocr_line' id='line_1_21' title="bbox 183 3041 1367 3131; baseline 0.001 -24"><span class='ocrx_word' id='word_1_199' title='bbox 183 3042 334 3129; x_wconf 91' lang='lat' dir='ltr'><strong>Ioppam,</strong></span> <span class='ocrx_word' id='word_1_200' title='bbox 352 3041 435 3108; x_wconf 91' lang='lat' dir='ltr'><strong>baud</strong></span> <span class='ocrx_word' id='word_1_201' title='bbox 458 3041 566 3131; x_wconf 88' lang='lat' dir='ltr'><strong>procul</strong></span> <span class='ocrx_word' id='word_1_202' title='bbox 582 3062 599 3109; x_wconf 92' lang='lat' dir='ltr'><strong>a</strong></span> <span class='ocrx_word' id='word_1_203' title='bbox 617 3043 695 3109; x_wconf 90' lang='lat' dir='ltr'><strong>mari</strong></span> <span class='ocrx_word' id='word_1_204' title='bbox 718 3042 956 3110; x_wconf 87' lang='lat' dir='ltr'><strong>mediterraneo.</strong></span> <span class='ocrx_word' id='word_1_205' title='bbox 978 3042 1069 3131; x_wconf 79' lang='lat' dir='ltr'><strong>Apud</strong></span> <span class='ocrx_word' id='word_1_206' title='bbox 1086 3042 1257 3131; x_wconf 84' lang='lat' dir='ltr'><strong>scriptores</strong></span> <span class='ocrx_word' id='word_1_207' title='bbox 1274 3041 1367 3109; x_wconf 91' lang='lat' dir='ltr'><strong>medii</strong></span> 
     </span>
    </p>
   </div>
   <div class='ocr_carea' id='block_1_7' title="bbox 183 3164 1367 3366">
    <p class='ocr_par' dir='ltr' id='par_1_7' title="bbox 183 3164 1367 3366">
     <span class='ocr_line' id='line_1_22' title="bbox 183 3164 1367 3253; baseline 0.003 -25"><span class='ocrx_word' id='word_1_208' title='bbox 183 3164 253 3229; x_wconf 87' lang='lat' dir='ltr'><strong>aeui</strong></span> <span class='ocrx_word' id='word_1_209' title='bbox 269 3175 396 3230; x_wconf 88' lang='lat' dir='ltr'><strong>vocatur</strong></span> <span class='ocrx_word' id='word_1_210' title='bbox 412 3165 502 3230; x_wconf 88' lang='lat' dir='ltr'><strong>etiam</strong></span> <span class='ocrx_word' id='word_1_211' title='bbox 528 3167 698 3249; x_wconf 82' lang='lat' dir='ltr'><strong>Diospolis.</strong></span> <span class='ocrx_word' id='word_1_212' title='bbox 720 3166 803 3234; x_wconf 91' lang='lat' dir='ltr'><strong>Vide</strong></span> <span class='ocrx_word' id='word_1_213' title='bbox 825 3164 954 3232; x_wconf 90' lang='lat' dir='ltr'><strong>Relandi</strong></span> <span class='ocrx_word' id='word_1_214' title='bbox 976 3167 1216 3246; x_wconf 83' lang='lat' dir='ltr'><strong>Palaestinam,</strong></span> <span class='ocrx_word' id='word_1_215' title='bbox 1235 3186 1268 3253; x_wconf 87' lang='lat' dir='ltr'><strong>p.</strong></span> <span class='ocrx_word' id='word_1_216' title='bbox 1287 3165 1367 3243; x_wconf 82' lang='lat'><strong>877,</strong></span> 
     </span>
     <span class='ocr_line' id='line_1_23' title="bbox 183 3285 1022 3366; baseline -0.001 -14"><span class='ocrx_word' id='word_1_217' title='bbox 183 3296 217 3352; x_wconf 92' lang='lat' dir='ltr'><strong>et</strong></span> <span class='ocrx_word' id='word_1_218' title='bbox 231 3285 357 3353; x_wconf 90' lang='lat' dir='ltr'><strong>Wineri</strong></span> <span class='ocrx_word' id='word_1_219' title='bbox 373 3287 552 3352; x_wconf 86' lang='lat' dir='ltr'><strong>Bibliscbas</strong></span> <span class='ocrx_word' id='word_1_220' title='bbox 568 3289 864 3366; x_wconf 61' lang='lat' dir='ltr'><strong>Reataortaroaau</strong></span> <span class='ocrx_word' id='word_1_221' title='bbox 884 3286 923 3353; x_wconf 91' lang='lat' dir='ltr'><strong>ad</strong></span> <span class='ocrx_word' id='word_1_222' title='bbox 939 3285 973 3352; x_wconf 90' lang='lat' dir='ltr'><strong>b.</strong></span> <span class='ocrx_word' id='word_1_223' title='bbox 993 3307 1022 3352; x_wconf 90' lang='lat' dir='ltr'><strong>v.</strong></span> 
     </span>
    </p>
   </div>
   <div class='ocr_carea' id='block_1_8' title="bbox 85 3521 1373 4107">
    <p class='ocr_par' dir='ltr' id='par_1_8' title="bbox 85 3521 1373 4107">
     <span class='ocr_line' id='line_1_24' title="bbox 235 3521 1369 3613; baseline 0.003 -25"><span class='ocrx_word' id='word_1_224' title='bbox 235 3522 291 3588; x_wconf 81' lang='lat'><strong>55.</strong></span> <span class='ocrx_word' id='word_1_225' title='bbox 319 3521 449 3585; x_wconf 88' lang='lat' dir='ltr'><strong>Iuoeuit</strong></span> <span class='ocrx_word' id='word_1_226' title='bbox 476 3531 581 3586; x_wconf 88' lang='lat' dir='ltr'><strong>autem</strong></span> <span class='ocrx_word' id='word_1_227' title='bbox 606 3523 651 3587; x_wconf 88' lang='lat' dir='ltr'><strong>ibi</strong></span> <span class='ocrx_word' id='word_1_228' title='bbox 674 3523 832 3587; x_wconf 83' lang='lat' dir='ltr'><strong>bominem</strong></span> <span class='ocrx_word' id='word_1_229' title='bbox 854 3525 1037 3607; x_wconf 86' lang='lat' dir='ltr'><strong>quemdam,</strong></span> <span class='ocrx_word' id='word_1_230' title='bbox 1061 3522 1150 3605; x_wconf 76' lang='lat' dir='ltr'><strong>etc).</strong></span> <span class='ocrx_word' id='word_1_231' title='bbox 1174 3525 1242 3590; x_wconf 88' lang='lat' dir='ltr'><strong>Non</strong></span> <span class='ocrx_word' id='word_1_232' title='bbox 1265 3533 1369 3613; x_wconf 89' lang='lat' dir='ltr'><strong>putem</strong></span> 
     </span>
     <span class='ocr_line' id='line_1_25' title="bbox 85 3642 1371 3738; baseline 0.005 -26"><span class='ocrx_word' id='word_1_233' title='bbox 85 3727 89 3733; x_wconf 21' lang='grc'>1</span> <span class='ocrx_word' id='word_1_234' title='bbox 188 3644 349 3713; x_wconf 91' lang='lat' dir='ltr'><strong>bominem</strong></span> <span class='ocrx_word' id='word_1_235' title='bbox 366 3642 450 3710; x_wconf 93' lang='lat' dir='ltr'><strong>hunc</strong></span> <span class='ocrx_word' id='word_1_236' title='bbox 466 3643 561 3710; x_wconf 87' lang='lat' dir='ltr'><strong>fuisse</strong></span> <span class='ocrx_word' id='word_1_237' title='bbox 578 3664 738 3712; x_wconf 89' lang='lat' dir='ltr'><strong>enumero</strong></span> <span class='ocrx_word' id='word_1_238' title='bbox 758 3644 1006 3714; x_wconf 88' lang='lat' dir='ltr'><strong>Christianorum</strong></span> <span class='ocrx_word' id='word_1_239' title='bbox 1023 3647 1255 3733; x_wconf 93' lang='lat' dir='ltr'><strong>Lyddensium,</strong></span> <span class='ocrx_word' id='word_1_240' title='bbox 1275 3670 1371 3738; x_wconf 87' lang='lat' dir='ltr'><strong>quum</strong></span> 
     </span>
     <span class='ocr_line' id='line_1_26' title="bbox 190 3769 1373 3860; baseline 0.002 -22"><span class='ocrx_word' id='word_1_241' title='bbox 190 3772 293 3838; x_wconf 89' lang='lat' dir='ltr'><strong>Lucas</strong></span> <span class='ocrx_word' id='word_1_242' title='bbox 309 3789 380 3834; x_wconf 87' lang='lat' dir='ltr'><strong>eum</strong></span> <span class='ocrx_word' id='word_1_243' title='bbox 397 3789 458 3835; x_wconf 93' lang='lat' dir='ltr'><strong>non</strong></span> <span class='ocrx_word' id='word_1_244' title='bbox 474 3780 563 3836; x_wconf 87' lang='lat' dir='ltr'><strong>vocet</strong></span> <span class='ocrx_word' id='word_1_245' title='bbox 578 3772 789 3854; x_wconf 86' lang='lat' dir='ltr'><strong>discipulum,</strong></span> <span class='ocrx_word' id='word_1_246' title='bbox 807 3781 841 3836; x_wconf 92' lang='lat' dir='ltr'><strong>ut</strong></span> <span class='ocrx_word' id='word_1_247' title='bbox 858 3791 931 3838; x_wconf 89' lang='lat' dir='ltr'><strong>mox</strong></span> <span class='ocrx_word' id='word_1_248' title='bbox 946 3769 1008 3860; x_wconf 81' lang='lat' dir='ltr'><strong>(m.</strong></span> <span class='ocrx_word' id='word_1_249' title='bbox 1028 3773 1082 3857; x_wconf 80' lang='grc'><strong>56)</strong></span> <span class='ocrx_word' id='word_1_250' title='bbox 1100 3769 1265 3838; x_wconf 88' lang='lat' dir='ltr'><strong>&#39;Iabitbam</strong></span> <span class='ocrx_word' id='word_1_251' title='bbox 1283 3783 1373 3840; x_wconf 90' lang='lat' dir='ltr'><strong>vocat</strong></span> 
     </span>
     <span class='ocr_line' id='line_1_27' title="bbox 123 3884 1373 3978; baseline 0.003 -20"><span class='ocrx_word' id='word_1_252' title='bbox 123 3884 127 3890; x_wconf 73' lang='grc'><strong>’</strong></span> <span class='ocrx_word' id='word_1_253' title='bbox 191 3895 381 3976; x_wconf 86' lang='lat' dir='ltr'><strong>discipulam</strong></span> <span class='ocrx_word' id='word_1_254' title='bbox 404 3895 586 3978; x_wconf 79' lang='lat' dir='ltr'><strong>precandam.</strong></span> <span class='ocrx_word' id='word_1_255' title='bbox 612 3893 768 3962; x_wconf 89' lang='lat' dir='ltr'><strong>Gentilem</strong></span> <span class='ocrx_word' id='word_1_256' title='bbox 796 3893 884 3961; x_wconf 94' lang='lat' dir='ltr'><strong>illum</strong></span> <span class='ocrx_word' id='word_1_257' title='bbox 911 3894 1007 3962; x_wconf 86' lang='lat' dir='ltr'><strong>luisse</strong></span> <span class='ocrx_word' id='word_1_258' title='bbox 1031 3906 1083 3962; x_wconf 89' lang='lat' dir='ltr'><strong>aut</strong></span> <span class='ocrx_word' id='word_1_259' title='bbox 1105 3895 1251 3962; x_wconf 90' lang='lat' dir='ltr'><strong>Iudaeum</strong></span> <span class='ocrx_word' id='word_1_260' title='bbox 1267 3896 1373 3962; x_wconf 93' lang='lat' dir='ltr'><strong>Helle-</strong></span> 
     </span>
     <span class='ocr_line' id='line_1_28' title="bbox 193 4015 1372 4107; baseline 0.005 -26"><span class='ocrx_word' id='word_1_261' title='bbox 193 4016 322 4094; x_wconf 90' lang='lat' dir='ltr'><strong>nistam,</strong></span> <span class='ocrx_word' id='word_1_262' title='bbox 348 4015 509 4104; x_wconf 88' lang='lat' dir='ltr'><strong>probabile</strong></span> <span class='ocrx_word' id='word_1_263' title='bbox 525 4027 590 4094; x_wconf 91' lang='lat' dir='ltr'><strong>est,</strong></span> <span class='ocrx_word' id='word_1_264' title='bbox 609 4036 705 4106; x_wconf 90' lang='lat' dir='ltr'><strong>quum</strong></span> <span class='ocrx_word' id='word_1_265' title='bbox 721 4018 842 4084; x_wconf 80' lang='lat' dir='ltr'><strong>Aeneas</strong></span> <span class='ocrx_word' id='word_1_266' title='bbox 859 4015 997 4107; x_wconf 80' lang='grc' dir='ltr'>(Αινεας)</span> <span class='ocrx_word' id='word_1_267' title='bbox 1018 4038 1129 4087; x_wconf 94' lang='lat' dir='ltr'><strong>nomen</strong></span> <span class='ocrx_word' id='word_1_268' title='bbox 1146 4019 1301 4086; x_wconf 89' lang='lat' dir='ltr'><strong>Graecum</strong></span> <span class='ocrx_word' id='word_1_269' title='bbox 1318 4021 1372 4087; x_wconf 86' lang='lat' dir='ltr'><strong>sit.</strong></span> 
     </span>
    </p>
   </div>
   <div class='ocr_carea' id='block_1_9' title="bbox 176 4226 1375 4309">
    <p class='ocr_par' dir='ltr' id='par_1_9' title="bbox 176 4226 1375 4309">
     <span class='ocr_line' id='line_1_29' title="bbox 176 4226 1375 4309; baseline 0.004 -16"><span class='ocrx_word' id='word_1_270' title='bbox 176 4294 179 4299; x_wconf 83' lang='grc'>,</span> <span class='ocrx_word' id='word_1_271' title='bbox 228 4228 248 4295; x_wconf 87' lang='lat'><strong>¹)</strong></span> <span class='ocrx_word' id='word_1_272' title='bbox 266 4228 294 4280; x_wconf 81' lang='lat' dir='ltr'><strong>S·</strong></span> <span class='ocrx_word' id='word_1_273' title='bbox 308 4227 439 4292; x_wconf 77' lang='lat' dir='ltr'><strong>chrysost.</strong></span> <span class='ocrx_word' id='word_1_274' title='bbox 462 4227 546 4293; x_wconf 56' lang='lat' dir='ltr'>(11⁰¹st</span> <span class='ocrx_word' id='word_1_275' title='bbox 561 4229 620 4280; x_wconf 75' lang='lat' dir='ltr'><strong>XXI</strong></span> <span class='ocrx_word' id='word_1_276' title='bbox 641 4228 674 4279; x_wconf 65' lang='grc' dir='ltr'><strong>δᾶ</strong></span> <span class='ocrx_word' id='word_1_277' title='bbox 694 4229 721 4279; x_wconf 90' lang='lat' dir='ltr'><strong>h.</strong></span> <span class='ocrx_word' id='word_1_278' title='bbox 734 4226 763 4293; x_wconf 87' lang='lat' dir='ltr'><strong>I.)</strong></span> <span class='ocrx_word' id='word_1_279' title='bbox 809 4226 905 4304; x_wconf 82' lang='grc' dir='ltr'>ταξεις</span> <span class='ocrx_word' id='word_1_280' title='bbox 917 4235 1103 4309; x_wconf 80' lang='grc' dir='ltr'><strong>επισκοπῶν,</strong></span> <span class='ocrx_word' id='word_1_281' title='bbox 1122 4243 1182 4297; x_wconf 88' lang='lat' dir='ltr'><strong>h.e.</strong></span> <span class='ocrx_word' id='word_1_282' title='bbox 1196 4262 1209 4290; x_wconf 75' lang='grc' dir='ltr'><strong>α</strong></span> <span class='ocrx_word' id='word_1_283' title='bbox 1223 4244 1308 4298; x_wconf 83' lang='lat' dir='ltr'><strong>Veluti</strong></span> <span class='ocrx_word' id='word_1_284' title='bbox 1318 4247 1375 4298; x_wconf 77' lang='lat' dir='ltr'><strong>aaa</strong></span> 
     </span>
    </p>
   </div>
   <div class='ocr_carea' id='block_1_10' title="bbox 197 4295 1375 4474">
    <p class='ocr_par' dir='ltr' id='par_1_10' title="bbox 197 4295 1375 4474">
     <span class='ocr_line' id='line_1_30' title="bbox 197 4295 1375 4395; baseline 0.01 -29"><span class='ocrx_word' id='word_1_285' title='bbox 197 4310 229 4362; x_wconf 76' lang='lat' dir='ltr'><strong>de</strong></span> <span class='ocrx_word' id='word_1_286' title='bbox 256 4311 335 4361; x_wconf 77' lang='lat' dir='ltr'><strong>Petro</strong></span> <span class='ocrx_word' id='word_1_287' title='bbox 361 4309 405 4360; x_wconf 70' lang='lat' dir='ltr'><strong>hic</strong></span> <span class='ocrx_word' id='word_1_288' title='bbox 432 4295 687 4386; x_wconf 70' lang='lat' dir='ltr'><strong>a101a21taeaaap</strong></span> <span class='ocrx_word' id='word_1_289' title='bbox 719 4319 763 4369; x_wconf 62' lang='lat'><strong>²¹4</strong></span> <span class='ocrx_word' id='word_1_290' title='bbox 809 4327 917 4391; x_wconf 83' lang='lat' dir='ltr'><strong>puidam</strong></span> <span class='ocrx_word' id='word_1_291' title='bbox 938 4329 1069 4380; x_wconf 75' lang='lat' dir='ltr'><strong>accercitus</strong></span> <span class='ocrx_word' id='word_1_292' title='bbox 1096 4328 1239 4390; x_wconf 78' lang='lat' dir='ltr'><strong>circuibat,</strong></span> <span class='ocrx_word' id='word_1_293' title='bbox 1264 4329 1375 4395; x_wconf 73' lang='lat' dir='ltr'><strong>agmina</strong></span> 
     </span>
     <span class='ocr_line' id='line_1_31' title="bbox 198 4401 961 4474; baseline 0.018 -27"><span class='ocrx_word' id='word_1_294' title='bbox 198 4407 380 4474; x_wconf 78' lang='grc' dir='ltr'><strong>στρατηγος,</strong></span> <span class='ocrx_word' id='word_1_295' title='bbox 413 4401 514 4467; x_wconf 83' lang='lat' dir='ltr'><strong>inquil,</strong></span> <span class='ocrx_word' id='word_1_296' title='bbox 540 4407 671 4474; x_wconf 61' lang='grc' dir='ltr'>περιῄει,</span> <span class='ocrx_word' id='word_1_297' title='bbox 704 4407 758 4458; x_wconf 64' lang='lat' dir='ltr'><strong>wi</strong></span> <span class='ocrx_word' id='word_1_298' title='bbox 804 4411 961 4461; x_wconf 74' lang='lat' dir='ltr'><strong>lustrans.»</strong></span> 
     </span>
    </p>
   </div>
   <div class='ocr_carea' id='block_1_11' title="bbox 0 0 1563 5054">
    <p class='ocr_par' dir='ltr' id='par_1_11' title="bbox 0 0 1563 5054">
     <span class='ocr_line' id='line_1_32' title="bbox 0 0 1563 5054; baseline 0 0"><span class='ocrx_word' id='word_1_299' title='bbox 0 0 1563 5054; x_wconf 95' lang='lat' dir='ltr'><strong> </strong></span> 
     </span>
    </p>
   </div>
  </div>
 </body>
</html>
