3074 5054
420 409 560 477 CAPUT
594 407 642 475 XI
652 455 661 486 ,
698 406 820 475 VERS.
860 406 982 472 l—l7.
1227 406 1293 473 299

153 599 254 665 t-o.
280 599 445 683 Incipiens
468 608 573 664 autem
595 599 734 680 Patrius,
759 604 847 686 ato).
875 597 995 664 Graece
1015 591 1180 687 αρξαμενος
1201 591 1235 660 h.
1260 613 1290 661 e.

105 742 251 787 exors-us.
270 721 390 789 Graeca
410 719 516 788 malim
542 720 590 786 sic
614 720 722 786 Latine
745 729 865 784 vertere
884 738 891 779 :
911 719 1027 784 Petrus
1050 728 1169 800 nutem,
1189 716 1293 784 andita

103 844 243 925 illorum,
260 843 520 933 expostulatione,
551 842 655 910 dicere
690 864 839 923 auorsus,
868 863 933 910 rem
963 861 1086 910 omnem
1115 863 1153 905 en
1181 843 1293 906 ordine

101 963 252 1056 (anesim)
271 969 336 1062 illis
360 969 523 1050 exposuit,
542 968 660 1042 dicens,
679 975 740 1032 cet.
766 965 855 1051 Quae
875 965 936 1032 iarn
961 964 1103 1052 sequitur
1120 963 1202 1030 Petri
1221 982 1293 1028 nar-

103 1090 184 1156 ratio
207 1088 270 1178 (vs.
294 1091 430 1176 e—ttt),
456 1087 534 1154 haec
558 1087 623 1154 fere
647 1086 755 1154 eadem
780 1098 827 1155 est
853 1108 925 1154 cum
953 1088 1057 1154 Lucae
1081 1086 1221 1154 eiusdem
1246 1087 1291 1152 rei

103 1214 302 1294 narratione,
329 1232 421 1302 qnam
447 1232 542 1302 snpra
564 1212 652 1302 (Cap.
678 1215 738 1281 X:
768 1216 827 1293 ll,
853 1211 943 1302 sqq.)
964 1215 1029 1300 jam
1052 1211 1288 1300 explicavimus.

152 1461 207 1527 lli.
232 1457 368 1540 Recepra
391 1468 468 1522 aurai
494 1461 624 1542 omnia).
656 1455 776 1523 Graece
801 1455 976 1526 ανεσπασθη
1000 1455 1135 1517 ἅπαντα.
1167 1452 1293 1520 Seilieet

102 1589 214 1675 ingens
238 1586 316 1654 illud
333 1586 497 1654 linteamen
522 1586 583 1652 unit
601 1605 672 1653 cnm
697 1585 735 1651 iis
762 1605 841 1674 quae
861 1584 1050 1653 continebat.
1075 1582 1169 1672 Apud
1186 1583 1292 1649 Histo-

103 1712 208 1790 ricos,
234 1720 359 1778 notante
383 1711 590 1779 Valckenario
615 1710 652 1777 ad
679 1710 762 1779 bunc
786 1712 907 1788 locum,
931 1732 1073 1795 ανασπᾳν
1097 1709 1292 1776 decennibus

102 1840 318 1929 frequentatur
336 1844 372 1906 iu
397 1851 518 1906 terrum
534 1841 715 1919 subductis,
733 1840 782 1906 rel
798 1842 955 1907 retractis.
976 1838 1127 1920 Ανασπᾳν
1144 1836 1197 1904 bic
1212 1835 1293 1903 valet

102 1963 298 2030 Nostratium
314 1964 494 2046 optrelrlreu.

153 2206 207 2272 ta.
291 2214 321 2269 et
337 2225 392 2269 seu
408 2207 528 2288 fratres
546 2205 629 2291 isti).
649 2206 731 2271 Hinc
744 2204 913 2292 colligitur,
928 2203 1121 2271 Christianos
1134 2202 1204 2269 illos
1219 2204 1291 2291 lop·

103 2347 218 2416 penses
242 2347 298 2394 sex
323 2327 453 2394 comites
471 2328 567 2396 luisse
585 2330 695 2410 Petri,
713 2330 864 2396 Caesarea
881 2326 1133 2414 Hierosolymam
1150 2325 1294 2414 proficis-

105 2452 221 2519 centis.

155 2703 210 2769 ll.
292 2704 327 2767 iu
343 2702 452 2786 quibus
473 2702 577 2767 saluus
599 2698 688 2780 cris).
715 2699 835 2767 Graece
856 2721 885 2762 eu
911 2702 953 2771 οἱς
976 2698 1114 2786 ambacu,
1135 2697 1168 2763 lr.
1189 2717 1217 2764 e.
1237 2717 1294 2785 per

105 2845 190 2916 quae
205 2824 338 2892 salutem
360 2824 574 2914 consequeris.
601 2823 796 2911 Praepositin
821 2846 850 2885 aa
875 2821 955 2889 dicta
980 2821 1033 2888 hic
1049 2833 1096 2888 est
1119 2825 1157 2886 cle
1175 2824 1295 2887 instru-

104 2961 215 3016 mento
238 2970 319 3036 quo,
344 2960 378 3016 ut
398 2968 491 3037 saepe
518 2947 604 3015 alibi.
627 2949 748 3036 Nempe
771 2970 800 3010 εν
824 2947 854 3013 in
878 2945 990 3013 talibus
1014 2947 1109 3012 refert
1130 2946 1296 3034 Praeposi-

106 3073 228 3139 tionem
244 3088 263 3130 ι
282 3070 481 3138 Hebraicam.

160 3318 214 3384 lb.
240 3317 321 3381 sicut
336 3325 364 3380 et
383 3318 417 3380 iu
434 3336 491 3380 aros
507 3317 541 3380 iu
558 3313 679 3399 initio).
705 3316 783 3382 Puta
807 3313 857 3381 die
879 3316 1095 3413 Pentecosten,
1123 3314 1246 3403 qnando
1264 3314 1294 3381 in

108 3450 319 3529 congregatos
334 3440 365 3507 in
383 3437 551 3507 coenaculo
569 3458 676 3506 omnes
692 3439 828 3528 Spiritus
845 3438 975 3505 Sanctus
992 3438 1121 3528 illapsus
1137 3449 1196 3505 est.

160 3683 307 3748 itt—tt.
325 3680 520 3746 Recordatur
536 3692 748 3764 saniculam,
769 3680 857 3767 ete).
876 3680 992 3748 Sensus
1009 3691 1055 3747 est
1074 3705 1082 3747 :
1100 3683 1184 3748 Tum
1201 3701 1294 3762 roro,

109 3827 186 3875 cum
211 3804 350 3884 riderem
374 3825 412 3870 ex
428 3802 509 3870 dono
534 3805 709 3892 linguarum
731 3806 780 3873 his
805 3806 982 3876 Gentilibus
1006 3807 1130 3888 collato,
1149 3806 1294 3895 illapsum

109 3931 211 3999 fuisse
227 3931 259 3996 in
276 3930 346 3996 illos
362 3930 514 4018 Spiritum
531 3931 698 4012 Sanctum,
717 3935 801 3998 sicut
817 3944 847 3997 et
864 3936 899 3997 iu
914 3955 971 3998 atos
1000 3936 1035 3997 iu
1060 3934 1174 4012 initio,
1192 3953 1297 3997 recor·

109 4059 303 4123 datus'sum
332 4054 438 4137 uerbi,
469 4054 553 4143 quod
577 4054 731 4122 Dominus
761 4055 969 4123 adscensurus
996 4057 1026 4121 in
1055 4054 1177 4123 coelum
1207 4054 1296 4122 nobis

111 4179 234 4248 dixerat
249 4199 256 4241 :
273 4180 410 4244 Ioouues
426 4181 555 4263 quidem
570 4182 746 4263 baptizavit
761 4203 856 4265 uqrra,
871 4202 924 4247 aas
939 4193 1042 4246 nutem
1059 4181 1299 4264 baptizabimini

112 4304 241 4388 Spiritu
268 4303 406 4386 Snucto;
434 4302 716 4372 animadvertebam
745 4325 875 4395 nempe,
901 4305 980 4372 hanc
1008 4305 1134 4372 Domini
1164 4304 1298 4393 prornis-

113 4428 234 4497 sionem
251 4425 415 4514 adimpleri
439 4425 529 4492 etiam
557 4427 587 4492 in
612 4428 758 4495 Cornelio
780 4430 954 4518 ceterisque
978 4429 1040 4495 illis
1056 4428 1245 4497 Gentilibus.
1265 4427 1297 4494 st
