3074 5054
176 386 224 451 iti
521 375 656 445 dfflS
689 377 1017 445 immotantur.

181 580 300 641 misene
323 578 473 639 funereus.
487 588 584 657 cuque
608 589 684 635 tuum
701 573 821 653 tropice
842 569 1034 655 significatur
1048 574 1119 634 acri
1132 573 1240 635 dudone
1253 569 1357 654 affici.

178 702 282 773 tim
295 698 420 767 uiuos
440 696 607 787 praecipue
631 694 724 761 inerit
737 693 994 770 (bristicidium
1012 706 1043 760 et
1062 693 1146 781 quod
1162 695 1266 760 iesu·
1280 705 1359 760 mm·

178 846 273 913 «quem
298 824 447 891 *emim
465 820 656 909 promissum
681 837 850 906 agnoscere
874 827 1050 905 negassent.
1075 819 1183 904 ltaque
1205 829 1360 904 quaerunt

178 952 218 1021 ab
245 948 415 1035 mustelis.
430 943 508 1033 quid
522 943 585 1011 sibi
601 942 682 1009 beto
697 963 779 1031 opus
793 943 835 1008 sit
849 940 889 1008 nd
904 942 1029 1031 culpam
1049 962 1136 1010 suam
1159 941 1357 1030 expiandam.

224 1200 279 1265 5&
311 1196 541 1261 irrenetsmtimn
562 1195 667 1275 sepite,
683 1191 775 1278 cet).
802 1191 920 1258 Sensus
943 1202 990 1257 est
1008 1215 1016 1256 ε
1035 1190 1196 1256 Paeniteat
1215 1209 1272 1256 sos
1291 1189 1359 1255 cnl-

180 1339 289 1407 puuum
322 1316 549 1385 mmmmm.
582 1326 675 1401 atque
706 1315 748 1379 ita
781 1312 912 1402 quilibet
945 1314 1102 1392 vestrim,
1137 1332 1249 1378 numen
1280 1314 1360 1379 lesu

178 1444 295 1513 ttnrtsti
324 1442 503 1513 sentimus.
519 1439 670 1527 suscipiat
693 1438 900 1527 baptismum,
924 1449 959 1503 ut
981 1458 1018 1505 eo
1042 1437 1163 1504 iavacro
1185 1439 1360 1526 inpeccatis

180 1568 313 1657 quisque
328 1564 395 1632 suis
410 1561 595 1641 mundatum
609 1559 720 1627 deinde
737 1581 793 1649 per
809 1581 954 1628 munuum
972 1561 1200 1650 impositionem
1212 1560 1270 1649 (ci.
1285 1564 1356 1628 Aet.

181 1691 257 1759 tttt
284 1716 294 1755 ε
322 1690 368 1757 ii'
395 1686 555 1775 auuipietis
579 1685 729 1774 Spiritum
754 1685 914 1751 Sanctum.
939 1685 1002 1751 Pro
1030 1686 1139 1751 Latino
1167 1689 1203 1749 in
1228 1689 1360 1751 noereine

179 1818 256 1881 desc
274 1814 401 1881 tiu-isti
423 1811 544 1879 Graece
567 1819 614 1875 est
633 1831 682 1871 επι
702 1832 746 1892 τῳ
763 1829 889 1893 erepere
906 1809 932 1873 Ι.
951 1809 1010 1888 Χ.,
1024 1808 1077 1874 ubi
1100 1808 1293 1897 Praepositio
1309 1832 1360 1871 επι

181 1934 284 2003 satem
310 1932 433 2000 uidetur
458 1953 566 2014 super,
596 1930 683 2018 quasi
713 1929 834 1996 dicatur
862 1929 1059 2017 baptizandos
1084 1951 1138 1997 eos
1166 1951 1235 1997 esse
1260 1953 1360 2014 super

180 2058 408 2139 resmissionem
437 2057 576 2119 tintinnis
597 2055 672 2119 Iesu
701 2053 841 2136 Christi,
866 2054 888 2119 i.
915 2075 945 2120 e.
971 2056 1140 2143 praemissu
1164 2057 1359 2124 consessione

181 2182 316 2250 ttsuuinis
337 2184 409 2248 lesu
431 2179 562 2247 Christi.
588 2180 637 2246 Cf.
660 2182 731 2247 Act.
758 2181 1226 2270 v111157‚58.l>raep0siue
1248 2206 1288 2257 εις
1309 2183 1357 2272 (in

181 2328 221 2379 sn
237 2304 361 2397 sesan)
384 2304 465 2371 dicta
487 2315 534 2370 est
554 2307 592 2368 de
614 2305 726 2386 effectu
748 2305 915 2369 obtinendo
937 2324 992 2393 per
1013 2306 1225 2395 Baptismum3
1251 2307 1359 2373 confer

184 2430 341 2518 ansigisum
364 2440 408 2494 tot
424 2456 433 2493 :
451 2427 589 2517 adeoque
610 2428 781 2516 baptismus
804 2428 856 2495 bie
878 2429 1043 2497 exhibetur
1058 2443 1214 2519 tamquam
1230 2455 1358 2498 sacraene

182 2552 336 2642 quoddam
354 2556 618 2632 instrumentum,
637 2573 699 2641 equo
716 2552 874 2620 confertur
889 2556 1032 2622 remissio
1048 2568 1259 2645 peccatorum.

224 2687 255 2740 et
278 2678 461 2760 accipietis,
486 2676 572 2758 cet).
604 2678 707 2762 Quum
728 2676 805 2743 illud
832 2688 861 2741 et
888 2682 1070 2763 accipietis,
1094 2691 1170 2760 cet,
1199 2691 1356 2769 tamquam

178 2800 336 2867 diuersum
360 2798 435 2888 quid
458 2799 640 2866 subiiciatur
664 2800 840 2866 remissioni
865 2812 1082 2889 peccatorum,
1107 2822 1282 2870 sermonem
1305 2802 1358 2870 bic

178 2945 246 2991 esse
260 2935 382 3013 putem,
397 2923 576 2991 Sunrezium
595 2923 646 3009 (de
662 2924 800 2992 Sacram.
816 2925 966 2993 Confirm.
981 2928 1108 3017 Disput.
1129 2931 1190 3008 52,
1204 2929 1287 2995 Sect.
1310 2930 1356 3014 i),

178 3048 299 3114 Estium
328 3048 374 3135 (in
402 3048 469 3114 loca
491 3046 557 3114 diff.
580 3048 618 3115 ad
642 3048 675 3116 b.
695 3047 749 3133 i.),
773 3050 912 3139 aliosque
937 3063 1081 3133 secutus,
1108 3052 1146 3119 de
1169 3050 1357 3118 conserendo

177 3171 337 3259 baptizatis
360 3171 421 3237 iilis
449 3171 648 3239 Sacramenta
676 3173 946 3256 Confirmationis,
972 3197 1034 3267 quo
1063 3176 1198 3265 Spiritus
1225 3177 1357 3244 Sanctus

176 3294 334 3362 consertor
349 3298 391 3362 ad
406 3299 516 3363 robur.
535 3298 640 3365 Prima
656 3310 758 3366 autem
782 3300 840 3368 bac
864 3302 1023 3368 Ecclesiae
1047 3313 1144 3368 aetate
1165 3301 1306 3390 baptizati
1324 3304 1356 3371 in

175 3415 377 3490 Sacramenta
394 3418 645 3486 Confirmationis
662 3420 812 3510 Spiritum
829 3424 976 3490 Sanctum
998 3422 1190 3511 recipiebant
1206 3443 1266 3490 non
1284 3444 1356 3491 rnre

176 3551 236 3616 una
252 3568 323 3614 cum
340 3546 444 3633 aliquo
461 3548 552 3628 sipuo
568 3549 815 3632 manifestante,
834 3560 868 3615 ut
880 3549 922 3614 ait
935 3550 968 3615 S.
984 3548 1122 3615 Thomas
1138 3546 1224 3637 (vide
1240 3569 1353 3636 supra,

176 3698 208 3764 p.
228 3676 297 3760 Ἡ),
316 3671 349 3738 b.
369 3691 398 3736 e.
418 3691 490 3737 cum
510 3670 613 3759 aliqua
634 3675 741 3754 pratia
763 3677 866 3753 pratis
889 3676 983 3756 datu,
1003 3683 1037 3740 ut
1053 3672 1204 3761 Theologi
1222 3674 1355 3762 loquun-

174 3812 236 3866 tur.
260 3797 308 3863 Cs.
332 3798 408 3884 Cap.
434 3796 511 3864 Vlli
539 3821 547 3860 ε
578 3796 636 3876 17,
657 3799 718 3875 18;
745 3798 824 3863 XlX
852 3818 859 3858 :
888 3801 920 3865 6.
946 3799 1057 3886 ltaque
1074 3801 1191 3864 durarem
1208 3799 1356 3882 Spiritus

173 3923 284 3987 Sancti
305 3918 484 4008 (Genitivus
508 3917 635 4006 obiecti)
664 3920 844 4009 intelligitur
867 3923 994 3989 effectus
1019 3923 1208 3991 Sacramenti
1233 3924 1352 3991 Confir-

180 4041 335 4113 metionis.

219 4270 274 4335 59.
306 4270 395 4335 Vobis
411 4272 497 4334 euim
514 4281 558 4334 est
578 4273 810 4356 repromissio).
829 4269 999 4337 Confirmat
1023 4270 1037 4359 (
1058 4267 1112 4359 ap)
1135 4271 1245 4335 Petrus
1270 4269 1355 4357 quud

161 4392 320 4459 'dixeratz
340 4398 522 4480 suscipietis,
540 4406 620 4475 cet.;
639 4418 732 4480 nane,
752 4397 868 4484 inquit,
886 4397 1052 4486 promissio
1070 4397 1121 4464 illa
1138 4398 1170 4486 (i
1186 4394 1353 4486 crappum.
