3074 5054
481 382 619 450 CAPUT
653 382 749 463 XXI,
787 381 908 449 Vsus,
948 383 1092 450 l0-lss.
1299 382 1364 450 505

233 573 287 640 I5.
314 573 402 638 Tuae
426 573 754 664 respenditPaulas,
780 576 864 658 eta).
888 569 1020 636 Paulum
1043 568 1085 636 ibi
1115 587 1240 648 annueS,
1265 588 1304 634 ne
1331 588 1365 634 se

180 692 394 788 committeret
417 692 671 778 Ilierasnlyrnae,
700 691 780 758 inter
800 691 913 758 effusas
942 691 1096 777 lacrymas
1120 689 1270 756 instanter
1291 709 1365 778 sup-

178 814 398 903 plicaverant..
415 816 486 904 lpse
508 835 582 881 vero
606 825 698 882 tenax
719 815 871 905 propositi
895 814 1057 904 respondit
1079 813 1169 880 illis:
1190 814 1276 892 Quia
1296 815 1365 897 plo-

177 941 265 1005 ratis
282 951 311 1004 el
327 939 412 1026 (flulti
432 947 546 1030 vestro)
563 942 713 1025 sraaqr'lt'o
731 941 771 1025 (τι
793 961 903 1003 ποιειτε
920 937 1073 1013 alateum
1096 961 1148 1001 και
1164 937 1365 1028 συνθρυπτοιι·

176 1059 241 1140 τες)
273 1083 328 1128 eor
354 1063 484 1128 meum?
506 1064 666 1130 Incassum
695 1061 772 1130 illud
795 1060 920 1140 Iaeitis3
946 1083 1000 1146 epe
1018 1063 1104 1126 euim
1127 1057 1211 1150 (pap)
1229 1072 1364 1145 paratus

175 1207 273 1269 sum,
293 1195 353 1252 ete.
370 1224 412 1234 -
428 1187 520 1275 Ὑπερ
538 1184 590 1253 hle
612 1196 755 1274 utsupra
777 1186 853 1274 Cap.
874 1186 904 1254 V
925 1210 933 1251 :
954 1187 1009 1252 ll.
1029 1222 1072 1233 -
1088 1183 1181 1269 Quod
1197 1183 1272 1250 dicit
1287 1185 1365 1251 Pau-

178 1306 233 1375 lus
254 1311 424 1394 franpas,
447 1328 484 1376 ea
501 1307 629 1388 indicat,
651 1328 685 1375 se
706 1306 908 1374 nihilominus
931 1326 1041 1395 magne
1065 1308 1178 1374 affeetu
1198 1308 1365 1375 condolere

176 1434 190 1500 i
196 1455 327 1524 psoram
345 1434 499 1502 tristitiae.

228 1556 433 1624 Loeutionem
454 1581 483 1620 τι
508 1579 617 1621 aeneae
636 1555 790 1632 κλαιοντες
813 1558 991 1625 tantumden
1009 1556 1089 1624 ualet
1112 1576 1149 1623 ae
1172 1580 1201 1619 τι
1224 1553 1363 1635 alatae,

177 1681 279 1749 veluti
307 1681 339 1749 in
367 1680 428 1749 hoo
455 1682 552 1749 Marci
577 1684 625 1749 XI
645 1708 653 1749 :
673 1685 693 1750 o
713 1708 721 1747 ε
739 1704 896 1746 reuersae
915 1680 1033 1756 λυοντες
1056 1703 1107 1745 τον
1129 1678 1249 1761 uniar,
1279 1679 1362 1770 quod

178 1803 325 1892 prolecta
349 1804 535 1893 slmplieiter
549 1802 629 1870 valet
644 1829 673 1868 τι
691 1801 786 1867 lvere.
806 1805 915 1870 -De
937 1803 1043 1892 phrasi
1061 1803 1219 1868 αποθανειν
1235 1825 1276 1877 εις
1291 1801 1361 1869 uida

179 1947 265 2017 quae
282 1928 454 1995 notavimus
478 1948 574 2013 supra
589 1926 628 1995 ad
651 1949 697 1996 us.
726 1931 758 1996 3.
776 1928 883 1996 Dietia
905 1926 1030 2014 ἑτοιμως
1054 1951 1116 2015 εχω
1137 1926 1361 2015 sIgnifieatiane

178 2072 245 2118 non
271 2051 376 2120 differt
391 2073 409 2120 a
424 2053 558 2120 dictione
578 2051 695 2140 ἕτοιμος
711 2076 774 2140 ειμι
795 2055 888 2144 (Luc.
908 2055 1003 2121 XXII
1022 2075 1030 2116 τ
1050 2053 1119 2133 55),
1137 2064 1189 2120 out
1205 2076 1234 2116 εν
1250 2050 1360 2138 ἑτοιμῳ

178 2197 246 2261 εχω
264 2174 297 2255 (2
314 2177 387 2243 Cor.
408 2177 467 2244 X:
487 2175 535 2264 6).
559 2176 710 2264 Polybius
739 2177 835 2267 (apud
858 2176 990 2267 Raphel.
1013 2178 1043 2244 in
1066 2180 1194 2245 Annuit.
1214 2174 1304 2242 adh.
1324 2174 1365 2261 l.)

181 2296 295 2365 eodem
323 2297 415 2366 modo
437 2298 541 2366 dixit:
567 2323 639 2391 προς
660 2324 720 2364 παν
744 2299 871 2387 irruptae
893 2323 989 2388 εχειν,
1014 2304 1056 2367 ad
1079 2303 1186 2366 emula
1209 2309 1364 2383 paratum

182 2446 265 2506 esse3
284 2435 315 2491 et
331 2425 426 2492 simili
445 2424 592 2493 adverbii
613 2446 684 2493 eum
701 2427 808 2496 Verbo
828 2450 907 2514 εχειν
924 2437 1080 2494 structura
1096 2425 1248 2492 Arrianus
1264 2425 1361 2515 (Eup.

184 2547 276 2615 Alex.
299 2548 370 2616 Lib.
390 2552 421 2630 I,
436 2551 513 2639 Cap.
533 2552 587 2638 oo)
604 2551 753 2639 scripsit:
772 2552 829 2614 Tar
852 2547 884 2614 δε
906 2552 963 2614 ὑπο
984 2572 1124 2638 rapaton
1141 2547 1291 2639 εγερθηναι
1309 2569 1362 2633 μεν

184 2667 344 2749 alteratae
366 2695 444 2761 εχειν
465 2697 497 2737 εκ
519 2698 572 2738 του
595 2675 708 2754 ὑπνου,
727 2698 798 2742 eum
817 2697 897 2761 prae
920 2678 1109 2742 lassitudiue
1126 2696 1141 2739 e
1157 2695 1266 2740 semaa
1284 2676 1365 2739 euci-

183 2798 250 2861 tari
264 2818 329 2863 aaa
344 2801 498 2881 petuisse.

228 3043 373 3110 tl-to.
393 3044 438 3110 Et
452 3065 522 3110 rum
539 3048 568 3109 ei
582 3045 713 3110 suadere
728 3065 791 3109 una
806 3065 985 3127 possemus,
1005 3044 1094 3130 eta).
1109 3043 1215 3132 Pergit
1231 3045 1332 3110 Lucas
1353 3069 1360 3111 :

182 3185 280 3248 quaerut
307 3187 381 3232 uero
409 3163 465 3255 (δε)
493 3171 524 3232 ei
547 3189 611 3233 aare
631 3171 882 3252 persuaderetur
911 3169 964 3254 (pu
992 3168 1165 3255 retorperet)
1189 3163 1221 3230 δε
1249 3190 1361 3245 aaron,

184 3306 279 3374 quum
302 3308 363 3355 non
389 3289 652 3377 persuaderetur),
673 3299 706 3356 ut
730 3310 768 3356 ne
792 3299 934 3378 pergeret
958 3288 1227 3376 Iliorosalymam,
1247 3287 1308 3356 hee
1324 3288 1364 3356 ab

183 3428 219 3476 eo
235 3421 342 3499 petere
358 3415 532 3497 paleatinus
549 3412 773 3504 (ἡσυχασαμεν)
791 3412 929 3480 dieentes
949 3439 956 3480 :
976 3413 1129 3481 Voluntas
1145 3413 1272 3480 Domini
1292 3412 1361 3480 liat!

184 3537 256 3602 Post
278 3534 349 3602 illos
370 3546 472 3604 autem
494 3536 561 3604 dies
577 3536 635 3618 (us.
659 3536 724 3618 to),
743 3559 839 3622 quum
862 3558 918 3602 aas
934 3539 975 3602 ad
992 3539 1053 3601 iter
1066 3558 1272 3622 parassemus
1288 3538 1361 3619 (επι-

183 3655 428 3744 σκευασαμενοι),
445 3658 694 3745 Hierosolymam
707 3657 936 3743 adsuendunas.
955 3660 1091 3725 luerunt
1103 3670 1205 3725 autem
1219 3657 1294 3725 illue
1306 3680 1361 3723 aa-

181 3784 298 3850 bt‘oaum
325 3780 482 3864 (συνηλθον
510 3806 566 3847 auu
590 3782 678 3869 ripen)
705 3787 800 3848 etiam
828 3782 906 3873 (aar)
933 3786 1083 3850 uouuullt‘
1107 3804 1146 3847 ex
1172 3782 1362 3849 Christianis

181 3905 255 3996 (rau
268 3907 428 3994 μαθητων,
446 3906 557 3996 supple
573 3930 664 3988 τινες,
682 3919 825 3996 utsupra
841 3908 918 3995 Cap.
935 3908 982 3973 IX
1001 3932 1009 3974 ε
1028 3905 1087 3995 35)
1106 3905 1361 3972 Caesaree'usibus

181 4027 257 4118 (arro
284 4031 499 4120 Καισαρειας),
525 4051 631 4099 seeum
658 4031 847 4100 adducentes
875 4023 1261 4121 Mnasonem'quendan,
1289 4043 1359 4099 ortu

181 4152 351 4244 Cyprium,
368 4155 528 4243 antiquum
549 4155 758 4246 discipulum,
777 4156 860 4246 apud
877 4176 970 4245 quem
995 4156 1231 4243 Hierosolymae
1254 4154 1361 4246 hospi·

182 4283 329 4342 taremnr.
348 4313 393 4324 -
408 4277 563 4342 Attreetie
586 4275 638 4344 hie
661 4288 725 4357 est;
740 4298 811 4345 narn
835 4299 873 4345 ex
897 4280 988 4347 solita
1010 4279 1136 4366 Syntaxi
1159 4276 1360 4346 seribendunn

184 4408 250 4465 erat
275 4421 283 4464 τ
310 4421 430 4492 αγονιες
452 4400 607 4467 Μνασωνα
634 4423 702 4466 τινα
729 4402 886 4492 Karpia,
911 4425 1041 4492 αρχαιον
1066 4402 1218 4490 pai-arur,
1241 4404 1312 4492 παρ’
1335 4407 1359 4489 ῲ
