<?xml version="1.0" encoding="UTF-8"?>
<!DOCTYPE html PUBLIC "-//W3C//DTD XHTML 1.0 Transitional//EN"
    "http://www.w3.org/TR/xhtml1/DTD/xhtml1-transitional.dtd">
<html xmlns="http://www.w3.org/1999/xhtml" xml:lang="en" lang="en">
 <head>
  <title>
</title>
<meta http-equiv="Content-Type" content="text/html;charset=utf-8" />
  <meta name='ocr-system' content='tesseract 3.04.00' />
  <meta name='ocr-capabilities' content='ocr_page ocr_carea ocr_par ocr_line ocrx_word'/>
</head>
<body>
  <div class='ocr_page' id='page_1' title='image "./commentariusina00beelgoog/commentariusina00beelgoog_0301.png"; bbox 0 0 3074 5054; ppageno 0'>
   <div class='ocr_carea' id='block_1_1' title="bbox 178 363 1031 448">
    <p class='ocr_par' dir='ltr' id='par_1_1' title="bbox 178 363 1031 448">
     <span class='ocr_line' id='line_1_1' title="bbox 178 363 1031 448; baseline 0.008 -19"><span class='ocrx_word' id='word_1_1' title='bbox 178 363 244 430; x_wconf 61' lang='grc' dir='ltr'>Μ</span> <span class='ocrx_word' id='word_1_2' title='bbox 530 363 665 431; x_wconf 78' lang='lat' dir='ltr'>AC&#39;l&#39;US</span> <span class='ocrx_word' id='word_1_3' title='bbox 694 363 1031 448; x_wconf 78' lang='lat' dir='ltr'>APOSTOLORUM,</span> 
     </span>
    </p>
   </div>
   <div class='ocr_carea' id='block_1_2' title="bbox 177 553 1362 1018">
    <p class='ocr_par' dir='ltr' id='par_1_2' title="bbox 177 553 1362 1018">
     <span class='ocr_line' id='line_1_2' title="bbox 177 553 1361 646; baseline 0.014 -35"><span class='ocrx_word' id='word_1_4' title='bbox 177 571 418 640; x_wconf 75' lang='grc' dir='ltr'><em>παραγενομενον</em></span> <span class='ocrx_word' id='word_1_5' title='bbox 443 574 592 641; x_wconf 79' lang='lat' dir='ltr'>uuupupou</span> <span class='ocrx_word' id='word_1_6' title='bbox 620 553 708 621; x_wconf 82' lang='lat' dir='ltr'>reddi</span> <span class='ocrx_word' id='word_1_7' title='bbox 737 567 863 644; x_wconf 83' lang='lat' dir='ltr'>possent</span> <span class='ocrx_word' id='word_1_8' title='bbox 890 556 950 623; x_wconf 90' lang='lat' dir='ltr'>boo</span> <span class='ocrx_word' id='word_1_9' title='bbox 978 557 1071 626; x_wconf 89' lang='lat' dir='ltr'>modo</span> <span class='ocrx_word' id='word_1_10' title='bbox 1095 580 1103 621; x_wconf 92' lang='lat'><strong>:</strong></span> <span class='ocrx_word' id='word_1_11' title='bbox 1127 580 1237 644; x_wconf 83' lang='lat' dir='ltr'>quem,</span> <span class='ocrx_word' id='word_1_12' title='bbox 1261 582 1361 646; x_wconf 85' lang='lat' dir='ltr'>quum</span> 
     </span>
     <span class='ocr_line' id='line_1_3' title="bbox 178 678 1362 776; baseline 0.008 -34"><span class='ocrx_word' id='word_1_13' title='bbox 178 679 370 761; x_wconf 82' lang='lat' dir='ltr'>aduenisset,</span> <span class='ocrx_word' id='word_1_14' title='bbox 389 679 549 743; x_wconf 78' lang='lat' dir='ltr'>duruerunt</span> <span class='ocrx_word' id='word_1_15' title='bbox 566 678 598 744; x_wconf 94' lang='lat' dir='ltr'>in</span> <span class='ocrx_word' id='word_1_16' title='bbox 623 681 825 748; x_wconf 87' lang='lat' dir='ltr'>ooenaoulutn</span> <span class='ocrx_word' id='word_1_17' title='bbox 844 680 920 748; x_wconf 91' lang='lat' dir='ltr'>illud</span> <span class='ocrx_word' id='word_1_18' title='bbox 936 680 992 770; x_wconf 84' lang='grc' dir='ltr'>(εις</span> <span class='ocrx_word' id='word_1_19' title='bbox 1007 707 1041 747; x_wconf 85' lang='grc' dir='ltr'>το</span> <span class='ocrx_word' id='word_1_20' title='bbox 1058 682 1216 776; x_wconf 82' lang='grc' dir='ltr'>ὑπερῳον),</span> <span class='ocrx_word' id='word_1_21' title='bbox 1234 685 1288 752; x_wconf 91' lang='lat' dir='ltr'>ubi</span> <span class='ocrx_word' id='word_1_22' title='bbox 1306 685 1362 752; x_wconf 89' lang='lat' dir='ltr'>de-</span> 
     </span>
     <span class='ocr_line' id='line_1_4' title="bbox 178 801 1361 888; baseline 0.007 -21"><span class='ocrx_word' id='word_1_23' title='bbox 178 801 282 869; x_wconf 85' lang='lat' dir='ltr'>lunota</span> <span class='ocrx_word' id='word_1_24' title='bbox 305 801 434 868; x_wconf 84' lang='lat' dir='ltr'>iacebat.</span> <span class='ocrx_word' id='word_1_25' title='bbox 455 803 515 869; x_wconf 88' lang='lat' dir='ltr'>llio</span> <span class='ocrx_word' id='word_1_26' title='bbox 530 803 604 870; x_wconf 87' lang='lat' dir='ltr'>dum</span> <span class='ocrx_word' id='word_1_27' title='bbox 621 803 659 870; x_wconf 89' lang='lat' dir='ltr'>ad</span> <span class='ocrx_word' id='word_1_28' title='bbox 675 803 827 871; x_wconf 78' lang='lat' dir='ltr'>&#39;l&#39;abitbae</span> <span class='ocrx_word' id='word_1_29' title='bbox 848 804 979 873; x_wconf 84' lang='lat' dir='ltr'>cadaver</span> <span class='ocrx_word' id='word_1_30' title='bbox 998 806 1133 876; x_wconf 78' lang='lat' dir='ltr'>adstaret</span> <span class='ocrx_word' id='word_1_31' title='bbox 1147 811 1278 888; x_wconf 85' lang='lat' dir='ltr'>Petrus,</span> <span class='ocrx_word' id='word_1_32' title='bbox 1297 811 1361 876; x_wconf 90' lang='lat' dir='ltr'>oir-</span> 
     </span>
     <span class='ocr_line' id='line_1_5' title="bbox 177 925 1361 1018; baseline 0.001 -25"><span class='ocrx_word' id='word_1_33' title='bbox 177 926 370 993; x_wconf 80' lang='lat' dir='ltr'>constabant</span> <span class='ocrx_word' id='word_1_34' title='bbox 398 925 485 993; x_wconf 83' lang='lat' dir='ltr'>illurn</span> <span class='ocrx_word' id='word_1_35' title='bbox 509 948 668 1011; x_wconf 76' lang='lat' dir='ltr'><strong><em>pauperes</em></strong></span> <span class='ocrx_word' id='word_1_36' title='bbox 697 931 788 995; x_wconf 85' lang='lat' dir='ltr'>istius</span> <span class='ocrx_word' id='word_1_37' title='bbox 816 932 877 995; x_wconf 84' lang='lat' dir='ltr'>loci</span> <span class='ocrx_word' id='word_1_38' title='bbox 905 933 1018 996; x_wconf 82' lang='lat' dir='ltr'>uiduae</span> <span class='ocrx_word' id='word_1_39' title='bbox 1045 953 1152 998; x_wconf 86' lang='lat' dir='ltr'>omues</span> <span class='ocrx_word' id='word_1_40' title='bbox 1184 936 1295 1018; x_wconf 84' lang='grc' dir='ltr'>(πασαι</span> <span class='ocrx_word' id='word_1_41' title='bbox 1327 937 1361 995; x_wconf 82' lang='grc' dir='ltr'>αἱ</span> 
     </span>
    </p>
   </div>
   <div class='ocr_carea' id='block_1_3' title="bbox 177 1052 1361 1144">
    <p class='ocr_par' dir='ltr' id='par_1_3' title="bbox 177 1052 1361 1144">
     <span class='ocr_line' id='line_1_6' title="bbox 177 1052 1361 1144; baseline 0.005 -30"><span class='ocrx_word' id='word_1_42' title='bbox 177 1059 295 1144; x_wconf 64' lang='lat' dir='ltr'>pupae),</span> <span class='ocrx_word' id='word_1_43' title='bbox 314 1053 469 1141; x_wconf 76' lang='lat' dir='ltr'>plorantes</span> <span class='ocrx_word' id='word_1_44' title='bbox 482 1064 511 1119; x_wconf 91' lang='lat' dir='ltr'>et</span> <span class='ocrx_word' id='word_1_45' title='bbox 528 1052 725 1120; x_wconf 74' lang='lat' dir='ltr'>ostendentes</span> <span class='ocrx_word' id='word_1_46' title='bbox 742 1054 786 1121; x_wconf 93' lang='lat' dir='ltr'>illi</span> <span class='ocrx_word' id='word_1_47' title='bbox 803 1055 923 1122; x_wconf 83' lang='lat' dir='ltr'>tunicas</span> <span class='ocrx_word' id='word_1_48' title='bbox 939 1056 1077 1144; x_wconf 85' lang='lat' dir='ltr'>aliasque</span> <span class='ocrx_word' id='word_1_49' title='bbox 1094 1068 1194 1124; x_wconf 89' lang='lat' dir='ltr'>vestes</span> <span class='ocrx_word' id='word_1_50' title='bbox 1210 1055 1361 1144; x_wconf 78' lang='grc' dir='ltr'>(χιτωνας</span> 
     </span>
    </p>
   </div>
   <div class='ocr_carea' id='block_1_4' title="bbox 58 1173 1359 1263">
    <p class='ocr_par' dir='ltr' id='par_1_4' title="bbox 58 1173 1359 1263">
     <span class='ocr_line' id='line_1_7' title="bbox 58 1173 1359 1263; baseline 0.006 -29"><span class='ocrx_word' id='word_1_51' title='bbox 58 1255 60 1260; x_wconf 20' lang='grc' dir='ltr'>Ι</span> <span class='ocrx_word' id='word_1_52' title='bbox 177 1197 229 1235; x_wconf 80' lang='grc' dir='ltr'>και</span> <span class='ocrx_word' id='word_1_53' title='bbox 255 1175 388 1260; x_wconf 85' lang='grc' dir='ltr'>ἱματια),</span> <span class='ocrx_word' id='word_1_54' title='bbox 410 1192 486 1260; x_wconf 84' lang='lat' dir='ltr'>quas</span> <span class='ocrx_word' id='word_1_55' title='bbox 508 1173 589 1254; x_wconf 85' lang='lat' dir='ltr'>illis,</span> <span class='ocrx_word' id='word_1_56' title='bbox 615 1176 691 1239; x_wconf 84' lang='lat' dir='ltr'>dum</span> <span class='ocrx_word' id='word_1_57' title='bbox 714 1177 801 1240; x_wconf 79' lang='lat' dir='ltr'>inter</span> <span class='ocrx_word' id='word_1_58' title='bbox 821 1197 874 1240; x_wconf 86' lang='lat' dir='ltr'>eus</span> <span class='ocrx_word' id='word_1_59' title='bbox 896 1179 1015 1242; x_wconf 81' lang='lat' dir='ltr'>uiueret</span> <span class='ocrx_word' id='word_1_60' title='bbox 1038 1176 1115 1263; x_wconf 80' lang='grc' dir='ltr'>(μετ’</span> <span class='ocrx_word' id='word_1_61' title='bbox 1131 1201 1230 1241; x_wconf 73' lang='lat' dir='ltr'>aurun</span> <span class='ocrx_word' id='word_1_62' title='bbox 1253 1181 1359 1260; x_wconf 85' lang='grc' dir='ltr'>ουσα),</span> 
     </span>
    </p>
   </div>
   <div class='ocr_carea' id='block_1_5' title="bbox 179 1295 1361 1510">
    <p class='ocr_par' dir='ltr' id='par_1_5' title="bbox 179 1295 1361 1510">
     <span class='ocr_line' id='line_1_8' title="bbox 179 1295 1359 1389; baseline 0.006 -27"><span class='ocrx_word' id='word_1_63' title='bbox 179 1295 362 1363; x_wconf 85' lang='lat' dir='ltr'>ooniioiebat</span> <span class='ocrx_word' id='word_1_64' title='bbox 391 1297 442 1386; x_wconf 89' lang='lat' dir='ltr'>pia</span> <span class='ocrx_word' id='word_1_65' title='bbox 468 1298 601 1364; x_wconf 86' lang='lat' dir='ltr'>Doroas.</span> <span class='ocrx_word' id='word_1_66' title='bbox 633 1335 676 1347; x_wconf 91' lang='lat'><em>-</em></span> <span class='ocrx_word' id='word_1_67' title='bbox 705 1299 779 1363; x_wconf 88' lang='lat' dir='ltr'>Erat</span> <span class='ocrx_word' id='word_1_68' title='bbox 806 1298 883 1365; x_wconf 87' lang='lat' dir='ltr'>haee</span> <span class='ocrx_word' id='word_1_69' title='bbox 911 1299 1049 1389; x_wconf 85' lang='lat' dir='ltr'>profecto</span> <span class='ocrx_word' id='word_1_70' title='bbox 1084 1300 1359 1388; x_wconf 81' lang='lat' dir='ltr'>eloquentissima,</span> 
     </span>
     <span class='ocr_line' id='line_1_9' title="bbox 179 1417 1361 1510; baseline 0.005 -25"><span class='ocrx_word' id='word_1_71' title='bbox 179 1439 365 1507; x_wconf 87' lang='lat' dir='ltr'>quamquam</span> <span class='ocrx_word' id='word_1_72' title='bbox 381 1417 475 1486; x_wconf 90' lang='lat' dir='ltr'>nullis</span> <span class='ocrx_word' id='word_1_73' title='bbox 496 1418 608 1485; x_wconf 90' lang='lat' dir='ltr'>verbis</span> <span class='ocrx_word' id='word_1_74' title='bbox 624 1419 720 1499; x_wconf 86' lang='lat' dir='ltr'>saeta,</span> <span class='ocrx_word' id='word_1_75' title='bbox 739 1421 937 1509; x_wconf 83' lang='lat' dir='ltr'>supplicatio.</span> <span class='ocrx_word' id='word_1_76' title='bbox 957 1421 1103 1508; x_wconf 82' lang='lat' dir='ltr'>—Quid</span> <span class='ocrx_word' id='word_1_77' title='bbox 1127 1443 1200 1510; x_wconf 84' lang='lat' dir='ltr'>ergo</span> <span class='ocrx_word' id='word_1_78' title='bbox 1224 1424 1361 1491; x_wconf 73' lang='lat' dir='ltr'>Petrus?</span> 
     </span>
    </p>
   </div>
   <div class='ocr_carea' id='block_1_6' title="bbox 178 1663 1372 2118">
    <p class='ocr_par' dir='ltr' id='par_1_6' title="bbox 178 1663 1372 2118">
     <span class='ocr_line' id='line_1_10' title="bbox 223 1663 1361 1756; baseline 0.004 -26"><span class='ocrx_word' id='word_1_79' title='bbox 223 1665 279 1730; x_wconf 83' lang='lat' dir='ltr'>to.</span> <span class='ocrx_word' id='word_1_80' title='bbox 306 1664 426 1729; x_wconf 70' lang='lat' dir='ltr'>Eiectos</span> <span class='ocrx_word' id='word_1_81' title='bbox 451 1675 557 1730; x_wconf 84' lang='lat' dir='ltr'>autem</span> <span class='ocrx_word' id='word_1_82' title='bbox 573 1667 732 1748; x_wconf 84' lang='lat' dir='ltr'>omuibus,</span> <span class='ocrx_word' id='word_1_83' title='bbox 752 1663 839 1744; x_wconf 76' lang='lat' dir='ltr'>eto).</span> <span class='ocrx_word' id='word_1_84' title='bbox 861 1667 940 1732; x_wconf 86' lang='lat' dir='ltr'>Cum</span> <span class='ocrx_word' id='word_1_85' title='bbox 957 1685 974 1732; x_wconf 93' lang='lat' dir='ltr'>e</span> <span class='ocrx_word' id='word_1_86' title='bbox 990 1667 1157 1734; x_wconf 90' lang='lat' dir='ltr'>ooenaoulo</span> <span class='ocrx_word' id='word_1_87' title='bbox 1179 1681 1361 1756; x_wconf 81' lang='lat' dir='ltr'>praesentes</span> 
     </span>
     <span class='ocr_line' id='line_1_11' title="bbox 178 1784 1372 1887; baseline 0.006 -36"><span class='ocrx_word' id='word_1_88' title='bbox 178 1804 286 1852; x_wconf 88' lang='lat' dir='ltr'>ornnes</span> <span class='ocrx_word' id='word_1_89' title='bbox 309 1784 455 1851; x_wconf 83' lang='lat' dir='ltr'>secedere</span> <span class='ocrx_word' id='word_1_90' title='bbox 481 1785 639 1866; x_wconf 89' lang='lat' dir='ltr'>iussisset,</span> <span class='ocrx_word' id='word_1_91' title='bbox 667 1806 704 1851; x_wconf 88' lang='lat' dir='ltr'>ne</span> <span class='ocrx_word' id='word_1_92' title='bbox 732 1796 875 1853; x_wconf 89' lang='lat' dir='ltr'>oraturus</span> <span class='ocrx_word' id='word_1_93' title='bbox 899 1787 1088 1868; x_wconf 79' lang='lat' dir='ltr'>turbaretur,</span> <span class='ocrx_word' id='word_1_94' title='bbox 1115 1789 1204 1856; x_wconf 88' lang='lat' dir='ltr'>flexis</span> <span class='ocrx_word' id='word_1_95' title='bbox 1224 1790 1372 1887; x_wconf 14' lang='lat' dir='ltr'>genibus*</span> 
     </span>
     <span class='ocr_line' id='line_1_12' title="bbox 178 1907 1362 2000; baseline 0.004 -25"><span class='ocrx_word' id='word_1_96' title='bbox 178 1907 368 1996; x_wconf 81' lang='lat' dir='ltr'>aliquamdiu</span> <span class='ocrx_word' id='word_1_97' title='bbox 396 1909 504 1974; x_wconf 87' lang='lat' dir='ltr'>oravit.</span> <span class='ocrx_word' id='word_1_98' title='bbox 535 1910 617 1975; x_wconf 82' lang='lat' dir='ltr'>Turn</span> <span class='ocrx_word' id='word_1_99' title='bbox 643 1908 682 1975; x_wconf 86' lang='lat' dir='ltr'>ad</span> <span class='ocrx_word' id='word_1_100' title='bbox 708 1908 843 1975; x_wconf 88' lang='lat' dir='ltr'>inanime</span> <span class='ocrx_word' id='word_1_101' title='bbox 870 1909 1021 1976; x_wconf 73' lang='lat' dir='ltr'>&#39;tabithae</span> <span class='ocrx_word' id='word_1_102' title='bbox 1049 1931 1164 2000; x_wconf 84' lang='lat' dir='ltr'>eorpus</span> <span class='ocrx_word' id='word_1_103' title='bbox 1189 1931 1362 1980; x_wconf 82' lang='lat' dir='ltr'>conversus</span> 
     </span>
     <span class='ocr_line' id='line_1_13' title="bbox 178 2028 1362 2118; baseline 0.002 -20"><span class='ocrx_word' id='word_1_104' title='bbox 178 2031 282 2098; x_wconf 88' lang='lat' dir='ltr'>dixit:</span> <span class='ocrx_word' id='word_1_105' title='bbox 300 2029 451 2110; x_wconf 82' lang='lat' dir='ltr'>Tabitba,</span> <span class='ocrx_word' id='word_1_106' title='bbox 466 2033 576 2117; x_wconf 85' lang='lat' dir='ltr'>surge!</span> <span class='ocrx_word' id='word_1_107' title='bbox 594 2028 643 2096; x_wconf 82' lang='lat' dir='ltr'>Ad</span> <span class='ocrx_word' id='word_1_108' title='bbox 660 2049 752 2118; x_wconf 85' lang='lat' dir='ltr'>quarn</span> <span class='ocrx_word' id='word_1_109' title='bbox 776 2050 885 2096; x_wconf 84' lang='lat' dir='ltr'>vocem</span> <span class='ocrx_word' id='word_1_110' title='bbox 906 2030 957 2096; x_wconf 92' lang='lat' dir='ltr'>illa</span> <span class='ocrx_word' id='word_1_111' title='bbox 982 2031 1084 2097; x_wconf 89' lang='lat' dir='ltr'>statim</span> <span class='ocrx_word' id='word_1_112' title='bbox 1109 2032 1196 2118; x_wconf 89' lang='lat' dir='ltr'>quasi</span> <span class='ocrx_word' id='word_1_113' title='bbox 1215 2052 1232 2097; x_wconf 88' lang='lat' dir='ltr'>e</span> <span class='ocrx_word' id='word_1_114' title='bbox 1248 2052 1362 2100; x_wconf 89' lang='lat' dir='ltr'>somno</span> 
     </span>
    </p>
   </div>
   <div class='ocr_carea' id='block_1_7' title="bbox 52 2148 1363 2244">
    <p class='ocr_par' dir='ltr' id='par_1_7' title="bbox 52 2148 1363 2244">
     <span class='ocr_line' id='line_1_14' title="bbox 52 2148 1363 2244; baseline 0.003 -26"><span class='ocrx_word' id='word_1_115' title='bbox 52 2178 55 2182; x_wconf 49' lang='lat'><strong><em>⁴</em></strong></span> <span class='ocrx_word' id='word_1_116' title='bbox 175 2153 324 2230; x_wconf 81' lang='lat' dir='ltr'>excitata,</span> <span class='ocrx_word' id='word_1_117' title='bbox 342 2151 450 2218; x_wconf 86' lang='lat' dir='ltr'>oeulos</span> <span class='ocrx_word' id='word_1_118' title='bbox 474 2171 548 2218; x_wconf 91' lang='lat' dir='ltr'>suos</span> <span class='ocrx_word' id='word_1_119' title='bbox 571 2151 711 2240; x_wconf 87' lang='lat' dir='ltr'>aperuit,</span> <span class='ocrx_word' id='word_1_120' title='bbox 729 2161 759 2216; x_wconf 91' lang='lat' dir='ltr'>et</span> <span class='ocrx_word' id='word_1_121' title='bbox 774 2152 900 2219; x_wconf 87' lang='lat' dir='ltr'>Petrurn</span> <span class='ocrx_word' id='word_1_122' title='bbox 927 2155 1066 2219; x_wconf 82' lang='lat' dir='ltr'>intuitus</span> <span class='ocrx_word' id='word_1_123' title='bbox 1090 2148 1236 2234; x_wconf 75' lang='grc' dir='ltr'>(ιδουσα),</span> <span class='ocrx_word' id='word_1_124' title='bbox 1262 2174 1363 2244; x_wconf 89' lang='lat' dir='ltr'>seqne</span> 
     </span>
    </p>
   </div>
   <div class='ocr_carea' id='block_1_8' title="bbox 175 2273 791 2364">
    <p class='ocr_par' dir='ltr' id='par_1_8' title="bbox 175 2273 791 2364">
     <span class='ocr_line' id='line_1_15' title="bbox 175 2273 791 2364; baseline -0.006 -21"><span class='ocrx_word' id='word_1_125' title='bbox 175 2276 297 2364; x_wconf 85' lang='lat' dir='ltr'>erigens</span> <span class='ocrx_word' id='word_1_126' title='bbox 313 2276 344 2342; x_wconf 92' lang='lat' dir='ltr'>in</span> <span class='ocrx_word' id='word_1_127' title='bbox 362 2274 441 2342; x_wconf 89' lang='lat' dir='ltr'>leoto</span> <span class='ocrx_word' id='word_1_128' title='bbox 460 2276 579 2340; x_wconf 83' lang='lat' dir='ltr'>resedit</span> <span class='ocrx_word' id='word_1_129' title='bbox 598 2273 791 2361; x_wconf 80' lang='grc' dir='ltr'>(ανεκαθισε).</span> 
     </span>
    </p>
   </div>
   <div class='ocr_carea' id='block_1_9' title="bbox 175 2517 1383 3351">
    <p class='ocr_par' dir='ltr' id='par_1_9' title="bbox 175 2517 1383 3351">
     <span class='ocr_line' id='line_1_16' title="bbox 220 2517 1383 2606; baseline -0.002 -17"><span class='ocrx_word' id='word_1_130' title='bbox 220 2524 275 2589; x_wconf 73' lang='lat' dir='ltr'>ll.</span> <span class='ocrx_word' id='word_1_131' title='bbox 303 2522 389 2588; x_wconf 82' lang='lat' dir='ltr'>Duos</span> <span class='ocrx_word' id='word_1_132' title='bbox 415 2530 521 2587; x_wconf 87' lang='lat' dir='ltr'>autem</span> <span class='ocrx_word' id='word_1_133' title='bbox 550 2520 602 2584; x_wconf 81' lang='lat' dir='ltr'>illi</span> <span class='ocrx_word' id='word_1_134' title='bbox 628 2539 779 2598; x_wconf 84' lang='lat' dir='ltr'>monum,</span> <span class='ocrx_word' id='word_1_135' title='bbox 810 2525 896 2606; x_wconf 79' lang='lat' dir='ltr'>eto).</span> <span class='ocrx_word' id='word_1_136' title='bbox 927 2519 1038 2585; x_wconf 90' lang='lat' dir='ltr'>Petrus</span> <span class='ocrx_word' id='word_1_137' title='bbox 1065 2517 1181 2599; x_wconf 88' lang='lat' dir='ltr'>autem,</span> <span class='ocrx_word' id='word_1_138' title='bbox 1209 2532 1383 2602; x_wconf 81' lang='lat' dir='ltr'>porrecto</span> 
     </span>
     <span class='ocr_line' id='line_1_17' title="bbox 176 2639 1363 2732; baseline 0.004 -25"><span class='ocrx_word' id='word_1_139' title='bbox 176 2640 436 2731; x_wconf 63' lang='lat' dir='ltr'>(responsurae</span> <span class='ocrx_word' id='word_1_140' title='bbox 456 2662 548 2709; x_wconf 89' lang='lat' dir='ltr'>nranu</span> <span class='ocrx_word' id='word_1_141' title='bbox 564 2661 633 2722; x_wconf 91' lang='lat' dir='ltr'>sua,</span> <span class='ocrx_word' id='word_1_142' title='bbox 651 2639 736 2708; x_wconf 87' lang='lat' dir='ltr'>illam</span> <span class='ocrx_word' id='word_1_143' title='bbox 753 2661 770 2706; x_wconf 90' lang='lat' dir='ltr'>e</span> <span class='ocrx_word' id='word_1_144' title='bbox 787 2640 884 2720; x_wconf 90' lang='lat' dir='ltr'>leoto,</span> <span class='ocrx_word' id='word_1_145' title='bbox 905 2640 935 2706; x_wconf 94' lang='lat' dir='ltr'>in</span> <span class='ocrx_word' id='word_1_146' title='bbox 954 2660 1016 2728; x_wconf 83' lang='lat' dir='ltr'>quo</span> <span class='ocrx_word' id='word_1_147' title='bbox 1036 2640 1211 2722; x_wconf 87' lang='lat' dir='ltr'>resederat,</span> <span class='ocrx_word' id='word_1_148' title='bbox 1229 2663 1363 2732; x_wconf 77' lang='lat' dir='ltr'>surgere</span> 
     </span>
     <span class='ocr_line' id='line_1_18' title="bbox 175 2764 1362 2858; baseline 0 -25"><span class='ocrx_word' id='word_1_149' title='bbox 175 2767 249 2834; x_wconf 85' lang='lat' dir='ltr'>lecit</span> <span class='ocrx_word' id='word_1_150' title='bbox 272 2766 452 2858; x_wconf 74' lang='grc' dir='ltr'>(ανεστησε).</span> <span class='ocrx_word' id='word_1_151' title='bbox 479 2768 620 2854; x_wconf 70' lang='lat' dir='ltr'>(irimque</span> <span class='ocrx_word' id='word_1_152' title='bbox 647 2767 679 2831; x_wconf 97' lang='lat' dir='ltr'>in</span> <span class='ocrx_word' id='word_1_153' title='bbox 703 2764 906 2832; x_wconf 82' lang='lat' dir='ltr'>coenaculum</span> <span class='ocrx_word' id='word_1_154' title='bbox 929 2776 1105 2832; x_wconf 82' lang='lat' dir='ltr'>revocasset</span> <span class='ocrx_word' id='word_1_155' title='bbox 1127 2777 1252 2833; x_wconf 88' lang='lat' dir='ltr'>souotos</span> <span class='ocrx_word' id='word_1_156' title='bbox 1279 2772 1362 2853; x_wconf 80' lang='grc' dir='ltr'><strong>(τους</strong></span> 
     </span>
     <span class='ocr_line' id='line_1_19' title="bbox 177 2886 1360 2980; baseline 0.004 -28"><span class='ocrx_word' id='word_1_157' title='bbox 177 2891 290 2980; x_wconf 67' lang='lat' dir='ltr'>tyrone)</span> <span class='ocrx_word' id='word_1_158' title='bbox 313 2889 345 2957; x_wconf 87' lang='lat' dir='ltr'>lr.</span> <span class='ocrx_word' id='word_1_159' title='bbox 373 2911 401 2956; x_wconf 89' lang='lat' dir='ltr'>e.</span> <span class='ocrx_word' id='word_1_160' title='bbox 429 2910 482 2956; x_wconf 92' lang='lat' dir='ltr'>eos</span> <span class='ocrx_word' id='word_1_161' title='bbox 510 2889 564 2976; x_wconf 86' lang='lat' dir='ltr'>qui</span> <span class='ocrx_word' id='word_1_162' title='bbox 593 2888 671 2955; x_wconf 82' lang='lat' dir='ltr'>forte</span> <span class='ocrx_word' id='word_1_163' title='bbox 695 2887 738 2954; x_wconf 93' lang='lat' dir='ltr'>ibi</span> <span class='ocrx_word' id='word_1_164' title='bbox 763 2886 891 2954; x_wconf 83' lang='lat' dir='ltr'>aderant</span> <span class='ocrx_word' id='word_1_165' title='bbox 915 2886 1041 2966; x_wconf 91' lang='lat' dir='ltr'>fideles,</span> <span class='ocrx_word' id='word_1_166' title='bbox 1060 2897 1090 2953; x_wconf 89' lang='lat' dir='ltr'>et</span> <span class='ocrx_word' id='word_1_167' title='bbox 1114 2908 1268 2978; x_wconf 87' lang='lat' dir='ltr'>pauperes</span> <span class='ocrx_word' id='word_1_168' title='bbox 1289 2889 1360 2958; x_wconf 89' lang='lat' dir='ltr'>illas</span> 
     </span>
     <span class='ocr_line' id='line_1_20' title="bbox 177 3011 1361 3105; baseline -0.003 -24"><span class='ocrx_word' id='word_1_169' title='bbox 177 3013 285 3082; x_wconf 83' lang='lat' dir='ltr'>viduas</span> <span class='ocrx_word' id='word_1_170' title='bbox 301 3019 363 3104; x_wconf 87' lang='grc' dir='ltr'>(και</span> <span class='ocrx_word' id='word_1_171' title='bbox 377 3037 431 3088; x_wconf 80' lang='grc' dir='ltr'>τας</span> <span class='ocrx_word' id='word_1_172' title='bbox 455 3019 575 3105; x_wconf 57' lang='lat' dir='ltr'>pupae),</span> <span class='ocrx_word' id='word_1_173' title='bbox 598 3011 762 3079; x_wconf 79' lang='lat' dir='ltr'>Tabitham</span> <span class='ocrx_word' id='word_1_174' title='bbox 788 3012 932 3079; x_wconf 83' lang='lat' dir='ltr'>omnibus</span> <span class='ocrx_word' id='word_1_175' title='bbox 956 3012 1098 3076; x_wconf 73' lang='lat' dir='ltr'>eubibut&#39;t</span> <span class='ocrx_word' id='word_1_176' title='bbox 1116 3015 1273 3078; x_wconf 74' lang='lat' dir='ltr'>viventem</span> <span class='ocrx_word' id='word_1_177' title='bbox 1290 3014 1361 3094; x_wconf 85' lang='grc' dir='ltr'>(πα-</span> 
     </span>
     <span class='ocr_line' id='line_1_21' title="bbox 178 3137 1359 3230; baseline 0.002 -27"><span class='ocrx_word' id='word_1_178' title='bbox 178 3162 320 3229; x_wconf 83' lang='grc' dir='ltr'>ρεστησεν</span> <span class='ocrx_word' id='word_1_179' title='bbox 343 3143 470 3230; x_wconf 80' lang='grc' dir='ltr'><strong>ζῶσαν).</strong></span> <span class='ocrx_word' id='word_1_180' title='bbox 502 3169 516 3200; x_wconf 85' lang='lat'>«</span> <span class='ocrx_word' id='word_1_181' title='bbox 542 3139 644 3207; x_wconf 92' lang='lat' dir='ltr'>Sensit</span> <span class='ocrx_word' id='word_1_182' title='bbox 667 3139 798 3219; x_wconf 89' lang='lat' dir='ltr'>Petrus,</span> <span class='ocrx_word' id='word_1_183' title='bbox 824 3138 925 3226; x_wconf 88' lang='lat' dir='ltr'>inquit</span> <span class='ocrx_word' id='word_1_184' title='bbox 948 3137 982 3205; x_wconf 89' lang='lat' dir='ltr'>S.</span> <span class='ocrx_word' id='word_1_185' title='bbox 1009 3138 1184 3227; x_wconf 87' lang='lat' dir='ltr'>Cyprianus</span> <span class='ocrx_word' id='word_1_186' title='bbox 1206 3137 1289 3216; x_wconf 73' lang='lat' dir='ltr'>(Lib.</span> <span class='ocrx_word' id='word_1_187' title='bbox 1309 3141 1359 3205; x_wconf 89' lang='lat' dir='ltr'>De</span> 
     </span>
     <span class='ocr_line' id='line_1_22' title="bbox 177 3258 1359 3351; baseline -0.001 -22"><span class='ocrx_word' id='word_1_188' title='bbox 177 3285 267 3347; x_wconf 86' lang='lat' dir='ltr'>opere</span> <span class='ocrx_word' id='word_1_189' title='bbox 282 3274 312 3329; x_wconf 86' lang='lat' dir='ltr'>et</span> <span class='ocrx_word' id='word_1_190' title='bbox 327 3266 468 3330; x_wconf 73' lang='lat' dir='ltr'>eluimus.</span> <span class='ocrx_word' id='word_1_191' title='bbox 484 3284 516 3351; x_wconf 88' lang='lat' dir='ltr'>p.</span> <span class='ocrx_word' id='word_1_192' title='bbox 532 3262 623 3349; x_wconf 77' lang='lat' dir='ltr'>tta),</span> <span class='ocrx_word' id='word_1_193' title='bbox 639 3259 797 3349; x_wconf 85' lang='lat' dir='ltr'>impetrari</span> <span class='ocrx_word' id='word_1_194' title='bbox 816 3278 928 3349; x_wconf 93' lang='lat' dir='ltr'>posse,</span> <span class='ocrx_word' id='word_1_195' title='bbox 943 3258 1027 3347; x_wconf 92' lang='lat' dir='ltr'>qnod</span> <span class='ocrx_word' id='word_1_196' title='bbox 1045 3259 1092 3325; x_wconf 89' lang='lat' dir='ltr'>sio</span> <span class='ocrx_word' id='word_1_197' title='bbox 1108 3258 1282 3348; x_wconf 86' lang='lat' dir='ltr'>petebatur,</span> <span class='ocrx_word' id='word_1_198' title='bbox 1300 3281 1359 3328; x_wconf 91' lang='lat' dir='ltr'>nee</span> 
     </span>
    </p>
   </div>
   <div class='ocr_carea' id='block_1_10' title="bbox 49 3380 1357 3471">
    <p class='ocr_par' dir='ltr' id='par_1_10' title="bbox 49 3380 1357 3471">
     <span class='ocr_line' id='line_1_23' title="bbox 49 3380 1357 3471; baseline -0.002 -17"><span class='ocrx_word' id='word_1_199' title='bbox 49 3437 53 3442; x_wconf 82' lang='lat'>-</span> <span class='ocrx_word' id='word_1_200' title='bbox 176 3387 353 3455; x_wconf 78' lang='lat' dir='ltr'>defuturum</span> <span class='ocrx_word' id='word_1_201' title='bbox 376 3386 492 3454; x_wconf 88' lang='lat' dir='ltr'>Christi</span> <span class='ocrx_word' id='word_1_202' title='bbox 517 3383 669 3451; x_wconf 83' lang='lat' dir='ltr'>auxilium</span> <span class='ocrx_word' id='word_1_203' title='bbox 692 3380 795 3449; x_wconf 88' lang='lat' dir='ltr'>viduis</span> <span class='ocrx_word' id='word_1_204' title='bbox 811 3382 1067 3471; x_wconf 81' lang='lat' dir='ltr'>deprecantibus,</span> <span class='ocrx_word' id='word_1_205' title='bbox 1086 3381 1209 3471; x_wconf 85' lang='lat' dir='ltr'>quando</span> <span class='ocrx_word' id='word_1_206' title='bbox 1225 3394 1309 3451; x_wconf 89' lang='lat' dir='ltr'>esset</span> <span class='ocrx_word' id='word_1_207' title='bbox 1326 3385 1357 3451; x_wconf 94' lang='lat' dir='ltr'>in</span> 
     </span>
    </p>
   </div>
   <div class='ocr_carea' id='block_1_11' title="bbox 174 3508 1364 4459">
    <p class='ocr_par' dir='ltr' id='par_1_11' title="bbox 174 3508 1364 4459">
     <span class='ocr_line' id='line_1_24' title="bbox 175 3508 1358 3603; baseline 0.001 -26"><span class='ocrx_word' id='word_1_208' title='bbox 175 3514 276 3582; x_wconf 90' lang='lat' dir='ltr'>viduis</span> <span class='ocrx_word' id='word_1_209' title='bbox 293 3514 360 3603; x_wconf 92' lang='lat' dir='ltr'>ipse</span> <span class='ocrx_word' id='word_1_210' title='bbox 382 3513 524 3580; x_wconf 83' lang='lat' dir='ltr'>restitns.</span> <span class='ocrx_word' id='word_1_211' title='bbox 543 3511 621 3576; x_wconf 87' lang='lat' dir='ltr'>Cum</span> <span class='ocrx_word' id='word_1_212' title='bbox 646 3509 750 3596; x_wconf 86' lang='lat' dir='ltr'>itaque</span> <span class='ocrx_word' id='word_1_213' title='bbox 770 3508 901 3596; x_wconf 84' lang='lat' dir='ltr'>genibus</span> <span class='ocrx_word' id='word_1_214' title='bbox 926 3509 1018 3575; x_wconf 84' lang='lat' dir='ltr'>nixus</span> <span class='ocrx_word' id='word_1_215' title='bbox 1040 3519 1176 3587; x_wconf 87' lang='lat' dir='ltr'>orasset,</span> <span class='ocrx_word' id='word_1_216' title='bbox 1190 3508 1358 3578; x_wconf 82' lang='lat' dir='ltr'>viduarum</span> 
     </span>
     <span class='ocr_line' id='line_1_25' title="bbox 174 3631 1359 3728; baseline -0.005 -22"><span class='ocrx_word' id='word_1_217' title='bbox 174 3659 211 3706; x_wconf 86' lang='lat' dir='ltr'>ao</span> <span class='ocrx_word' id='word_1_218' title='bbox 236 3657 408 3728; x_wconf 88' lang='lat' dir='ltr'>pauperum</span> <span class='ocrx_word' id='word_1_219' title='bbox 431 3636 561 3703; x_wconf 92' lang='lat' dir='ltr'>idonens</span> <span class='ocrx_word' id='word_1_220' title='bbox 577 3633 763 3713; x_wconf 78' lang='lat' dir='ltr'>advocatus,</span> <span class='ocrx_word' id='word_1_221' title='bbox 782 3632 958 3720; x_wconf 80' lang='lat' dir='ltr'>legatosque</span> <span class='ocrx_word' id='word_1_222' title='bbox 983 3631 1042 3698; x_wconf 92' lang='lat' dir='ltr'>sibi</span> <span class='ocrx_word' id='word_1_223' title='bbox 1063 3651 1173 3719; x_wconf 87' lang='lat' dir='ltr'>preoes</span> <span class='ocrx_word' id='word_1_224' title='bbox 1192 3631 1231 3698; x_wconf 84' lang='lat' dir='ltr'>ad</span> <span class='ocrx_word' id='word_1_225' title='bbox 1246 3632 1359 3700; x_wconf 87' lang='lat' dir='ltr'>Domi-</span> 
     </span>
     <span class='ocr_line' id='line_1_26' title="bbox 175 3755 1358 3851; baseline -0.004 -21"><span class='ocrx_word' id='word_1_226' title='bbox 175 3784 249 3830; x_wconf 89' lang='lat' dir='ltr'>nunr</span> <span class='ocrx_word' id='word_1_227' title='bbox 266 3761 462 3851; x_wconf 89' lang='lat' dir='ltr'>pertulisset,</span> <span class='ocrx_word' id='word_1_228' title='bbox 476 3778 646 3826; x_wconf 84' lang='lat' dir='ltr'>conversus</span> <span class='ocrx_word' id='word_1_229' title='bbox 668 3756 707 3825; x_wconf 88' lang='lat' dir='ltr'>ad</span> <span class='ocrx_word' id='word_1_230' title='bbox 732 3777 865 3846; x_wconf 86' lang='lat' dir='ltr'>eorpus,</span> <span class='ocrx_word' id='word_1_231' title='bbox 887 3756 971 3845; x_wconf 88' lang='lat' dir='ltr'>quod</span> <span class='ocrx_word' id='word_1_232' title='bbox 994 3757 1026 3822; x_wconf 91' lang='lat' dir='ltr'>in</span> <span class='ocrx_word' id='word_1_233' title='bbox 1049 3756 1153 3823; x_wconf 87' lang='lat' dir='ltr'>tabula</span> <span class='ocrx_word' id='word_1_234' title='bbox 1177 3756 1239 3822; x_wconf 90' lang='lat' dir='ltr'>iam</span> <span class='ocrx_word' id='word_1_235' title='bbox 1257 3755 1358 3825; x_wconf 90' lang='lat' dir='ltr'>lotum</span> 
     </span>
     <span class='ocr_line' id='line_1_27' title="bbox 176 3878 1360 3971; baseline -0.004 -19"><span class='ocrx_word' id='word_1_236' title='bbox 176 3885 295 3954; x_wconf 83' lang='lat' dir='ltr'>iacebat</span> <span class='ocrx_word' id='word_1_237' title='bbox 316 3910 324 3952; x_wconf 72' lang='grc' dir='ltr'><strong><em>ε</em></strong></span> <span class='ocrx_word' id='word_1_238' title='bbox 348 3882 498 3963; x_wconf 85' lang='lat' dir='ltr'>Tabitba,</span> <span class='ocrx_word' id='word_1_239' title='bbox 517 3882 643 3971; x_wconf 91' lang='lat' dir='ltr'>inquit,</span> <span class='ocrx_word' id='word_1_240' title='bbox 673 3900 804 3968; x_wconf 86' lang='lat' dir='ltr'>exsurge</span> <span class='ocrx_word' id='word_1_241' title='bbox 829 3881 859 3947; x_wconf 86' lang='lat' dir='ltr'>in</span> <span class='ocrx_word' id='word_1_242' title='bbox 884 3880 1009 3948; x_wconf 89' lang='lat' dir='ltr'>nomine</span> <span class='ocrx_word' id='word_1_243' title='bbox 1038 3881 1107 3947; x_wconf 91' lang='lat' dir='ltr'>lesu</span> <span class='ocrx_word' id='word_1_244' title='bbox 1133 3878 1263 3946; x_wconf 85' lang='lat' dir='ltr'>Christi.</span> <span class='ocrx_word' id='word_1_245' title='bbox 1291 3881 1360 3947; x_wconf 91' lang='lat' dir='ltr'>Nee</span> 
     </span>
     <span class='ocr_line' id='line_1_28' title="bbox 179 4002 1361 4096; baseline -0.003 -22"><span class='ocrx_word' id='word_1_246' title='bbox 179 4007 277 4074; x_wconf 88' lang='lat' dir='ltr'>deluit</span> <span class='ocrx_word' id='word_1_247' title='bbox 298 4009 390 4073; x_wconf 86' lang='lat' dir='ltr'>Petro</span> <span class='ocrx_word' id='word_1_248' title='bbox 419 4025 480 4096; x_wconf 91' lang='lat' dir='ltr'>quo</span> <span class='ocrx_word' id='word_1_249' title='bbox 509 4006 612 4072; x_wconf 88' lang='lat' dir='ltr'>minus</span> <span class='ocrx_word' id='word_1_250' title='bbox 639 4004 741 4071; x_wconf 87' lang='lat' dir='ltr'>statim</span> <span class='ocrx_word' id='word_1_251' title='bbox 765 4002 860 4069; x_wconf 84' lang='lat' dir='ltr'>ferret</span> <span class='ocrx_word' id='word_1_252' title='bbox 883 4003 1032 4070; x_wconf 88' lang='lat' dir='ltr'>auxilium</span> <span class='ocrx_word' id='word_1_253' title='bbox 1058 4002 1110 4091; x_wconf 91' lang='lat' dir='ltr'>qui</span> <span class='ocrx_word' id='word_1_254' title='bbox 1135 4002 1165 4066; x_wconf 93' lang='lat' dir='ltr'>in</span> <span class='ocrx_word' id='word_1_255' title='bbox 1190 4002 1361 4089; x_wconf 89' lang='lat' dir='ltr'>Evangelio</span> 
     </span>
     <span class='ocr_line' id='line_1_29' title="bbox 179 4123 1363 4216; baseline -0.005 -19"><span class='ocrx_word' id='word_1_256' title='bbox 179 4129 244 4197; x_wconf 89' lang='lat' dir='ltr'>dari</span> <span class='ocrx_word' id='word_1_257' title='bbox 262 4129 397 4208; x_wconf 86' lang='lat' dir='ltr'>dixerat,</span> <span class='ocrx_word' id='word_1_258' title='bbox 417 4125 568 4216; x_wconf 88' lang='lat' dir='ltr'>quidquid</span> <span class='ocrx_word' id='word_1_259' title='bbox 585 4125 694 4192; x_wconf 87' lang='lat' dir='ltr'>fuisset</span> <span class='ocrx_word' id='word_1_260' title='bbox 710 4125 777 4190; x_wconf 88' lang='lat' dir='ltr'>eius</span> <span class='ocrx_word' id='word_1_261' title='bbox 793 4124 918 4191; x_wconf 86' lang='lat' dir='ltr'>nomine</span> <span class='ocrx_word' id='word_1_262' title='bbox 935 4123 1135 4213; x_wconf 87' lang='lat' dir='ltr'>postulatum.</span> <span class='ocrx_word' id='word_1_263' title='bbox 1151 4125 1237 4190; x_wconf 89' lang='lat' dir='ltr'>Mors</span> <span class='ocrx_word' id='word_1_264' title='bbox 1254 4123 1363 4212; x_wconf 86' lang='lat' dir='ltr'>itaque</span> 
     </span>
     <span class='ocr_line' id='line_1_30' title="bbox 174 4246 1364 4342; baseline -0.004 -22"><span class='ocrx_word' id='word_1_265' title='bbox 174 4252 387 4342; x_wconf 89' lang='lat' dir='ltr'>suspenditur,</span> <span class='ocrx_word' id='word_1_266' title='bbox 417 4262 448 4319; x_wconf 91' lang='lat' dir='ltr'>et</span> <span class='ocrx_word' id='word_1_267' title='bbox 474 4250 604 4339; x_wconf 88' lang='lat' dir='ltr'>spiritus</span> <span class='ocrx_word' id='word_1_268' title='bbox 637 4246 791 4328; x_wconf 86' lang='lat' dir='ltr'>redditur,</span> <span class='ocrx_word' id='word_1_269' title='bbox 826 4258 856 4313; x_wconf 92' lang='lat' dir='ltr'>et</span> <span class='ocrx_word' id='word_1_270' title='bbox 889 4246 1073 4314; x_wconf 90' lang='lat' dir='ltr'>mirantibus</span> <span class='ocrx_word' id='word_1_271' title='bbox 1100 4266 1136 4313; x_wconf 89' lang='lat' dir='ltr'>ao</span> <span class='ocrx_word' id='word_1_272' title='bbox 1162 4246 1364 4334; x_wconf 88' lang='lat' dir='ltr'>stupentibus</span> 
     </span>
     <span class='ocr_line' id='line_1_31' title="bbox 175 4369 1360 4459; baseline -0.008 -14"><span class='ocrx_word' id='word_1_273' title='bbox 175 4379 297 4445; x_wconf 84' lang='lat' dir='ltr'>eunetis</span> <span class='ocrx_word' id='word_1_274' title='bbox 312 4377 352 4446; x_wconf 89' lang='lat' dir='ltr'>ad</span> <span class='ocrx_word' id='word_1_275' title='bbox 374 4375 453 4443; x_wconf 89' lang='lat' dir='ltr'>bano</span> <span class='ocrx_word' id='word_1_276' title='bbox 477 4372 584 4441; x_wconf 92' lang='lat' dir='ltr'>nrundi</span> <span class='ocrx_word' id='word_1_277' title='bbox 609 4372 711 4439; x_wconf 90' lang='lat' dir='ltr'>denno</span> <span class='ocrx_word' id='word_1_278' title='bbox 729 4371 828 4438; x_wconf 89' lang='lat' dir='ltr'>luoenr</span> <span class='ocrx_word' id='word_1_279' title='bbox 853 4369 1025 4438; x_wconf 86' lang='lat' dir='ltr'>redivivnm</span> <span class='ocrx_word' id='word_1_280' title='bbox 1051 4390 1165 4459; x_wconf 84' lang='lat' dir='ltr'>eorpus</span> <span class='ocrx_word' id='word_1_281' title='bbox 1190 4371 1360 4439; x_wconf 86' lang='lat' dir='ltr'>animatur.</span> 
     </span>
    </p>
   </div>
   <div class='ocr_carea' id='block_1_12' title="bbox 0 0 1542 5054">
    <p class='ocr_par' dir='ltr' id='par_1_12' title="bbox 0 0 1542 5054">
     <span class='ocr_line' id='line_1_32' title="bbox 0 0 1542 5054; baseline 0 0"><span class='ocrx_word' id='word_1_282' title='bbox 0 0 1542 5054; x_wconf 95' lang='lat' dir='ltr'> </span> 
     </span>
    </p>
   </div>
  </div>
 </body>
</html>
