3074 5054
479 394 618 462 CAPUT
647 393 714 474 Xl,
752 391 873 461 VERS.
913 394 1058 459 18-19.
1292 393 1353 458 501

190 600 215 656 et
235 587 460 656 incircumcisis
477 584 667 653 concesserit
680 587 911 667 poeniteutiam
928 587 991 667 (την
1008 578 1184 667 percoctae)
1200 581 1242 643 ud
1257 581 1357 644 citum

188 710 234 800 (εις
248 714 334 797 ζωην)
353 711 419 777 sive
435 708 564 777 salutem
583 708 613 773 in
632 706 756 773 Christo
779 704 1047 794 consequendaml
1069 703 1261 771 Poenitentia
1278 722 1358 790 quae

188 833 232 900 hic
245 833 358 901 dicitur
374 852 446 900 oum
468 830 607 899 Articulo
627 828 695 918 (την
717 829 892 915 μετάνοιαν)
916 827 1097 913 intelligitur
1114 846 1161 905 ea,
1181 845 1273 915 quam
1291 823 1357 892 Sal-

186 971 263 1028 vator
279 969 385 1027 noster
401 959 569 1048 Apostolos
586 977 660 1024 suos
675 957 769 1042 (Luc.
792 955 904 1022 XXlV
920 980 928 1021 :
944 956 999 1038 47)
1017 953 1149 1018 iusserat
1165 962 1198 1017 ut
1213 950 1358 1017 omnibus

185 1082 408 1172 praedicarent;
428 1081 567 1169 adeoque
587 1083 784 1164 poetritentio
800 1075 1036 1164 synecdochice
1051 1074 1102 1142 hic
1118 1074 1233 1142 dicitur
1245 1073 1283 1139 de
1297 1083 1358 1140 tota

185 1207 358 1274 oeconomia
374 1205 481 1274 salutis
497 1225 514 1271 a
530 1202 597 1270 Deo
614 1202 792 1270 constituta.
812 1200 860 1267 Cf.
878 1201 948 1266 hot.
963 1199 1027 1265 XX
1043 1224 1050 1263 :
1067 1201 1129 1278 20,
1145 1200 1183 1265 ll
1200 1245 1208 1269 .
1224 1197 1285 1264 441.
1301 1199 1356 1265 ll.

225 1446 279 1510 19.
304 1444 351 1508 Er
374 1445 424 1508 itti
442 1444 584 1526 quidem,
609 1445 665 1526 qui
688 1443 827 1524 dispcrsi
846 1443 1000 1524 suerunt).
1025 1440 1172 1507 Graece:
1193 1442 1359 1523 cipevoov

184 1561 406 1656 ὃιασπαρεντες,
424 1566 476 1630 itta·
492 1585 567 1630 nnoo
584 1567 640 1649 qui
655 1565 794 1646 dispersi
816 1566 957 1647 suerunt.
979 1561 1081 1650 Supra
1097 1561 1179 1649 (cap.
1200 1561 1277 1628 Vlll
1297 1586 1305 1627 ε
1324 1560 1359 1645 4)

183 1691 278 1757 Lucas
301 1691 481 1779 incoeperat
504 1691 710 1756 clamationem
735 1687 773 1754 de
798 1689 893 1756 rebus
915 1688 1009 1774 gestis
1033 1687 1072 1754 ab
1096 1687 1135 1753 iis
1160 1686 1234 1776 qui,
1252 1696 1358 1752 exorta

182 1815 394 1901 persecutione
418 1824 641 1904 postmortem
667 1811 835 1901 Stephani,
856 1811 1075 1898 Hierosolyma
1098 1812 1240 1878 exsulare
1261 1812 1359 1879 coacti

180 1940 311 2022 fuerant3
327 1951 357 2007 et
372 1941 474 2030 primo
491 1940 559 2007 loco
582 1951 807 2007 memoraverat
826 1960 877 2006 ros
899 1950 1001 2026 gestas
1017 1958 1034 2005 a
1052 1937 1198 2027 Philippo
1214 1938 1356 2005 Diacono

181 2065 267 2154 (Cap.
286 2065 364 2132 Vlll
387 2084 395 2126 τ
415 2065 556 2148 4-40);
575 2063 630 2131 sed
647 2063 690 2131 ibi
706 2064 881 2153 incoeptam
899 2063 983 2128 illam
1000 2062 1207 2129 narrationem
1225 2062 1357 2151 abrupe-

180 2198 241 2267 rat,
257 2185 415 2266 dieturus,
434 2184 516 2274 quod
530 2186 680 2274 temporis
696 2185 773 2252 ordo
791 2183 983 2274 postulabat,
998 2182 1036 2249 de
1054 2182 1258 2250 conversione
1274 2183 1358 2250 Sauli

178 2311 270 2400 (Cap.
290 2314 360 2379 lX:
381 2314 449 2397 52),
465 2311 503 2378 de
519 2312 693 2378 visitatione
711 2310 923 2378 Ecclesiarum
940 2308 1216 2376 Palaestinensium
1233 2327 1250 2372 a
1267 2308 1360 2375 Petro

179 2436 316 2503 instituta
329 2434 420 2517 lihid.
448 2434 610 2520 55-45),
628 2435 712 2502 etde
736 2434 881 2502 Cornelio
898 2434 1073 2521 ceterisque
1099 2431 1159 2498 illis
1183 2431 1360 2500 Gentilibus

178 2562 208 2626 in
221 2561 338 2629 Christi
354 2562 523 2629 Ecclesiam
538 2561 682 2628 admissis
695 2560 784 2649 (Cap.
798 2561 924 2627 X—Xl
940 2581 947 2622 :
967 2559 1031 2640 18).
1050 2559 1138 2624 Nunc
1154 2577 1227 2624 vero
1244 2557 1359 2646 abrup·

178 2698 239 2754 tam
257 2686 322 2754 illic
347 2685 435 2777 (Cap.
462 2688 540 2753 Vlll
557 2710 564 2752 ε
584 2686 644 2774 40)
670 2686 877 2752 narrationem
902 2685 940 2752 de
956 2682 1116 2750 exsulibus
1133 2683 1194 2748 illis
1211 2683 1360 2750 Hieroso-

177 2810 336 2896 lymitanis
363 2809 424 2877 hoc
453 2810 521 2876 loeo
552 2810 641 2899 (Cap.
670 2812 741 2877 Xl:
764 2808 818 2895 19)
847 2808 988 2876 resumit.
1017 2807 1114 2887 lliuc,
1144 2805 1282 2873 adhibita
1309 2830 1360 2870 ουν

175 2932 334 3001 Particula
351 2937 559 3016 reavvmeutr'a,
579 2933 654 3000 dicit
670 2933 724 3001 hic
743 2959 750 3000 :
769 2937 797 2997 oi
815 2956 868 3019 μεν
886 2956 936 2996 ουν
955 2929 1184 3021 διασπαρεντες.

223 3081 243 3124 4
260 3059 485 3137 tribulatione,
563 3059 618 3123 arrd
642 3058 826 3141 Stephano).
853 3057 973 3125 Graece
994 3079 1053 3119 απο
1076 3079 1128 3130 της
1145 3052 1287 3141 diadema,
1306 3056 1360 3124 uhi

175 3182 373 3269 Praepositio
390 3205 449 3244 444
464 3179 550 3248 reddi
568 3192 673 3270 posset
690 3183 764 3246 4444
780 3203 819 3263 4,·
837 3179 943 3246 malim
958 3190 1059 3246 tamen
1077 3176 1130 3245 hic
1146 3198 1213 3244 eam
1231 3178 1361 3246 reddere

173 3327 269 3390 prce,
285 3305 308 3371 i.
324 3325 354 3370 e.
366 3316 511 3389 propter,
526 3306 575 3386 od,
590 3325 651 3393 qno
664 3324 759 3372 sensu
772 3328 832 3367 απο
846 3305 984 3371 occurrit
999 3302 1091 3382 inlra,
1106 3304 1183 3391 Cap.
1198 3304 1263 3369 Xll
1279 3329 1286 3370 :
1305 3306 1358 3371 14.

177 3431 338 3516 luterpres
362 3437 467 3493 noster
483 3428 592 3514 legerit
607 3450 656 3491 επι
673 3428 846 3518 Στεφανου,
865 3448 944 3516 qnae
968 3446 1060 3494 causa
1084 3427 1144 3507 sit,
1163 3447 1220 3494 cur
1235 3428 1362 3494 verterit

176 3550 236 3616 sud
259 3550 433 3632 Stephano.
460 3548 521 3616 Sed
545 3550 742 3617 testatissima
767 3550 858 3616 lectio
875 3548 928 3616 hic
943 3559 991 3616 est
1010 3570 1018 3609 ε
1037 3571 1086 3611 επι
1102 3548 1259 3640 Στεφανῳ,
1278 3549 1360 3638 quod

177 3671 277 3739 reddo
289 3673 326 3737 οὐ
338 3671 554 3755 Stephanum,
574 3673 597 3739 i.
613 3694 642 3739 e.
658 3673 698 3740 ob
714 3673 902 3740 sanctissimi
919 3671 1012 3739 huius
1029 3671 1086 3737 viri
1103 3670 1204 3738 zelum
1221 3682 1252 3738 et
1267 3672 1361 3741 liher-

177 3807 273 3863 tatem
286 3796 317 3862 in
330 3795 486 3883 arguendo
499 3796 641 3864 ludaeos.
653 3826 667 3858 α
678 3797 753 3874 Επι,
764 3796 1040 3868 aitValelvenarins
1054 3796 1103 3884 (ad
1117 3795 1150 3864 h.
1160 3795 1210 3878 1.),
1221 3797 1359 3868 iunctum

179 3919 332 3986 Genitivo
344 3918 487 3985 Nominis
501 3919 621 4008 proprii
633 3919 681 3985 vel
695 3920 907 3998 Pronominis‚
920 3932 1041 4005 tempos
1053 3940 1179 4009 semper
1191 3930 1290 4001 notat;
1306 3922 1359 3989 sed

178 4042 307 4111 nomina
324 4042 383 4109 ista
398 4041 511 4109 debent
523 4063 591 4109 esse
602 4042 651 4109 vel
664 4045 801 4128 Rapum,
815 4043 863 4110 vel
876 4047 1135 4128 Mupa'atrotuum,
1150 4044 1198 4112 vel
1214 4044 1358 4123 aliorum,

179 4166 354 4235 secundum
381 4187 460 4255 quae
488 4179 632 4252 tempora
660 4179 885 4236 numerantur.
923 4169 1034 4236 Dativo
1070 4179 1172 4236 antem
1200 4169 1358 4250 iunctum,

180 4312 275 4381 saepe
291 4299 375 4357 notat
390 4293 598 4370 occasionem,
618 4310 678 4378 qua
695 4289 769 4380 quid
787 4291 899 4359 evenit.
919 4294 1021 4379 Atque
1037 4291 1078 4358 ita
1094 4290 1224 4359 dubium
1241 4292 1360 4359 nullum

181 4427 241 4498 est,
258 4416 334 4504 quin
352 4415 405 4482 hio
420 4415 460 4483 sit
474 4415 660 4504 capiendum
675 4436 683 4478 :
697 4415 833 4483 Afflictio
851 4435 930 4504 quae
946 4426 1090 4482 evenerat
1101 4418 1137 4481 od
1149 4416 1358 4500 Stephanum,

181 4538 230 4604 vel
255 4541 414 4604 occasione
437 4537 631 4623 Stephani.»
