<?xml version="1.0" encoding="UTF-8"?>
<!DOCTYPE html PUBLIC "-//W3C//DTD XHTML 1.0 Transitional//EN"
    "http://www.w3.org/TR/xhtml1/DTD/xhtml1-transitional.dtd">
<html xmlns="http://www.w3.org/1999/xhtml" xml:lang="en" lang="en">
 <head>
  <title>
</title>
<meta http-equiv="Content-Type" content="text/html;charset=utf-8" />
  <meta name='ocr-system' content='tesseract 3.04.00' />
  <meta name='ocr-capabilities' content='ocr_page ocr_carea ocr_par ocr_line ocrx_word'/>
</head>
<body>
  <div class='ocr_page' id='page_1' title='image "./commentariusina00beelgoog/commentariusina00beelgoog_0561.png"; bbox 0 0 3074 5054; ppageno 0'>
   <div class='ocr_carea' id='block_1_1' title="bbox 130 140 978 228">
    <p class='ocr_par' dir='ltr' id='par_1_1' title="bbox 130 140 978 228">
     <span class='ocr_line' id='line_1_1' title="bbox 130 140 978 228; baseline 0 -14"><span class='ocrx_word' id='word_1_1' title='bbox 130 146 196 214; x_wconf 67' lang='lat'><strong>522</strong></span> <span class='ocrx_word' id='word_1_2' title='bbox 465 140 602 210; x_wconf 79' lang='lat' dir='ltr'><strong>ACTUS</strong></span> <span class='ocrx_word' id='word_1_3' title='bbox 640 143 978 228; x_wconf 80' lang='lat' dir='ltr'><strong>APOSTOLORUM,</strong></span> 
     </span>
    </p>
   </div>
   <div class='ocr_carea' id='block_1_2' title="bbox 126 330 1319 3786">
    <p class='ocr_par' dir='ltr' id='par_1_2' title="bbox 126 330 1319 3036">
     <span class='ocr_line' id='line_1_2' title="bbox 130 330 1316 426; baseline 0.002 -27"><span class='ocrx_word' id='word_1_4' title='bbox 130 336 247 400; x_wconf 83' lang='lat' dir='ltr'><strong>tionem</strong></span> <span class='ocrx_word' id='word_1_5' title='bbox 267 332 339 414; x_wconf 81' lang='grc' dir='ltr'><strong>(τοις</strong></span> <span class='ocrx_word' id='word_1_6' title='bbox 363 336 497 420; x_wconf 71' lang='lat' dir='ltr'><strong>tuaeve),</strong></span> <span class='ocrx_word' id='word_1_7' title='bbox 519 330 597 400; x_wconf 89' lang='lat' dir='ltr'><strong>dixit</strong></span> <span class='ocrx_word' id='word_1_8' title='bbox 617 332 747 401; x_wconf 76' lang='lat' dir='ltr'><strong>adstanti</strong></span> <span class='ocrx_word' id='word_1_9' title='bbox 776 334 950 403; x_wconf 91' lang='lat' dir='ltr'><strong>centurioni</strong></span> <span class='ocrx_word' id='word_1_10' title='bbox 972 337 1089 405; x_wconf 89' lang='lat' dir='ltr'><strong>Paulus</strong></span> <span class='ocrx_word' id='word_1_11' title='bbox 1114 362 1122 405; x_wconf 77' lang='lat' dir='ltr'><strong><em>z</em></strong></span> <span class='ocrx_word' id='word_1_12' title='bbox 1146 337 1242 406; x_wconf 85' lang='lat' dir='ltr'><strong>Num</strong></span> <span class='ocrx_word' id='word_1_13' title='bbox 1260 335 1316 426; x_wconf 81' lang='grc' dir='ltr'>(ει)</span> 
     </span>
     <span class='ocr_line' id='line_1_3' title="bbox 128 457 1317 549; baseline 0.003 -24"><span class='ocrx_word' id='word_1_14' title='bbox 128 457 201 526; x_wconf 89' lang='lat' dir='ltr'><strong>licet</strong></span> <span class='ocrx_word' id='word_1_15' title='bbox 223 457 313 526; x_wconf 91' lang='lat' dir='ltr'><strong>vobis</strong></span> <span class='ocrx_word' id='word_1_16' title='bbox 329 458 428 524; x_wconf 91' lang='lat' dir='ltr'><strong>civem</strong></span> <span class='ocrx_word' id='word_1_17' title='bbox 454 458 629 525; x_wconf 88' lang='lat' dir='ltr'><strong>Romanum</strong></span> <span class='ocrx_word' id='word_1_18' title='bbox 646 469 676 524; x_wconf 92' lang='lat' dir='ltr'><strong>et</strong></span> <span class='ocrx_word' id='word_1_19' title='bbox 695 458 906 527; x_wconf 88' lang='lat' dir='ltr'><strong>indemnatum</strong></span> <span class='ocrx_word' id='word_1_20' title='bbox 924 459 1103 549; x_wconf 80' lang='lat' dir='ltr'><strong>flagellare?</strong></span> <span class='ocrx_word' id='word_1_21' title='bbox 1119 462 1192 528; x_wconf 86' lang='lat' dir='ltr'><strong>Hoc</strong></span> <span class='ocrx_word' id='word_1_22' title='bbox 1215 471 1317 529; x_wconf 90' lang='lat' dir='ltr'><strong>autem</strong></span> 
     </span>
     <span class='ocr_line' id='line_1_4' title="bbox 128 581 1316 673; baseline 0.003 -23"><span class='ocrx_word' id='word_1_23' title='bbox 128 602 225 671; x_wconf 86' lang='lat' dir='ltr'><strong>quum</strong></span> <span class='ocrx_word' id='word_1_24' title='bbox 250 581 387 650; x_wconf 77' lang='lat' dir='ltr'><strong>audisset</strong></span> <span class='ocrx_word' id='word_1_25' title='bbox 403 582 561 661; x_wconf 88' lang='lat' dir='ltr'><strong>centurio,</strong></span> <span class='ocrx_word' id='word_1_26' title='bbox 582 581 659 649; x_wconf 88' lang='lat' dir='ltr'><strong>adiit</strong></span> <span class='ocrx_word' id='word_1_27' title='bbox 673 584 872 662; x_wconf 77' lang='lat' dir='ltr'><strong>Tribunum,</strong></span> <span class='ocrx_word' id='word_1_28' title='bbox 894 583 1003 673; x_wconf 91' lang='lat' dir='ltr'><strong>illique</strong></span> <span class='ocrx_word' id='word_1_29' title='bbox 1019 605 1085 652; x_wconf 90' lang='lat' dir='ltr'><strong>rem</strong></span> <span class='ocrx_word' id='word_1_30' title='bbox 1102 585 1316 666; x_wconf 78' lang='lat' dir='ltr'><strong>renunciavit,</strong></span> 
     </span>
     <span class='ocr_line' id='line_1_5' title="bbox 129 703 1319 796; baseline 0.003 -24"><span class='ocrx_word' id='word_1_31' title='bbox 129 703 237 772; x_wconf 90' lang='lat' dir='ltr'><strong>dicens</strong></span> <span class='ocrx_word' id='word_1_32' title='bbox 259 731 267 773; x_wconf 74' lang='grc' dir='ltr'><strong><em>ε</em></strong></span> <span class='ocrx_word' id='word_1_33' title='bbox 295 705 381 784; x_wconf 78' lang='lat' dir='ltr'><strong>oute</strong></span> <span class='ocrx_word' id='word_1_34' title='bbox 404 715 535 770; x_wconf 82' lang='lat' dir='ltr'><strong>acturus</strong></span> <span class='ocrx_word' id='word_1_35' title='bbox 555 728 587 771; x_wconf 81' lang='lat' dir='ltr'><strong>ee</strong></span> <span class='ocrx_word' id='word_1_36' title='bbox 607 704 654 794; x_wconf 87' lang='grc' dir='ltr'><strong>(τι</strong></span> <span class='ocrx_word' id='word_1_37' title='bbox 673 704 805 793; x_wconf 59' lang='lat' dir='ltr'><strong>uitellus¹</strong></span> <span class='ocrx_word' id='word_1_38' title='bbox 824 731 935 790; x_wconf 82' lang='grc' dir='ltr'><strong>ποιειν;</strong></span> <span class='ocrx_word' id='word_1_39' title='bbox 955 708 1182 796; x_wconf 69' lang='lat' dir='ltr'><strong>qu’alleuvous</strong></span> <span class='ocrx_word' id='word_1_40' title='bbox 1206 706 1319 794; x_wconf 78' lang='lat' dir='ltr'><strong>laive)?</strong></span> 
     </span>
     <span class='ocr_line' id='line_1_6' title="bbox 129 824 1319 917; baseline 0.001 -21"><span class='ocrx_word' id='word_1_41' title='bbox 129 831 242 897; x_wconf 85' lang='lat' dir='ltr'><strong>Caveto</strong></span> <span class='ocrx_word' id='word_1_42' title='bbox 265 828 340 896; x_wconf 90' lang='lat' dir='ltr'><strong>tibi!</strong></span> <span class='ocrx_word' id='word_1_43' title='bbox 367 849 441 894; x_wconf 87' lang='lat' dir='ltr'><strong>num</strong></span> <span class='ocrx_word' id='word_1_44' title='bbox 469 824 561 917; x_wconf 71' lang='grc' dir='ltr'>(γαρ)</span> <span class='ocrx_word' id='word_1_45' title='bbox 589 826 641 896; x_wconf 91' lang='lat' dir='ltr'><strong>bic</strong></span> <span class='ocrx_word' id='word_1_46' title='bbox 670 828 764 896; x_wconf 91' lang='lat' dir='ltr'><strong>bomo</strong></span> <span class='ocrx_word' id='word_1_47' title='bbox 792 831 870 899; x_wconf 90' lang='lat' dir='ltr'><strong>civis</strong></span> <span class='ocrx_word' id='word_1_48' title='bbox 898 832 1058 899; x_wconf 87' lang='lat' dir='ltr'><strong>Romanus</strong></span> <span class='ocrx_word' id='word_1_49' title='bbox 1085 835 1149 898; x_wconf 88' lang='lat' dir='ltr'><strong>est!</strong></span> <span class='ocrx_word' id='word_1_50' title='bbox 1176 831 1319 899; x_wconf 78' lang='lat' dir='ltr'><strong>Accessit</strong></span> 
     </span>
     <span class='ocr_line' id='line_1_7' title="bbox 129 949 1319 1040; baseline 0 -22"><span class='ocrx_word' id='word_1_51' title='bbox 129 962 234 1020; x_wconf 92' lang='lat' dir='ltr'><strong>autem</strong></span> <span class='ocrx_word' id='word_1_52' title='bbox 250 952 410 1020; x_wconf 77' lang='lat' dir='ltr'><strong>Tribunus</strong></span> <span class='ocrx_word' id='word_1_53' title='bbox 433 949 471 1018; x_wconf 89' lang='lat' dir='ltr'><strong>ad</strong></span> <span class='ocrx_word' id='word_1_54' title='bbox 492 951 623 1018; x_wconf 90' lang='lat' dir='ltr'><strong>Paulum</strong></span> <span class='ocrx_word' id='word_1_55' title='bbox 646 950 787 1040; x_wconf 84' lang='lat' dir='ltr'><strong>dixitque</strong></span> <span class='ocrx_word' id='word_1_56' title='bbox 810 951 853 1019; x_wconf 94' lang='lat' dir='ltr'><strong>illi</strong></span> <span class='ocrx_word' id='word_1_57' title='bbox 874 972 882 1014; x_wconf 93' lang='lat'>:</span> <span class='ocrx_word' id='word_1_58' title='bbox 901 954 963 1020; x_wconf 90' lang='lat' dir='ltr'><strong>Dio</strong></span> <span class='ocrx_word' id='word_1_59' title='bbox 988 951 1084 1020; x_wconf 85' lang='lat' dir='ltr'><strong>mibi!</strong></span> <span class='ocrx_word' id='word_1_60' title='bbox 1110 954 1220 1020; x_wconf 90' lang='lat' dir='ltr'><strong>Tu-ne</strong></span> <span class='ocrx_word' id='word_1_61' title='bbox 1242 952 1319 1019; x_wconf 89' lang='lat' dir='ltr'><strong>civis</strong></span> 
     </span>
     <span class='ocr_line' id='line_1_8' title="bbox 130 1072 1315 1166; baseline -0.004 -23"><span class='ocrx_word' id='word_1_62' title='bbox 130 1078 289 1143; x_wconf 87' lang='lat' dir='ltr'><strong>Romanus</strong></span> <span class='ocrx_word' id='word_1_63' title='bbox 311 1077 367 1143; x_wconf 83' lang='lat' dir='ltr'><strong>es?</strong></span> <span class='ocrx_word' id='word_1_64' title='bbox 392 1072 448 1141; x_wconf 94' lang='lat' dir='ltr'><strong>llle</strong></span> <span class='ocrx_word' id='word_1_65' title='bbox 468 1093 543 1140; x_wconf 91' lang='lat' dir='ltr'><strong>vero</strong></span> <span class='ocrx_word' id='word_1_66' title='bbox 564 1072 665 1141; x_wconf 87' lang='lat' dir='ltr'><strong>dixit:</strong></span> <span class='ocrx_word' id='word_1_67' title='bbox 680 1074 760 1141; x_wconf 90' lang='lat' dir='ltr'><strong>Sum</strong></span> <span class='ocrx_word' id='word_1_68' title='bbox 778 1073 876 1164; x_wconf 87' lang='grc' dir='ltr'>(Ναι).</span> <span class='ocrx_word' id='word_1_69' title='bbox 895 1077 936 1143; x_wconf 87' lang='grc' dir='ltr'><strong>Ει</strong></span> <span class='ocrx_word' id='word_1_70' title='bbox 952 1075 1112 1166; x_wconf 86' lang='lat' dir='ltr'><strong>respondit</strong></span> <span class='ocrx_word' id='word_1_71' title='bbox 1126 1076 1290 1145; x_wconf 87' lang='lat' dir='ltr'><strong>Tribunus</strong></span> <span class='ocrx_word' id='word_1_72' title='bbox 1308 1098 1315 1138; x_wconf 73' lang='grc' dir='ltr'><strong><em>ι</em></strong></span> 
     </span>
     <span class='ocr_line' id='line_1_9' title="bbox 130 1196 1318 1291; baseline 0.001 -25"><span class='ocrx_word' id='word_1_73' title='bbox 130 1200 195 1288; x_wconf 75' lang='lat' dir='ltr'><strong>ligo</strong></span> <span class='ocrx_word' id='word_1_74' title='bbox 218 1221 334 1284; x_wconf 73' lang='lat' dir='ltr'><strong>meque</strong></span> <span class='ocrx_word' id='word_1_75' title='bbox 354 1198 504 1289; x_wconf 86' lang='lat' dir='ltr'><strong>pecuniae</strong></span> <span class='ocrx_word' id='word_1_76' title='bbox 531 1220 656 1264; x_wconf 80' lang='lat' dir='ltr'><strong>summu</strong></span> <span class='ocrx_word' id='word_1_77' title='bbox 685 1196 813 1281; x_wconf 81' lang='grc' dir='ltr'>(πολλου</span> <span class='ocrx_word' id='word_1_78' title='bbox 840 1196 1028 1291; x_wconf 63' lang='lat' dir='ltr'><strong>occulatur,</strong></span> <span class='ocrx_word' id='word_1_79' title='bbox 1052 1219 1134 1288; x_wconf 88' lang='lat' dir='ltr'><strong>pour</strong></span> <span class='ocrx_word' id='word_1_80' title='bbox 1155 1220 1198 1266; x_wconf 94' lang='lat' dir='ltr'><strong>un</strong></span> <span class='ocrx_word' id='word_1_81' title='bbox 1221 1199 1318 1289; x_wconf 75' lang='lat' dir='ltr'><strong>grand</strong></span> 
     </span>
     <span class='ocr_line' id='line_1_10' title="bbox 129 1321 1318 1413; baseline 0 -23"><span class='ocrx_word' id='word_1_82' title='bbox 129 1321 254 1413; x_wconf 86' lang='lat' dir='ltr'><strong>capital.</strong></span> <span class='ocrx_word' id='word_1_83' title='bbox 273 1322 409 1392; x_wconf 87' lang='lat' dir='ltr'><strong>Genitiv.</strong></span> <span class='ocrx_word' id='word_1_84' title='bbox 434 1321 543 1407; x_wconf 83' lang='lat' dir='ltr'><strong>Pretii)</strong></span> <span class='ocrx_word' id='word_1_85' title='bbox 559 1324 616 1388; x_wconf 90' lang='lat' dir='ltr'><strong>boc</strong></span> <span class='ocrx_word' id='word_1_86' title='bbox 639 1325 688 1389; x_wconf 84' lang='lat' dir='ltr'><strong>ine</strong></span> <span class='ocrx_word' id='word_1_87' title='bbox 705 1325 845 1389; x_wconf 76' lang='lat' dir='ltr'><strong>ciuitatis</strong></span> <span class='ocrx_word' id='word_1_88' title='bbox 861 1330 925 1413; x_wconf 81' lang='grc' dir='ltr'>(την</span> <span class='ocrx_word' id='word_1_89' title='bbox 943 1321 1098 1387; x_wconf 70' lang='lat' dir='ltr'><strong>nuberetur</strong></span> <span class='ocrx_word' id='word_1_90' title='bbox 1121 1346 1257 1404; x_wconf 81' lang='grc' dir='ltr'><strong>ταυτην,</strong></span> <span class='ocrx_word' id='word_1_91' title='bbox 1274 1322 1318 1390; x_wconf 91' lang='lat' dir='ltr'><strong>dit</strong></span> 
     </span>
     <span class='ocr_line' id='line_1_11' title="bbox 131 1445 1317 1536; baseline -0.002 -22"><span class='ocrx_word' id='word_1_92' title='bbox 131 1448 323 1536; x_wconf 80' lang='lat' dir='ltr'><strong>burgerregt)</strong></span> <span class='ocrx_word' id='word_1_93' title='bbox 338 1446 503 1535; x_wconf 87' lang='lat' dir='ltr'><strong>acquisivi.</strong></span> <span class='ocrx_word' id='word_1_94' title='bbox 524 1445 638 1514; x_wconf 86' lang='lat' dir='ltr'><strong>Paulus</strong></span> <span class='ocrx_word' id='word_1_95' title='bbox 657 1458 760 1514; x_wconf 90' lang='lat' dir='ltr'><strong>autem</strong></span> <span class='ocrx_word' id='word_1_96' title='bbox 777 1446 856 1513; x_wconf 84' lang='lat' dir='ltr'><strong>dixit</strong></span> <span class='ocrx_word' id='word_1_97' title='bbox 874 1472 882 1514; x_wconf 78' lang='grc' dir='ltr'><strong>ε</strong></span> <span class='ocrx_word' id='word_1_98' title='bbox 901 1448 943 1514; x_wconf 83' lang='lat' dir='ltr'><strong>At</strong></span> <span class='ocrx_word' id='word_1_99' title='bbox 962 1466 1018 1535; x_wconf 79' lang='lat' dir='ltr'><strong>ego</strong></span> <span class='ocrx_word' id='word_1_100' title='bbox 1035 1446 1127 1513; x_wconf 90' lang='lat' dir='ltr'><strong>etiam</strong></span> <span class='ocrx_word' id='word_1_101' title='bbox 1140 1457 1234 1514; x_wconf 88' lang='lat' dir='ltr'><strong>natus</strong></span> <span class='ocrx_word' id='word_1_102' title='bbox 1248 1465 1317 1514; x_wconf 90' lang='lat' dir='ltr'><strong>sum</strong></span> 
     </span>
     <span class='ocr_line' id='line_1_12' title="bbox 130 1574 1317 1664; baseline -0.001 -21"><span class='ocrx_word' id='word_1_103' title='bbox 130 1578 292 1643; x_wconf 88' lang='lat' dir='ltr'><strong>Romanus</strong></span> <span class='ocrx_word' id='word_1_104' title='bbox 314 1576 409 1652; x_wconf 90' lang='lat' dir='ltr'><strong>civis,</strong></span> <span class='ocrx_word' id='word_1_105' title='bbox 430 1575 499 1641; x_wconf 91' lang='lat' dir='ltr'><strong>iure</strong></span> <span class='ocrx_word' id='word_1_106' title='bbox 524 1574 657 1642; x_wconf 87' lang='lat' dir='ltr'><strong>civitatis</strong></span> <span class='ocrx_word' id='word_1_107' title='bbox 679 1595 698 1641; x_wconf 93' lang='lat' dir='ltr'><strong>a</strong></span> <span class='ocrx_word' id='word_1_108' title='bbox 722 1574 902 1664; x_wconf 88' lang='lat' dir='ltr'><strong>parentibus</strong></span> <span class='ocrx_word' id='word_1_109' title='bbox 925 1575 964 1642; x_wconf 87' lang='lat' dir='ltr'><strong>ad</strong></span> <span class='ocrx_word' id='word_1_110' title='bbox 988 1594 1039 1642; x_wconf 92' lang='lat' dir='ltr'><strong>me</strong></span> <span class='ocrx_word' id='word_1_111' title='bbox 1058 1574 1222 1642; x_wconf 89' lang='lat' dir='ltr'><strong>translato.</strong></span> <span class='ocrx_word' id='word_1_112' title='bbox 1239 1576 1317 1642; x_wconf 93' lang='lat' dir='ltr'><strong>Pro·</strong></span> 
     </span>
     <span class='ocr_line' id='line_1_13' title="bbox 131 1695 1317 1785; baseline -0.003 -21"><span class='ocrx_word' id='word_1_113' title='bbox 131 1698 213 1765; x_wconf 91' lang='lat' dir='ltr'><strong>tinus</strong></span> <span class='ocrx_word' id='word_1_114' title='bbox 230 1717 303 1785; x_wconf 80' lang='lat' dir='ltr'><strong>ergo</strong></span> <span class='ocrx_word' id='word_1_115' title='bbox 322 1696 532 1765; x_wconf 89' lang='lat' dir='ltr'><strong>discesserunt</strong></span> <span class='ocrx_word' id='word_1_116' title='bbox 544 1716 562 1764; x_wconf 87' lang='lat' dir='ltr'><strong>a</strong></span> <span class='ocrx_word' id='word_1_117' title='bbox 575 1697 671 1764; x_wconf 85' lang='lat' dir='ltr'><strong>Paulo</strong></span> <span class='ocrx_word' id='word_1_118' title='bbox 687 1696 815 1775; x_wconf 85' lang='lat' dir='ltr'><strong>milites,</strong></span> <span class='ocrx_word' id='word_1_119' title='bbox 829 1701 885 1783; x_wconf 82' lang='lat' dir='ltr'><strong>qrri</strong></span> <span class='ocrx_word' id='word_1_120' title='bbox 898 1701 963 1764; x_wconf 89' lang='lat' dir='ltr'><strong>ium</strong></span> <span class='ocrx_word' id='word_1_121' title='bbox 975 1701 1010 1763; x_wconf 87' lang='lat' dir='ltr'><strong>in</strong></span> <span class='ocrx_word' id='word_1_122' title='bbox 1026 1719 1060 1764; x_wconf 91' lang='lat' dir='ltr'><strong>eo</strong></span> <span class='ocrx_word' id='word_1_123' title='bbox 1077 1708 1171 1764; x_wconf 88' lang='lat' dir='ltr'><strong>erunt</strong></span> <span class='ocrx_word' id='word_1_124' title='bbox 1187 1696 1229 1778; x_wconf 82' lang='grc' dir='ltr'><strong>(οἱ</strong></span> <span class='ocrx_word' id='word_1_125' title='bbox 1245 1695 1317 1784; x_wconf 73' lang='grc' dir='ltr'>με),-</span> 
     </span>
     <span class='ocr_line' id='line_1_14' title="bbox 131 1823 1317 1915; baseline 0.004 -27"><span class='ocrx_word' id='word_1_126' title='bbox 131 1823 243 1909; x_wconf 67' lang='lat' dir='ltr'><strong>lauru)</strong></span> <span class='ocrx_word' id='word_1_127' title='bbox 264 1835 298 1892; x_wconf 91' lang='lat' dir='ltr'><strong>ut</strong></span> <span class='ocrx_word' id='word_1_128' title='bbox 320 1844 391 1891; x_wconf 90' lang='lat' dir='ltr'><strong>eum</strong></span> <span class='ocrx_word' id='word_1_129' title='bbox 415 1827 579 1892; x_wconf 77' lang='lat' dir='ltr'><strong>tormentis</strong></span> <span class='ocrx_word' id='word_1_130' title='bbox 603 1828 825 1892; x_wconf 76' lang='lat' dir='ltr'><strong>examinarent</strong></span> <span class='ocrx_word' id='word_1_131' title='bbox 849 1827 1027 1914; x_wconf 78' lang='grc' dir='ltr'><strong>(ανεταζειν.</strong></span> <span class='ocrx_word' id='word_1_132' title='bbox 1057 1825 1127 1893; x_wconf 92' lang='lat' dir='ltr'><strong>vide</strong></span> <span class='ocrx_word' id='word_1_133' title='bbox 1154 1845 1251 1915; x_wconf 88' lang='lat' dir='ltr'><strong>supra</strong></span> <span class='ocrx_word' id='word_1_134' title='bbox 1279 1826 1317 1894; x_wconf 95' lang='lat' dir='ltr'><strong>ad</strong></span> 
     </span>
     <span class='ocr_line' id='line_1_15' title="bbox 130 1947 1316 2043; baseline 0.005 -29"><span class='ocrx_word' id='word_1_135' title='bbox 130 1969 177 2016; x_wconf 88' lang='lat' dir='ltr'><strong>vs.</strong></span> <span class='ocrx_word' id='word_1_136' title='bbox 197 1947 245 2035; x_wconf 82' lang='lat'><strong>5).</strong></span> <span class='ocrx_word' id='word_1_137' title='bbox 264 1951 339 2035; x_wconf 80' lang='lat' dir='ltr'><strong>Ipse</strong></span> <span class='ocrx_word' id='word_1_138' title='bbox 361 1962 466 2017; x_wconf 85' lang='lat' dir='ltr'><strong>autem</strong></span> <span class='ocrx_word' id='word_1_139' title='bbox 490 1952 651 2018; x_wconf 80' lang='lat' dir='ltr'><strong>Tribunus</strong></span> <span class='ocrx_word' id='word_1_140' title='bbox 671 1973 791 2038; x_wconf 80' lang='lat' dir='ltr'><strong>quoque</strong></span> <span class='ocrx_word' id='word_1_141' title='bbox 815 1958 879 2040; x_wconf 84' lang='grc' dir='ltr'>(και</span> <span class='ocrx_word' id='word_1_142' title='bbox 896 1957 910 2016; x_wconf 84' lang='grc' dir='ltr'>ὁ</span> <span class='ocrx_word' id='word_1_143' title='bbox 927 1948 1089 2043; x_wconf 77' lang='grc' dir='ltr'>χιλιαρχος</span> <span class='ocrx_word' id='word_1_144' title='bbox 1110 1947 1155 2032; x_wconf 81' lang='grc' dir='ltr'><strong>δε)</strong></span> <span class='ocrx_word' id='word_1_145' title='bbox 1172 1951 1235 2020; x_wconf 92' lang='lat' dir='ltr'><strong>sibi</strong></span> <span class='ocrx_word' id='word_1_146' title='bbox 1253 1973 1316 2020; x_wconf 92' lang='lat' dir='ltr'><strong>me·</strong></span> 
     </span>
     <span class='ocr_line' id='line_1_16' title="bbox 129 2073 1316 2164; baseline 0.003 -24"><span class='ocrx_word' id='word_1_147' title='bbox 129 2075 204 2151; x_wconf 91' lang='lat' dir='ltr'><strong>tuit,</strong></span> <span class='ocrx_word' id='word_1_148' title='bbox 231 2074 284 2142; x_wconf 90' lang='lat' dir='ltr'><strong>ubi</strong></span> <span class='ocrx_word' id='word_1_149' title='bbox 307 2075 473 2156; x_wconf 80' lang='lat' dir='ltr'><strong>intellexit,</strong></span> <span class='ocrx_word' id='word_1_150' title='bbox 492 2073 623 2142; x_wconf 86' lang='lat' dir='ltr'><strong>Paulum</strong></span> <span class='ocrx_word' id='word_1_151' title='bbox 651 2075 752 2141; x_wconf 57' lang='lat' dir='ltr'><strong>cirtem</strong></span> <span class='ocrx_word' id='word_1_152' title='bbox 781 2077 955 2143; x_wconf 89' lang='lat' dir='ltr'><strong>Romanum</strong></span> <span class='ocrx_word' id='word_1_153' title='bbox 979 2095 1049 2142; x_wconf 90' lang='lat' dir='ltr'><strong>esse</strong></span> <span class='ocrx_word' id='word_1_154' title='bbox 1069 2096 1167 2164; x_wconf 91' lang='lat' dir='ltr'><strong>seque</strong></span> <span class='ocrx_word' id='word_1_155' title='bbox 1183 2096 1256 2144; x_wconf 90' lang='lat' dir='ltr'><strong>eum</strong></span> <span class='ocrx_word' id='word_1_156' title='bbox 1275 2081 1316 2144; x_wconf 87' lang='lat' dir='ltr'><strong>ud</strong></span> 
     </span>
     <span class='ocr_line' id='line_1_17' title="bbox 129 2197 1315 2292; baseline 0.003 -27"><span class='ocrx_word' id='word_1_157' title='bbox 129 2211 291 2267; x_wconf 82' lang='lat' dir='ltr'><strong>torturam</strong></span> <span class='ocrx_word' id='word_1_158' title='bbox 307 2201 455 2268; x_wconf 88' lang='lat' dir='ltr'><strong>vinxisse.</strong></span> <span class='ocrx_word' id='word_1_159' title='bbox 475 2199 631 2268; x_wconf 89' lang='lat' dir='ltr'><strong>Postridie</strong></span> <span class='ocrx_word' id='word_1_160' title='bbox 653 2219 728 2266; x_wconf 89' lang='lat' dir='ltr'><strong>vero</strong></span> <span class='ocrx_word' id='word_1_161' title='bbox 749 2198 879 2288; x_wconf 87' lang='lat' dir='ltr'><strong>cupiens</strong></span> <span class='ocrx_word' id='word_1_162' title='bbox 896 2220 1007 2265; x_wconf 82' lang='lat' dir='ltr'><strong>cerum</strong></span> <span class='ocrx_word' id='word_1_163' title='bbox 1024 2207 1068 2288; x_wconf 80' lang='grc' dir='ltr'><strong>(το</strong></span> <span class='ocrx_word' id='word_1_164' title='bbox 1094 2197 1247 2292; x_wconf 65' lang='lat' dir='ltr'><strong>uoculae)</strong></span> <span class='ocrx_word' id='word_1_165' title='bbox 1263 2221 1315 2268; x_wconf 91' lang='lat' dir='ltr'><strong>co·</strong></span> 
     </span>
     <span class='ocr_line' id='line_1_18' title="bbox 129 2321 1315 2414; baseline 0.001 -25"><span class='ocrx_word' id='word_1_166' title='bbox 129 2343 299 2411; x_wconf 81' lang='lat' dir='ltr'><strong>gnoscere,</strong></span> <span class='ocrx_word' id='word_1_167' title='bbox 329 2324 450 2391; x_wconf 89' lang='lat' dir='ltr'><strong>scilicet</strong></span> <span class='ocrx_word' id='word_1_168' title='bbox 476 2327 643 2390; x_wconf 83' lang='lat' dir='ltr'><strong>cuiusnam</strong></span> <span class='ocrx_word' id='word_1_169' title='bbox 670 2326 720 2388; x_wconf 88' lang='lat' dir='ltr'><strong>rei</strong></span> <span class='ocrx_word' id='word_1_170' title='bbox 745 2321 800 2412; x_wconf 80' lang='lat' dir='ltr'><strong>(u)</strong></span> <span class='ocrx_word' id='word_1_171' title='bbox 822 2335 1021 2389; x_wconf 88' lang='lat' dir='ltr'><strong>accusaretur</strong></span> <span class='ocrx_word' id='word_1_172' title='bbox 1044 2343 1062 2390; x_wconf 92' lang='lat' dir='ltr'><strong>a</strong></span> <span class='ocrx_word' id='word_1_173' title='bbox 1084 2327 1201 2414; x_wconf 82' lang='grc' dir='ltr'>(παρα,</span> <span class='ocrx_word' id='word_1_174' title='bbox 1225 2329 1263 2392; x_wconf 89' lang='lat' dir='ltr'><strong>de</strong></span> <span class='ocrx_word' id='word_1_175' title='bbox 1285 2329 1315 2392; x_wconf 87' lang='lat' dir='ltr'><strong>iu</strong></span> 
     </span>
     <span class='ocr_line' id='line_1_19' title="bbox 126 2446 1315 2538; baseline 0.001 -24"><span class='ocrx_word' id='word_1_176' title='bbox 126 2459 216 2533; x_wconf 83' lang='lat' dir='ltr'><strong>port.</strong></span> <span class='ocrx_word' id='word_1_177' title='bbox 236 2447 306 2516; x_wconf 90' lang='lat' dir='ltr'><strong>vide</strong></span> <span class='ocrx_word' id='word_1_178' title='bbox 323 2451 381 2518; x_wconf 90' lang='lat' dir='ltr'><strong>Gr.</strong></span> <span class='ocrx_word' id='word_1_179' title='bbox 400 2469 471 2538; x_wconf 83' lang='lat' dir='ltr'><strong>pag.</strong></span> <span class='ocrx_word' id='word_1_180' title='bbox 491 2451 568 2536; x_wconf 78' lang='lat'>595)</span> <span class='ocrx_word' id='word_1_181' title='bbox 590 2447 730 2528; x_wconf 91' lang='lat' dir='ltr'><strong>ludaeis,</strong></span> <span class='ocrx_word' id='word_1_182' title='bbox 756 2468 774 2513; x_wconf 87' lang='lat' dir='ltr'><strong>a</strong></span> <span class='ocrx_word' id='word_1_183' title='bbox 798 2447 930 2514; x_wconf 88' lang='lat' dir='ltr'><strong>vinculis</strong></span> <span class='ocrx_word' id='word_1_184' title='bbox 958 2467 1029 2515; x_wconf 89' lang='lat' dir='ltr'><strong>eum</strong></span> <span class='ocrx_word' id='word_1_185' title='bbox 1057 2451 1153 2515; x_wconf 82' lang='lat' dir='ltr'><strong>solvit</strong></span> <span class='ocrx_word' id='word_1_186' title='bbox 1177 2446 1315 2538; x_wconf 79' lang='grc' dir='ltr'>(ελυσεν)</span> 
     </span>
     <span class='ocr_line' id='line_1_20' title="bbox 128 2559 1315 2666; baseline 0 -25"><span class='ocrx_word' id='word_1_187' title='bbox 128 2575 281 2665; x_wconf 86' lang='lat' dir='ltr'><strong>iussitque</strong></span> <span class='ocrx_word' id='word_1_188' title='bbox 310 2577 476 2643; x_wconf 90' lang='lat' dir='ltr'><strong>convenire</strong></span> <span class='ocrx_word' id='word_1_189' title='bbox 498 2579 672 2643; x_wconf 81' lang='lat' dir='ltr'><strong>sacerdotes</strong></span> <span class='ocrx_word' id='word_1_190' title='bbox 693 2577 859 2660; x_wconf 81' lang='lat' dir='ltr'><strong>principes</strong></span> <span class='ocrx_word' id='word_1_191' title='bbox 872 2559 956 2655; x_wconf 74' lang='grc' dir='ltr'>(τους</span> <span class='ocrx_word' id='word_1_192' title='bbox 973 2574 1138 2666; x_wconf 78' lang='grc' dir='ltr'>αρχιερεις)</span> <span class='ocrx_word' id='word_1_193' title='bbox 1155 2584 1315 2666; x_wconf 83' lang='lat' dir='ltr'><strong>totumque</strong></span> 
     </span>
     <span class='ocr_line' id='line_1_21' title="bbox 129 2698 1310 2791; baseline -0.002 -25"><span class='ocrx_word' id='word_1_194' title='bbox 129 2700 268 2787; x_wconf 85' lang='lat' dir='ltr'><strong>ipsorum</strong></span> <span class='ocrx_word' id='word_1_195' title='bbox 293 2698 507 2788; x_wconf 86' lang='lat' dir='ltr'><strong>(ludaeorum)</strong></span> <span class='ocrx_word' id='word_1_196' title='bbox 530 2699 736 2788; x_wconf 84' lang='lat' dir='ltr'><strong>Synedrinm3</strong></span> <span class='ocrx_word' id='word_1_197' title='bbox 764 2710 880 2766; x_wconf 89' lang='lat' dir='ltr'><strong>etcum</strong></span> <span class='ocrx_word' id='word_1_198' title='bbox 898 2701 1078 2764; x_wconf 73' lang='lat' dir='ltr'><strong>deduxisset</strong></span> <span class='ocrx_word' id='word_1_199' title='bbox 1099 2698 1310 2791; x_wconf 68' lang='grc' dir='ltr'>(καταγαγων,</span> 
     </span>
     <span class='ocr_line' id='line_1_22' title="bbox 129 2820 1312 2909; baseline 0.003 -20"><span class='ocrx_word' id='word_1_200' title='bbox 129 2822 198 2890; x_wconf 89' lang='lat' dir='ltr'><strong>soil.</strong></span> <span class='ocrx_word' id='word_1_201' title='bbox 225 2823 264 2891; x_wconf 89' lang='lat' dir='ltr'><strong>ab</strong></span> <span class='ocrx_word' id='word_1_202' title='bbox 279 2844 352 2891; x_wconf 91' lang='lat' dir='ltr'><strong>arce</strong></span> <span class='ocrx_word' id='word_1_203' title='bbox 367 2823 502 2892; x_wconf 82' lang='lat' dir='ltr'><strong>Antonia</strong></span> <span class='ocrx_word' id='word_1_204' title='bbox 522 2823 561 2892; x_wconf 90' lang='lat' dir='ltr'><strong>ad</strong></span> <span class='ocrx_word' id='word_1_205' title='bbox 583 2823 728 2892; x_wconf 89' lang='lat' dir='ltr'><strong>conclave</strong></span> <span class='ocrx_word' id='word_1_206' title='bbox 753 2820 909 2909; x_wconf 87' lang='lat' dir='ltr'><strong>Synedrii)</strong></span> <span class='ocrx_word' id='word_1_207' title='bbox 929 2822 1079 2900; x_wconf 90' lang='lat' dir='ltr'><strong>Paulum,</strong></span> <span class='ocrx_word' id='word_1_208' title='bbox 1108 2821 1193 2891; x_wconf 89' lang='lat' dir='ltr'><strong>buno</strong></span> <span class='ocrx_word' id='word_1_209' title='bbox 1210 2844 1312 2892; x_wconf 89' lang='lat' dir='ltr'><strong>coram</strong></span> 
     </span>
     <span class='ocr_line' id='line_1_23' title="bbox 131 2947 341 3036; baseline 0.01 -24"><span class='ocrx_word' id='word_1_210' title='bbox 131 2947 207 3036; x_wconf 79' lang='lat' dir='ltr'><strong>ipsis</strong></span> <span class='ocrx_word' id='word_1_211' title='bbox 224 2948 341 3015; x_wconf 81' lang='lat' dir='ltr'><strong>statuit.</strong></span> 
     </span>
    </p>

    <p class='ocr_par' dir='ltr' id='par_1_3' title="bbox 130 3072 1310 3786">
     <span class='ocr_line' id='line_1_24' title="bbox 174 3072 1309 3161; baseline 0.003 -24"><span class='ocrx_word' id='word_1_212' title='bbox 174 3075 241 3150; x_wconf 85' lang='grc' dir='ltr'>Τοις</span> <span class='ocrx_word' id='word_1_213' title='bbox 270 3078 394 3161; x_wconf 70' lang='grc' dir='ltr'><strong>ἱμᾶσιν,</strong></span> <span class='ocrx_word' id='word_1_214' title='bbox 417 3077 514 3159; x_wconf 81' lang='lat' dir='ltr'><strong>loris,</strong></span> <span class='ocrx_word' id='word_1_215' title='bbox 540 3074 645 3141; x_wconf 87' lang='lat' dir='ltr'><strong>Datin.</strong></span> <span class='ocrx_word' id='word_1_216' title='bbox 673 3073 846 3140; x_wconf 86' lang='lat' dir='ltr'><strong>Commodi.</strong></span> <span class='ocrx_word' id='word_1_217' title='bbox 873 3072 1067 3142; x_wconf 89' lang='lat' dir='ltr'><strong>Vocabulum</strong></span> <span class='ocrx_word' id='word_1_218' title='bbox 1095 3076 1185 3159; x_wconf 72' lang='grc' dir='ltr'><strong>ἔμας,</strong></span> <span class='ocrx_word' id='word_1_219' title='bbox 1209 3098 1309 3152; x_wconf 69' lang='lat' dir='ltr'><strong>urere,</strong></span> 
     </span>
     <span class='ocr_line' id='line_1_25' title="bbox 130 3197 1308 3288; baseline -0.003 -23"><span class='ocrx_word' id='word_1_220' title='bbox 130 3198 245 3266; x_wconf 89' lang='lat' dir='ltr'><strong>dicitur</strong></span> <span class='ocrx_word' id='word_1_221' title='bbox 260 3210 290 3266; x_wconf 89' lang='lat' dir='ltr'><strong>et</strong></span> <span class='ocrx_word' id='word_1_222' title='bbox 308 3197 348 3266; x_wconf 94' lang='lat' dir='ltr'><strong>de</strong></span> <span class='ocrx_word' id='word_1_223' title='bbox 364 3201 523 3282; x_wconf 71' lang='lat' dir='ltr'><strong>conuiuia,</strong></span> <span class='ocrx_word' id='word_1_224' title='bbox 542 3218 601 3288; x_wconf 88' lang='lat' dir='ltr'><strong>qua</strong></span> <span class='ocrx_word' id='word_1_225' title='bbox 622 3197 829 3265; x_wconf 88' lang='lat' dir='ltr'><strong>calceamenta</strong></span> <span class='ocrx_word' id='word_1_226' title='bbox 850 3208 986 3263; x_wconf 88' lang='lat' dir='ltr'><strong>veterum</strong></span> <span class='ocrx_word' id='word_1_227' title='bbox 1004 3197 1211 3285; x_wconf 81' lang='lat' dir='ltr'><strong>alligabantur</strong></span> <span class='ocrx_word' id='word_1_228' title='bbox 1227 3198 1308 3288; x_wconf 90' lang='lat' dir='ltr'><strong>(lob.</strong></span> 
     </span>
     <span class='ocr_line' id='line_1_26' title="bbox 131 3321 1310 3412; baseline 0.001 -24"><span class='ocrx_word' id='word_1_229' title='bbox 131 3323 144 3388; x_wconf 92' lang='lat' dir='ltr'><strong>l</strong></span> <span class='ocrx_word' id='word_1_230' title='bbox 165 3346 172 3389; x_wconf 92' lang='lat'><strong>:</strong></span> <span class='ocrx_word' id='word_1_231' title='bbox 191 3324 264 3412; x_wconf 73' lang='lat'><strong>27),</strong></span> <span class='ocrx_word' id='word_1_232' title='bbox 282 3335 328 3403; x_wconf 90' lang='lat' dir='ltr'><strong>et,</strong></span> <span class='ocrx_word' id='word_1_233' title='bbox 355 3324 386 3390; x_wconf 93' lang='lat' dir='ltr'><strong>in</strong></span> <span class='ocrx_word' id='word_1_234' title='bbox 409 3323 545 3405; x_wconf 85' lang='lat' dir='ltr'><strong>Plurali,</strong></span> <span class='ocrx_word' id='word_1_235' title='bbox 571 3323 610 3391; x_wconf 91' lang='lat' dir='ltr'><strong>de</strong></span> <span class='ocrx_word' id='word_1_236' title='bbox 633 3323 728 3403; x_wconf 90' lang='lat' dir='ltr'><strong>loris,</strong></span> <span class='ocrx_word' id='word_1_237' title='bbox 746 3343 784 3389; x_wconf 90' lang='lat' dir='ltr'><strong>ex</strong></span> <span class='ocrx_word' id='word_1_238' title='bbox 801 3322 915 3410; x_wconf 87' lang='lat' dir='ltr'><strong>quibus</strong></span> <span class='ocrx_word' id='word_1_239' title='bbox 932 3321 1177 3410; x_wconf 85' lang='lat' dir='ltr'><strong>componebatur</strong></span> <span class='ocrx_word' id='word_1_240' title='bbox 1197 3324 1310 3391; x_wconf 84' lang='lat' dir='ltr'><strong>scutica</strong></span> 
     </span>
     <span class='ocr_line' id='line_1_27' title="bbox 130 3434 1305 3536; baseline -0.003 -21"><span class='ocrx_word' id='word_1_241' title='bbox 130 3448 195 3515; x_wconf 88' lang='lat' dir='ltr'><strong>sive</strong></span> <span class='ocrx_word' id='word_1_242' title='bbox 218 3447 392 3536; x_wconf 77' lang='lat' dir='ltr'><strong>flagellum3</strong></span> <span class='ocrx_word' id='word_1_243' title='bbox 418 3447 457 3515; x_wconf 91' lang='lat' dir='ltr'><strong>de</strong></span> <span class='ocrx_word' id='word_1_244' title='bbox 471 3434 610 3534; x_wconf 47' lang='lat' dir='ltr'><strong>&#39;fiinibus</strong></span> <span class='ocrx_word' id='word_1_245' title='bbox 637 3451 678 3513; x_wconf 88' lang='lat' dir='ltr'><strong>od</strong></span> <span class='ocrx_word' id='word_1_246' title='bbox 699 3449 904 3513; x_wconf 84' lang='lat' dir='ltr'><strong>vinciendum</strong></span> <span class='ocrx_word' id='word_1_247' title='bbox 927 3445 1088 3534; x_wconf 83' lang='lat' dir='ltr'><strong>nuspiam,</strong></span> <span class='ocrx_word' id='word_1_248' title='bbox 1110 3455 1144 3511; x_wconf 86' lang='lat' dir='ltr'><strong>ut</strong></span> <span class='ocrx_word' id='word_1_249' title='bbox 1172 3444 1305 3524; x_wconf 76' lang='lat' dir='ltr'><strong>videtur,</strong></span> 
     </span>
     <span class='ocr_line' id='line_1_28' title="bbox 131 3568 1298 3660; baseline -0.001 -23"><span class='ocrx_word' id='word_1_250' title='bbox 131 3577 202 3660; x_wconf 81' lang='grc' dir='ltr'><strong>ίμας</strong></span> <span class='ocrx_word' id='word_1_251' title='bbox 225 3571 342 3640; x_wconf 89' lang='lat' dir='ltr'><strong>dictum</strong></span> <span class='ocrx_word' id='word_1_252' title='bbox 366 3572 514 3640; x_wconf 84' lang='lat' dir='ltr'><strong>occurrit.</strong></span> <span class='ocrx_word' id='word_1_253' title='bbox 536 3612 577 3621; x_wconf 93' lang='lat'><strong>—</strong></span> <span class='ocrx_word' id='word_1_254' title='bbox 595 3574 643 3641; x_wconf 86' lang='lat' dir='ltr'><strong>De</strong></span> <span class='ocrx_word' id='word_1_255' title='bbox 659 3575 725 3638; x_wconf 86' lang='lat' dir='ltr'><strong>ciue</strong></span> <span class='ocrx_word' id='word_1_256' title='bbox 741 3573 887 3638; x_wconf 87' lang='lat' dir='ltr'><strong>Rornuno</strong></span> <span class='ocrx_word' id='word_1_257' title='bbox 904 3594 924 3636; x_wconf 87' lang='lat' dir='ltr'><strong>u</strong></span> <span class='ocrx_word' id='word_1_258' title='bbox 939 3572 1073 3656; x_wconf 70' lang='lat' dir='ltr'><strong>[tenellis</strong></span> <span class='ocrx_word' id='word_1_259' title='bbox 1090 3571 1232 3636; x_wconf 87' lang='lat' dir='ltr'><strong>immuni</strong></span> <span class='ocrx_word' id='word_1_260' title='bbox 1246 3568 1298 3636; x_wconf 84' lang='lat' dir='ltr'><strong>vid·</strong></span> 
     </span>
     <span class='ocr_line' id='line_1_29' title="bbox 131 3693 1290 3786; baseline -0.003 -24"><span class='ocrx_word' id='word_1_261' title='bbox 131 3715 210 3785; x_wconf 90' lang='lat' dir='ltr'><strong>quae</strong></span> <span class='ocrx_word' id='word_1_262' title='bbox 232 3697 404 3763; x_wconf 91' lang='lat' dir='ltr'><strong>notavimus</strong></span> <span class='ocrx_word' id='word_1_263' title='bbox 428 3716 522 3786; x_wconf 85' lang='lat' dir='ltr'><strong>supra</strong></span> <span class='ocrx_word' id='word_1_264' title='bbox 546 3695 584 3764; x_wconf 90' lang='lat' dir='ltr'><strong>ad</strong></span> <span class='ocrx_word' id='word_1_265' title='bbox 607 3697 684 3786; x_wconf 84' lang='lat' dir='ltr'><strong>Cep.</strong></span> <span class='ocrx_word' id='word_1_266' title='bbox 711 3697 789 3765; x_wconf 92' lang='lat' dir='ltr'><strong>XVl</strong></span> <span class='ocrx_word' id='word_1_267' title='bbox 817 3721 824 3762; x_wconf 93' lang='lat'>:</span> <span class='ocrx_word' id='word_1_268' title='bbox 850 3697 905 3763; x_wconf 80' lang='lat'><strong>58.</strong></span> <span class='ocrx_word' id='word_1_269' title='bbox 932 3693 1060 3761; x_wconf 83' lang='lat' dir='ltr'><strong>Licebat</strong></span> <span class='ocrx_word' id='word_1_270' title='bbox 1084 3703 1186 3760; x_wconf 91' lang='lat' dir='ltr'><strong>tamen</strong></span> <span class='ocrx_word' id='word_1_271' title='bbox 1215 3694 1290 3760; x_wconf 84' lang='lat' dir='ltr'><strong>civer</strong></span> 
     </span>
    </p>
   </div>
   <div class='ocr_carea' id='block_1_3' title="bbox 129 3942 1273 4110">
    <p class='ocr_par' dir='ltr' id='par_1_4' title="bbox 129 3942 1273 4110">
     <span class='ocr_line' id='line_1_30' title="bbox 131 3942 1273 4039; baseline 0 -29"><span class='ocrx_word' id='word_1_272' title='bbox 131 3969 244 4025; x_wconf 77' lang='lat' dir='ltr'><strong>aarum,</strong></span> <span class='ocrx_word' id='word_1_273' title='bbox 280 3968 463 4039; x_wconf 82' lang='grc' dir='ltr'>προετεινεν,</span> <span class='ocrx_word' id='word_1_274' title='bbox 497 3943 697 4037; x_wconf 78' lang='grc' dir='ltr'>προσετεινεν)</span> <span class='ocrx_word' id='word_1_275' title='bbox 746 3942 804 4019; x_wconf 64' lang='lat' dir='ltr'><strong>lere</strong></span> <span class='ocrx_word' id='word_1_276' title='bbox 823 3972 876 4012; x_wconf 90' lang='lat' dir='ltr'><strong>non</strong></span> <span class='ocrx_word' id='word_1_277' title='bbox 893 3958 989 4022; x_wconf 83' lang='lat' dir='ltr'><strong>legitur</strong></span> <span class='ocrx_word' id='word_1_278' title='bbox 1005 3959 1032 4009; x_wconf 85' lang='lat' dir='ltr'><strong>in</strong></span> <span class='ocrx_word' id='word_1_279' title='bbox 1049 3957 1273 4010; x_wconf 68' lang='lat' dir='ltr'><strong>(loddbltcllm</strong></span> 
     </span>
     <span class='ocr_line' id='line_1_31' title="bbox 129 4034 1267 4110; baseline -0.004 -22"><span class='ocrx_word' id='word_1_280' title='bbox 129 4037 283 4089; x_wconf 72' lang='lat' dir='ltr'><strong>ducloriidie</strong></span> <span class='ocrx_word' id='word_1_281' title='bbox 296 4040 428 4104; x_wconf 71' lang='lat' dir='ltr'><strong>praesidio</strong></span> <span class='ocrx_word' id='word_1_282' title='bbox 446 4034 509 4086; x_wconf 81' lang='lat' dir='ltr'><strong>mlhl</strong></span> <span class='ocrx_word' id='word_1_283' title='bbox 527 4034 639 4087; x_wconf 90' lang='lat' dir='ltr'><strong>videtur.</strong></span> <span class='ocrx_word' id='word_1_284' title='bbox 651 4036 698 4087; x_wconf 83' lang='lat' dir='ltr'><strong>ln·</strong></span> <span class='ocrx_word' id='word_1_285' title='bbox 745 4045 831 4110; x_wconf 77' lang='lat' dir='ltr'><strong>tisque</strong></span> <span class='ocrx_word' id='word_1_286' title='bbox 844 4041 1009 4104; x_wconf 75' lang='lat' dir='ltr'><strong>Minusculis3</strong></span> <span class='ocrx_word' id='word_1_287' title='bbox 1024 4042 1097 4094; x_wconf 76' lang='lat' dir='ltr'><strong>abest</strong></span> <span class='ocrx_word' id='word_1_288' title='bbox 1109 4042 1233 4108; x_wconf 64' lang='lat' dir='ltr'><strong>parilem</strong></span> <span class='ocrx_word' id='word_1_289' title='bbox 1245 4057 1267 4094; x_wconf 77' lang='lat' dir='ltr'><strong>nr</strong></span> 
     </span>
    </p>
   </div>
   <div class='ocr_carea' id='block_1_4' title="bbox 131 4118 1261 4284">
    <p class='ocr_par' dir='ltr' id='par_1_5' title="bbox 131 4118 1261 4284">
     <span class='ocr_line' id='line_1_32' title="bbox 131 4118 1261 4214; baseline 0.006 -35"><span class='ocrx_word' id='word_1_290' title='bbox 131 4124 232 4186; x_wconf 68' lang='lat' dir='ltr'><strong>lerprsss</strong></span> <span class='ocrx_word' id='word_1_291' title='bbox 261 4123 348 4173; x_wconf 64' lang='lat' dir='ltr'>nostes</span> <span class='ocrx_word' id='word_1_292' title='bbox 376 4118 468 4214; x_wconf 63' lang='lat' dir='ltr'><strong>ledefji</strong></span> <span class='ocrx_word' id='word_1_293' title='bbox 490 4125 695 4192; x_wconf 57' lang='grc' dir='ltr'><strong>πρθσῑῗεῑναν·</strong></span> <span class='ocrx_word' id='word_1_294' title='bbox 745 4133 826 4185; x_wconf 84' lang='lat' dir='ltr'><strong>nullis</strong></span> <span class='ocrx_word' id='word_1_295' title='bbox 848 4133 964 4198; x_wconf 86' lang='lat' dir='ltr'><strong>antiquis</strong></span> <span class='ocrx_word' id='word_1_296' title='bbox 987 4132 1159 4185; x_wconf 77' lang='lat' dir='ltr'><strong>versionibus</strong></span> <span class='ocrx_word' id='word_1_297' title='bbox 1183 4132 1261 4186; x_wconf 64' lang='lat' dir='ltr'><strong>Gtosse</strong></span> 
     </span>
     <span class='ocr_line' id='line_1_33' title="bbox 165 4193 1047 4284; baseline 0.007 -25"><span class='ocrx_word' id='word_1_298' title='bbox 165 4207 184 4273; x_wconf 85' lang='lat'><strong>¹)</strong></span> <span class='ocrx_word' id='word_1_299' title='bbox 203 4209 257 4260; x_wconf 80' lang='lat' dir='ltr'><strong>Van</strong></span> <span class='ocrx_word' id='word_1_300' title='bbox 280 4223 350 4260; x_wconf 83' lang='lat' dir='ltr'><strong>uuor.</strong></span> <span class='ocrx_word' id='word_1_301' title='bbox 365 4209 421 4261; x_wconf 86' lang='lat' dir='ltr'><strong>Vox</strong></span> <span class='ocrx_word' id='word_1_302' title='bbox 434 4198 488 4284; x_wconf 75' lang='grc' dir='ltr'><strong>ὁρα</strong></span> <span class='ocrx_word' id='word_1_303' title='bbox 506 4213 567 4261; x_wconf 88' lang='lat' dir='ltr'><strong>ante</strong></span> <span class='ocrx_word' id='word_1_304' title='bbox 583 4220 612 4258; x_wconf 84' lang='grc' dir='ltr'><strong>τι</strong></span> <span class='ocrx_word' id='word_1_305' title='bbox 626 4193 699 4282; x_wconf 79' lang='grc' dir='ltr'>μελ-</span> <span class='ocrx_word' id='word_1_306' title='bbox 746 4231 802 4268; x_wconf 89' lang='lat' dir='ltr'><strong>esse</strong></span> <span class='ocrx_word' id='word_1_307' title='bbox 814 4217 922 4269; x_wconf 90' lang='lat' dir='ltr'><strong>omnino</strong></span> <span class='ocrx_word' id='word_1_308' title='bbox 936 4214 1047 4266; x_wconf 88' lang='lat' dir='ltr'><strong>ridetur.</strong></span> 
     </span>
    </p>
   </div>
   <div class='ocr_carea' id='block_1_5' title="bbox 0 0 1542 5054">
    <p class='ocr_par' dir='ltr' id='par_1_6' title="bbox 0 0 1542 5054">
     <span class='ocr_line' id='line_1_34' title="bbox 0 0 1542 5054; baseline 0 0"><span class='ocrx_word' id='word_1_309' title='bbox 0 0 1542 5054; x_wconf 95' lang='lat' dir='ltr'><strong> </strong></span> 
     </span>
    </p>
   </div>
  </div>
 </body>
</html>
