3074 5054
438 395 576 464 CAPUT
616 397 730 477 XVll,
768 395 890 467 VERS.
932 397 1076 464 att-ts.
1282 391 1343 458 dhl

169 593 270 674 νοντες)
287 589 398 657 Sauras
414 588 592 678 Scripturas
608 589 639 654 iu
653 608 724 655 eum
742 586 849 667 linem,
863 596 897 655 ut
909 596 1143 675 cognoscerent,
1159 606 1201 650 on
1214 582 1261 666 (ει)
1273 586 1348 650 hoec

167 710 293 801 (ταυτα)
313 715 360 777 t'la
376 735 407 778 ae
422 712 582 779 haberent.

205 835 349 923 Apostoli
368 836 398 900 in
416 835 622 924 praedicando
648 835 771 902 ludaeis
789 833 956 922 Evangelio
973 831 1217 901 honorationem
1235 849 1346 919 seque-

167 955 272 1024 bantur
283 961 343 1039 (vs.
358 960 422 1026 bet
434 960 481 1044 5),
496 968 530 1025 ut
542 979 581 1025 ex
594 959 698 1026 Sacris
711 957 884 1048 Scripturis
897 956 1058 1036 docerent,
1074 973 1224 1043 quaenam
1241 961 1345 1019 essent

166 1081 307 1168 promissi
326 1082 459 1150 Massiua
472 1092 579 1162 notae,
600 1080 804 1170 quasdeinde
821 1079 1024 1147 adamussim
1042 1079 1073 1145 in
1092 1080 1194 1145 lesum
1212 1079 1344 1146 Nazare-

165 1223 232 1272 num
250 1204 404 1294 quadrare
420 1206 633 1273 ostendebant.
652 1206 844 1271 Beroeenses
860 1223 933 1290 ergo
959 1201 1180 1292 persolvebant
1202 1201 1344 1289 Scriptu-

164 1347 219 1414 ras,
234 1341 270 1396 ut
283 1340 520 1418 cognoscerent,
535 1351 578 1395 an
590 1332 665 1395 hoec
678 1327 819 1417 (ταυτα),
833 1328 856 1395 i.
867 1349 896 1394 e.
907 1347 943 1394 ea
956 1347 1035 1416 quae
1046 1326 1187 1415 Apostoli
1201 1316 1356 1392 dicebant

162 1451 291 1522 deuotis
303 1455 449 1544 promissi
462 1454 608 1532 Messiae,
624 1457 671 1520 ita
684 1473 794 1541 reapse
805 1455 953 1519 haberent
967 1451 1008 1542 (ει
1025 1475 1090 1538 εχοι
1106 1475 1203 1515 ταυτα
1219 1451 1338 1533 οὑτως).

159 1575 258 1646 Probe
276 1588 387 1645 <autem
416 1576 468 1644 hic
496 1577 664 1645 notandum
691 1586 755 1657 est,
785 1577 957 1644 institutum
986 1576 1025 1644 ab
1053 1575 1115 1642 illis
1144 1574 1240 1643 luisse
1265 1573 1342 1642 illud

155 1717 298 1781 examen,
316 1711 480 1790 antequam
497 1700 704 1767 Christianam
722 1700 903 1786 religionem
924 1711 1026 1767 essent
1047 1698 1192 1787 professi.
1212 1699 1250 1763 Et
1267 1716 1339 1786 pro-

150 1819 256 1892 babile
278 1837 340 1904 est,
360 1825 445 1914 ipsos
469 1824 599 1891 Paulum
622 1835 652 1891 et
674 1824 771 1892 Silam
790 1824 947 1893 auditores
970 1844 1043 1891 snos
1059 1823 1097 1890 ad
1114 1821 1336 1890 instituendum

144 1945 228 2017 illud
257 1969 386 2016 examen
414 1950 510 2017 luisse
537 1948 728 2016 adhortatos.
758 1948 851 2035 Quod
879 1961 981 2016 antem
1007 1948 1132 2026 monui,
1162 1947 1336 2014 institutum

140 2069 228 2141 illud
247 2094 376 2141 examen
391 2075 487 2141 luisse
504 2095 521 2140 a
538 2074 766 2141 Beroeensibns
783 2074 914 2141 necdum
933 2074 1113 2161 religionem
1130 2071 1337 2139 Christianam

135 2201 322 2284 professis,
353 2199 385 2267 id
408 2201 533 2290 quidem
557 2221 595 2268 ex
619 2211 760 2268 contexta
783 2201 922 2267 oratione
943 2199 1105 2289 probatur.
1131 2200 1210 2267 Nam
1235 2201 1336 2265 Lu‘cas

132 2297 223 2409 post
238 2324 365 2391 demum
382 2344 474 2414 qnam
499 2344 627 2391 examen
649 2324 726 2393 illud
743 2325 937 2403 memoravit,
956 2335 1092 2401 enarrat,
1110 2323 1223 2390 multos
1240 2320 1334 2389 fidem

82 2516 95 2541 N
126 2445 359 2515 Christianam
387 2447 482 2514 luisse
509 2448 669 2536 amplexos
696 2447 927 2538 (entoreoceo);
951 2458 981 2514 et
1005 2457 1166 2536 postquam
1197 2445 1274 2513 dixit
1295 2444 1334 2512 de

126 2565 380 2637 Beroeensibus
397 2592 534 2649 onmons,
550 2571 633 2659 quod
650 2572 810 2662 Apostolis
826 2570 1104 2660 evangelizantibus
1120 2568 1225 2636 avidas
1241 2589 1333 2635 aures

126 2691 339 2778 praebebant
364 2705 394 2759 et
416 2694 593 2783 Scripturas
618 2696 857 2784 pervolvebant,
883 2695 985 2773 addit,
1007 2717 1117 2760 eornm
1133 2713 1247 2759 munros
1264 2714 1332 2758 cre-

123 2816 401 2906 diatessarontice
416 2842 470 2904 pan
482 2841 533 2882 ουν
548 2816 577 2894 εξ
589 2843 689 2884 aaran
702 2820 912 2909 επιστευσαν);
927 2821 1011 2909 alqui
1025 2821 1051 2886 si
1065 2820 1109 2886 illi
1123 2840 1331 2910 ανακρινοντες

125 2960 201 3014 ’τας
217 2963 336 3033 γραφας
354 2942 412 3008 iam
431 2953 517 3008 erant
534 2943 654 3022 fideles,
673 2944 878 3012 credidissent
894 2966 1000 3012 onnus.
1016 2947 1104 3031 Quae
1116 2965 1187 3011 oum
1201 2945 1242 3011 ita
1254 2944 1328 3022 sint,

130 3074 232 3149 patet
248 3063 400 3152 prolecto,
416 3086 507 3153 quam
525 3066 601 3134 salso
615 3079 644 3134 et
660 3068 770 3135 inscite
786 3067 870 3135 hnnc
885 3069 1064 3158 Scripturae
1081 3070 1185 3137 locum
1201 3078 1330 3157 urgeant

132 3182 357 3253 Protestantes
374 3199 480 3255 contra
496 3191 706 3278 magisterium
724 3192 895 3260 Ecclesiae.

196 3429 249 3495 lh.
275 3431 321 3494 Et
346 3433 442 3496 molti
469 3436 611 3517 qrn‘dem,
641 3434 732 3523 etc).
766 3437 987 3504 Beroeensium
1021 3437 1205 3506 ludaeorum
1238 3440 1329 3507 molti

141 3547 271 3638 (πολλοι
288 3549 318 3628 εξ
335 3554 450 3643 aaron)
466 3555 505 3622 ad
528 3557 749 3645 Apostolorum
774 3559 1034 3647 praedicationem
1056 3561 1262 3630 Christianam
1280 3584 1327 3630 re-

147 3673 293 3761 ligionem
318 3677 452 3767 amplexi
476 3692 547 3747 sunt
574 3682 800 3771 (επιστευσαν);
832 3683 914 3772 qnod
936 3695 966 3750 et
990 3685 1130 3752 lecerunt
1153 3691 1327 3773 complures

148 3797 218 3886 (ουκ
247 3799 361 3891 ολιγοι)
388 3805 528 3872 Graecae
556 3805 702 3873 mulieres
730 3807 896 3896 primariae
922 3820 1014 3899 atque
1040 3810 1112 3877 viri.
1142 3811 1326 3900 Complures

147 3923 274 3992 illiniri
302 3937 394 4015 atque
418 3929 565 3997 mulieres
589 3952 627 3997 ex
655 3931 788 3999 ethnicis
816 3932 912 4000 luisse
937 3933 1092 4014 videntur,
1120 3954 1215 4023 quom
1239 3935 1324 4002 nullo
1356 3956 1359 3961 ·

148 4047 237 4116 modo
262 4060 418 4140 tamquam
444 4054 592 4141 proselyti
618 4055 828 4143 designentur.
850 4095 893 4105 -
917 4058 1021 4126 Dictio
1051 4083 1104 4146 μεν
1125 4082 1176 4123 ουν
1199 4070 1246 4127 est
1272 4059 1325 4127 hic

147 4179 360 4257 transeuntis,
382 4188 521 4268 utsupra
538 4182 613 4270 Cap.
634 4182 710 4250 Vlll
732 4206 738 4248 :
758 4186 813 4252 25.

192 4421 244 4487 15.
274 4420 355 4487 Cam
382 4435 490 4490 antem
518 4431 732 4511 cognovissent
758 4433 792 4495 in
819 4433 1040 4500 Thessalonica
1068 4435 1201 4516 Iudaei,
1231 4439 1321 4526 etc).
