3074 5054
180 398 246 466 579
543 399 677 467 Aenus
707 399 1044 479 APOSTOLORUM,

177 589 215 657 de
232 610 320 658 saera
336 590 551 659 Ordinatioue.
577 630 622 640 -
645 595 748 663 Voces
770 616 940 684 χειροτονια
963 605 993 661 ει
1014 575 1197 685 perpetiens
1221 591 1259 660 de
1276 611 1370 659 saera

177 711 380 781 Ordinatione
400 715 579 804 frequenter
595 717 723 807 usupari
744 719 775 784 in
798 719 924 806 scriptis
941 721 1068 785 Patrum
1085 737 1289 805 graecorum,
1309 737 1369 784 no·

176 835 238 903 tius
254 849 300 905 est
322 858 415 927 quam
432 847 465 905 ut
482 839 664 928 probatione
682 839 831 928 indigeam
859 852 951 931 atque
976 842 1002 907 is
1025 825 1170 928 loquendi
1188 861 1264 907 usus
1282 840 1371 906 inter

178 959 371 1028 Christianos
384 981 512 1049 graecos
525 961 654 1028 forsitan
669 983 704 1028 ex
722 964 876 1051 praesenti
891 965 994 1030 Lucae
1009 964 1077 1030 loco
1094 963 1245 1051 originem
1263 961 1366 1030 duxit.

175 1084 343 1173 Reliquum
360 1095 406 1152 est
427 1096 461 1152 ιιι
477 1096 632 1165 notemus,
650 1085 854 1175 Participium
870 1103 1133 1177 χειροτονησαντες
1150 1087 1217 1152 sine
1236 1087 1364 1175 copula*

175 1207 258 1294 iungi
280 1209 366 1275 alteri
384 1208 554 1298 Partieipio
574 1205 830 1301 προσευξεμενοι,
851 1229 912 1296 qua
928 1221 1083 1278 structura
1099 1207 1306 1298 significatur,
1328 1228 1367 1276 ca

177 1351 255 1418 qnae
280 1330 332 1399 hic
355 1331 501 1400 dieuntur
525 1331 633 1400 eodem
659 1333 809 1420 temporis
830 1333 930 1422 spatio
952 1345 1075 1422 peraeta
1098 1331 1211 1412 luisse;
1231 1343 1265 1397 ιιι
1286 1330 1368 1397 ειΙεε

177 1473 287 1522 sensus
316 1455 390 1523 sit:
422 1458 460 1524 Et
488 1476 584 1547 quum
612 1456 741 1542 (Paulus
770 1467 800 1522 et
827 1455 1000 1544 Barnabas)
1025 1455 1154 1522 novellis
1179 1452 1370 1521 Christianis

175 1578 303 1666 (αυτοις)
333 1601 389 1669 ρει
417 1581 554 1669 singulas
582 1581 730 1649 ecclesias
759 1582 794 1663 (i.
824 1602 853 1648 e.
885 1583 1033 1668 Lystrue,
1060 1581 1176 1661 leonii,
1204 1593 1235 1647 et
1257 1581 1370 1648 Antio·

177 1702 266 1771 chiae
293 1725 339 1772 vs.
367 1704 427 1793 ιο)
447 1707 527 1773 inter
550 1726 659 1796 preces
684 1717 714 1773 et
742 1706 855 1773 ieiunia
878 1727 934 1795 per
959 1707 1190 1796 impositionem
1216 1725 1369 1773 mannum

176 1826 383 1915 presbyteros
407 1839 582 1908 creassent,
608 1829 767 1916 utrisque,
797 1843 827 1895 et
850 1829 980 1897 novellis
1004 1829 1190 1897 Christianis
1208 1841 1238 1896 ει
1265 1829 1369 1916 sacris

176 1953 327 2021 ministris
352 1973 461 2021 reeens
484 1954 658 2022 constitutis
677 1951 909 2032 valedixerunt,
931 1956 1184 2019 commendantes
1210 1953 1283 2017 illos
1301 1954 1369 2018 Do-

176 2053 282 2157 mino,
314 2080 350 2143 in
377 2098 469 2163 quem
500 2080 702 2145 crediderant
730 2075 999 2158 (conternantem
1030 2077 1141 2164 Plusq.
1176 2073 1260 2141 Peri.
1296 2076 1368 2142 sine

181 2197 327 2288 Αιιςιιι.)ο

226 2445 372 2513 25—25.
402 2447 675 2530 Transeuntesqne
693 2445 871 2526 Pisidiam,
891 2443 982 2532 ειε.).
1002 2443 1140 2532 Apostoli
1158 2463 1175 2509 a
1192 2443 1293 2531 prima
1310 2462 1367 2509 sua

180 2569 365 2657 Evangeliea
388 2568 635 2657 peregrinatione
658 2567 813 2635 reversuri
838 2567 1037 2634 Antiochiam
1060 2566 1188 2652 Syriae,
1208 2565 1290 2633 unde
1308 2566 1369 2632 iter

180 2691 395 2772 instituerant,
426 2690 535 2757 relicta
563 2691 641 2758 urbe
672 2668 837 2758 Antiochia
872 2689 1028 2772 Pisidiae,
1059 2688 1138 2756 hane
1173 2688 1367 2778 provinciam

182 2824 400 2903 pertranseunt
437 2813 626 2902 veniuntque
659 2813 689 2879 in
731 2812 921 2901 provinciam
960 2810 1180 2901 Pamphiliam.
1221 2812 1369 2899 Cumque

180 2937 318 3023 Pergae,
348 2955 427 3025 quae
457 2933 652 3024 Pamphiliae
679 2937 755 3004 urbs
783 2947 847 3018 est,
877 2956 959 3005 nunc
986 2935 1066 3026 (vid.
1097 2953 1191 3023 supra
1219 2932 1257 3000 ad
1286 2934 1366 3023 Cap.

181 3058 260 3125 Xlll
289 3078 296 3120 :
327 3054 383 3143 ld)
412 3059 609 3141 eoonpelinm
634 3061 873 3143 praedicassent
901 3055 1107 3142 (λαλησαντες
1133 3078 1162 3120 εν
1188 3054 1292 3145 Περγῃ
1316 3078 1370 3118 τον

154 3180 299 3273 loyor),
331 3181 403 3249 inde
432 3185 657 3249 descenderunt
684 3180 891 3273 (κατεβησαν)
922 3181 1086 3261 Attalium,
1120 3199 1198 3269 quae
1227 3179 1369 3248 eiusdem

182 3306 360 3395 prouinciae
383 3305 459 3373 urbs
481 3305 625 3374 littoralis
648 3318 706 3375 est.
737 3307 817 3374 llinc
839 3327 913 3374 vero
932 3306 1152 3394 navigaverunt
1167 3302 1368 3372 Antiochiam

181 3433 342 3523 (Syriae),
372 3432 454 3501 unde
481 3436 613 3518 suerunt
639 3435 768 3499 divinoe
794 3435 917 3517 oratioe
945 3432 1159 3500 commendati
1186 3427 1259 3509 (der
1288 3451 1370 3501 ησαν

182 3551 422 3646 nnpndtdoperot
449 3535 485 3644 tp
513 3579 618 3646 χαριτι
646 3580 699 3621 του
727 3552 823 3641 Θεοιι)
851 3556 917 3622 sive
936 3555 1056 3623 dimissi
1073 3556 1115 3618 od
1132 3555 1196 3641 (εις)
1212 3549 1368 3638 agendum

184 3700 308 3749 sacrum
326 3703 427 3766 opos,
454 3681 615 3770 quodiam
632 3701 715 3748 nune
738 3681 941 3765 eupleoeront
957 3673 1182 3769 (επληρωσαν).

231 3930 377 3998 att-nt.
406 3927 484 3995 Com
507 3940 612 3994 entem
635 3931 810 4007 venissent,
829 3934 917 4018 ειε.).
937 3921 1078 4012 Apostoli
1099 3916 1299 3987 Antiochiam
1321 3939 1371 3986 re-

186 4053 267 4121 versi
289 4052 542 4145 (nnpnycropcror
564 4052 667 4135 Aen),
693 4061 940 4137 oonprepotoqne
963 4046 1006 4114 ihi
1032 4047 1262 4132 (συναγαγοντες
1289 4043 1367 4108 Aot‘.

223 4362 242 4429 ¹)
251 4363 280 4414 ln
289 4361 402 4427 Vulgata
414 4359 521 4426 quidem
533 4358 629 4423 legitur
640 4374 671 4412 nr
681 4371 756 4411 orne·
801 4358 894 4425 copula
916 4358 959 4411 hie
982 4358 1086 4423 legitur.
1113 4358 1149 4410 De
1168 4371 1216 4410 suo
1240 4359 1370 4426 interpres

189 4451 260 4509 sont,
277 4443 322 4498 sed
342 4444 415 4496 nuda
435 4441 462 4494 in
482 4441 536 4494 ullo
554 4439 651 4493 Graeco
669 4440 756 4494 codiee
803 4440 871 4494 haue
881 4441 1015 4494 adiecerit.
