3074 5054
182 389 248 458 528
539 382 674 450 ACTUS
708 379 1040 460 APOSTOLORUM,

179 580 276 668 legem
304 576 468 646 observare
495 573 597 641 adhuc
625 582 760 663 poterat,
787 592 823 638 eo
850 569 943 637 modo
973 579 1091 659 poterat
1112 582 1142 636 et
1164 569 1361 641 Pharisaeis·

180 724 265 771 mum
282 702 434 793 profiteri.
455 699 503 769 Cf.
522 698 638 767 Serarii
656 700 851 764 Trilmeresii
867 696 937 765 Lib.
959 698 1007 777 ll,
1025 697 1103 785 Cap.
1122 696 1164 765 V.

225 829 300 919 Περι
329 825 456 916 proprie
480 834 527 890 est
554 825 609 900 de,
633 820 689 888 sed
718 819 770 887 hic
797 819 912 888 dicitur
940 820 978 887 de
1002 843 1113 904 causo,
1142 821 1287 912 valetque
1308 824 1363 908 od,

177 962 331 1036 propter;
354 948 424 1016 vide
446 966 541 1037 supra
565 946 604 1013 ad
626 948 701 1034 Cap.
726 945 835 1012 XlX:
860 946 915 1013 25.
942 984 985 994 —
1010 944 1133 1012 Dicitur
1154 967 1223 1035 repr
1243 942 1388 1039 ελπιδος1

179 1100 230 1140 και
253 1096 450 1147 eructamus
467 1092 523 1160 per
547 1069 730 1155 Hendludyn
752 1089 808 1158 pro
825 1091 892 1159 περι
909 1065 1031 1143 elredus
1047 1092 1259 1145 αναστασεως.
1278 1071 1366 1139 Arti-

179 1200 268 1267 culus
291 1198 400 1266 abesse
422 1207 556 1286 poterat3
575 1194 646 1263 vide
663 1197 721 1264 Gr.
741 1213 810 1284 pag.
833 1196 910 1262 115.
929 1231 973 1242 -
992 1194 1032 1256 To
1050 1190 1160 1267 πληθος
1178 1192 1231 1261 hic
1248 1193 1366 1262 dicitur

178 1325 217 1392 de
233 1326 381 1391 membris
395 1323 551 1409 Spoedrii
561 1371 569 1400 ,
588 1332 622 1388 ut
639 1322 717 1388 Luc.
736 1321 847 1387 XXlll
868 1340 875 1381 :
897 1322 912 1386 l
928 1371 935 1399 ‚
951 1317 1025 1385 coll.
1040 1319 1136 1385 ΧΧΙΙ
1156 1339 1165 1380 s
1185 1320 1242 1386 66.
1257 1319 1367 1388 Verba

178 1474 276 1537 oeque
292 1455 440 1536 urrpelus,
459 1460 570 1538 negant
584 1451 735 1533 speciem,
754 1457 784 1513 et
800 1466 878 1534 qaae
897 1445 1069 1524 adduntur,
1088 1466 1186 1531 oeque
1207 1447 1364 1528 spiritus,

178 1587 289 1665 negant
310 1576 475 1665 spirituum
497 1584 672 1642 creatorum
694 1594 809 1656 prmus,
837 1569 920 1659 quod
944 1569 1163 1657 complectitur
1177 1568 1319 1657 Angelos
1336 1583 1367 1636 et

176 1701 293 1768 animas
306 1721 323 1767 a
337 1718 469 1787 corpore
484 1697 699 1764 seiunctas-
715 1697 802 1782 Quae
818 1694 989 1779 Sadducaei
1004 1691 1055 1759 hic
1069 1691 1216 1760 dicuntur
1231 1714 1363 1782 negare,

175 1827 214 1894 ad
230 1830 292 1893 duo
308 1825 467 1894 doctrinae
482 1825 582 1914 capita
608 1834 808 1903 revocantum
827 1833 998 1908 utrumque
1019 1824 1102 1888 illud
1118 1819 1172 1909 (τα
1190 1828 1364 1914 αμφοτερα)

176 1946 334 2014 Pharisaei
355 1947 593 2036 profitebantur.

223 2191 255 2256 9.
281 2189 400 2254 Factus
415 2199 461 2254 ost
483 2197 591 2252 autem
609 2189 729 2252 clamor
753 2210 907 2272 crepitus,
927 2189 1016 2275 etc).
1032 2191 1194 2258 Contentio
1212 2190 1266 2259 illa
1282 2192 1363 2259 iuter

177 2313 340 2401 utriusque
362 2322 463 2378 sectae
484 2331 658 2379 assessores
679 2332 751 2379 mox
775 2313 871 2379 evasit
893 2312 1078 2380 clamorosa.
1098 2315 1137 2381 ut
1157 2314 1298 2382 nonnulli
1324 2335 1362 2382 ex

176 2433 354 2502 Pharisaeis
371 2454 388 2500 e
405 2435 474 2501 loco
499 2455 556 2501 suo
581 2447 829 2501 assurrexermrt
851 2434 1076 2525 (ανασταντες),
1100 2449 1194 2527 atque
1218 2437 1250 2504 iu
1273 2437 1361 2506 Pauli

176 2560 311 2628 favorem
330 2560 550 2644 depopuadout
565 2555 788 2646 (διεμαχοντο),
810 2559 949 2627 dicentes
968 2585 975 2626 :
995 2564 1088 2631 Nihil
1104 2564 1185 2627 moli
1202 2565 1362 2646 comperi·

176 2706 246 2750 mus
269 2687 304 2750 irs
323 2685 380 2748 hoc
403 2684 548 2750 domiue!
563 2684 603 2750 Si
617 2705 690 2749 vero
714 2684 750 2766 (ει
775 2680 823 2771 de)
838 2688 973 2768 spiritus
989 2689 1108 2771 uliquis
1124 2685 1162 2769 (si
1180 2707 1242 2775 qua
1259 2688 1362 2755 auimo

176 2808 331 2897 separata)
347 2811 389 2874 od
404 2831 474 2875 eum
492 2811 612 2874 locutus
624 2820 686 2892 est,
707 2820 763 2874 out
787 2811 928 2893 Ampelos
940 2812 955 2854 ⁹
1018 2811 1201 2899 lmperlecta
1218 2823 1267 2879 est
1285 2810 1362 2880 haec

176 2932 343 3008 sententia,
362 2931 513 3020 abrupto,
535 2942 568 2998 ut
583 2931 717 3010 videtur,
736 2952 752 2999 a
767 2920 1007 3002 vociferantibus
1023 2934 1211 3003 sadducaeis
1226 2934 1362 3004 dicentis

176 3075 336 3134 sermone3
363 3075 433 3121 nam
459 3055 711 3124 mordacissimus
733 3070 817 3139 erat,
843 3060 886 3125 uti
913 3071 1007 3147 patet.
1032 3060 1183 3128 Noverint
1210 3060 1357 3148 Syhedrii

175 3197 367 3256 assessores,
391 3177 540 3256 Paulum,
566 3177 646 3244 iuter
666 3179 747 3258 alia,
772 3179 889 3248 dixisse
911 3181 942 3246 ia
968 3180 1112 3248 hesterna
1140 3202 1194 3249 sua
1220 3184 1360 3251 oratione

174 3300 267 3391 (Cap.
282 3302 378 3368 XXll
397 3322 405 3365 ε
426 3305 471 3392 6),
487 3300 634 3387 obtigisse
650 3300 708 3369 sihi
727 3302 897 3382 risiaaem3
916 3315 1007 3391 atque
1025 3304 1087 3373 huc
1103 3305 1218 3393 respici
1236 3306 1359 3375 videtur

176 3428 207 3494 in
224 3426 361 3495 mordaci
378 3426 439 3495 hoc
454 3447 607 3494 sermone.
637 3428 793 3515 interpres
818 3439 922 3495 noster
938 3431 1023 3519 quod
1046 3430 1140 3498 verba
1155 3455 1181 3495 ει
1200 3428 1234 3497 δε
1258 3432 1360 3501 reddit

175 3553 315 3636 quidsi,
333 3541 394 3618 uon
419 3549 488 3618 ideo
512 3549 666 3639 putandus
691 3563 738 3617 est
758 3552 877 3619 Graeca
902 3552 991 3620 aliter
1006 3555 1136 3642 legisse,
1155 3555 1211 3624 sed
1227 3555 1357 3625 liberius

176 3675 283 3742 Latine
299 3674 350 3741 illa
369 3673 550 3742 reddiderit.

222 3923 278 3988 lu.
304 3921 348 3986 Et
375 3941 447 3985 cum
473 3939 591 4002 mopuu
617 3920 770 3985 dissensio
797 3922 884 4004 sucta
912 3928 1009 4002 esset,
1032 3928 1119 4008 etc).
1145 3920 1229 3987 Cum
1257 3934 1354 3991 autem

174 4047 357 4111 incaluisset
374 4046 529 4110 dissensio
546 4039 670 4125 (πολλης
687 4039 719 4107 de
735 4065 893 4131 γενομενης
910 4042 1071 4125 στασεως),
1086 4053 1116 4109 et
1132 4044 1266 4113 Paulum
1283 4045 1353 4114 hiuc

176 4181 267 4258 atque
295 4170 379 4236 illino
410 4167 636 4248 distraherent,
669 4167 839 4237 Sadducaei
872 4177 1030 4254 tamquam
1063 4187 1168 4249 reum,
1197 4167 1353 4237 Pharisaei

175 4305 329 4381 tamquam
347 4291 509 4369 clientem,
526 4294 646 4357 veritus
662 4287 859 4379 (ευλαὲηθεις)
874 4290 1047 4369 Tribunus,
1067 4311 1105 4356 ue
1121 4290 1238 4360 Paulus
1255 4293 1287 4358 in
1304 4293 1352 4360 illo

175 4416 307 4486 tumultu
327 4416 366 4482 ab
383 4415 459 4503 ipsis
476 4413 718 4503 discerperetur,
746 4415 835 4480 iussit
853 4416 1038 4480 satellitium
1056 4415 1099 4495 (ro
1117 4416 1308 4504 στράτευμα)
1324 4415 1351 4481 iu
