3074 5054
351 316 352 319 Ὺ
431 366 570 434 curun
606 369 687 450 vu,
724 367 847 436 unus.
874 369 975 435 r-a.
1229 370 1291 436 tao

105 559 187 637 sito,
202 557 307 626 omnia
324 557 383 625 sibi
401 569 555 626 constant.
581 557 673 626 Philo
690 561 739 649 (de
761 560 952 642 ntiproto'oue
968 559 1162 641 Abrohomt',
1177 578 1210 646 p.
1225 560 1291 624 tta

105 681 139 748 in
157 681 234 749 edit.
259 701 355 770 supra
376 679 447 767 cit.)
465 693 621 769 tamquam
645 701 711 749 rem
734 681 927 748 notissimam
950 678 1063 761 refert,
1080 678 1292 748 Abrahamum

105 825 171 872 non
195 805 255 872 nisi
281 815 505 893 postmortem
529 805 626 892 patris
651 824 667 870 e
691 803 833 871 Charane
864 803 1008 871 exivisse.
1030 799 1149 866 Osdara
1172 824 1291 880 τοινυν,

105 929 228 1018 inquit,
248 951 308 993 των
337 937 658 1014 εντετυχηκοτωντοις
687 951 788 1014 νομοις
817 950 933 1016 cyanem
961 951 1056 1005 εικος,
1081 932 1126 992 ὁτι
1150 949 1292 1018 προτερον

106 1077 162 1141 μεν
190 1079 223 1119 εκ
248 1080 301 1130 της
328 1052 509 1131 Χαλδαικης
534 1078 670 1130 αναστας
692 1079 747 1144 γης
774 1051 912 1144 Αβρααμ
942 1078 1056 1142 punctu
1084 1077 1125 1129 εις
1149 1053 1288 1145 Χαρραν·

104 1179 340 1256 τελευτησαντος
361 1177 394 1246 dc
410 1206 494 1268 αυτῳ
509 1206 564 1246 του
584 1204 697 1271 πατρος
720 1181 827 1258 secudu,
841 1204 900 1264 κᾳκ
918 1204 1027 1254 ταυτης
1050 1202 1290 1266 perduraverat,
1345 1252 1348 1258 ,

103 1307 138 1372 d.
166 1327 194 1374 e.
227 1336 240 1366 α
269 1307 432 1374 Neminem
462 1326 557 1396 porro
573 1325 687 1373 wcorum
712 1305 765 1394 qui
789 1303 930 1392 legerunt
957 1323 1061 1372 sacras
1089 1303 1173 1391 leges
1200 1302 1292 1371 facilc

103 1428 230 1510 latebit,
256 1428 469 1496 Abrahamum
498 1430 634 1518 primum
662 1449 679 1496 e
704 1427 931 1496 Chaldaeorum
960 1439 1041 1495 terra
1069 1426 1291 1514 demigrantem

104 1551 261 1620 habitasse
283 1552 442 1635 Charane3
469 1553 712 1621 defunctorem
738 1553 781 1620 ihi
806 1552 906 1641 ipsius
929 1562 1036 1641 patre,
1063 1549 1136 1617 hinc
1165 1569 1290 1640 quoque

101 1676 201 1744 luisse
229 1676 415 1766 profectum.
445 1705 458 1736 »ι
493 1678 687 1746 Solutionem
716 1677 888 1767 praesentis
920 1675 1109 1744 difficultatis
1137 1674 1290 1763 suggessit

102 1799 196 1867 uobis
212 1799 246 1867 S.
265 1801 470 1888 Augustinus.
491 1801 601 1867 «Fieri
620 1802 733 1890 potuit,
751 1801 852 1889 iuquit
868 1798 1009 1882 (Quaest.
1029 1803 1072 1869 25
1090 1803 1125 1866 iu
1144 1798 1288 1886 Ganos),

101 1936 138 1992 ut
163 1925 318 2012 posterior
340 1925 381 1991 sit
402 1936 565 2012 generatus
589 1924 766 2004 Abraham,
784 1924 841 1992 sed
864 1926 975 1993 merito
1000 1923 1211 2004 excellentiae,
1230 1940 1291 2009 qua

100 2049 134 2115 in
153 2047 326 2137 Scripturis
342 2047 432 2116 valde
447 2048 702 2130 commendatur,
720 2049 809 2138 prior
824 2048 917 2115 luerit
932 2048 1119 2115 nominatus.
1138 2075 1151 2105 o

150 2287 184 2352 5.
210 2288 254 2352 Et
268 2307 332 2352 uon
348 2289 435 2353 dedit
451 2289 504 2354 itu·
514 2285 687 2377 (Abrahae)
705 2290 740 2352 iu
752 2309 789 2354 co
805 2296 887 2352 terra
911 2286 1046 2376 aliquam
1062 2287 1290 2352 hoereditatem

99 2403 351 2496 (κληρονομιαν),
370 2410 393 2476 i.
420 2431 448 2476 e.
475 2412 726 2498 possessionem,
754 2430 792 2476 ne
816 2410 964 2477 tantillam
989 2409 1114 2498 quidem
1139 2419 1288 2498 quantum

100 2543 153 2599 est
167 2533 319 2621 spatium,
339 2534 423 2623 quod
448 2535 550 2624 planta
575 2535 663 2624 pedis
689 2533 843 2615 calcatur3
865 2533 920 2601 sed
939 2535 1071 2626 (Graece
1088 2559 1139 2597 και
1156 2533 1201 2623 et)
1217 2555 1288 2623 pro-

99 2659 201 2740 misit,
226 2660 371 2727 daturum
397 2682 431 2728 se
459 2682 527 2730 esse
551 2661 596 2728 illi
621 2661 840 2752 possidendam
869 2673 982 2728 terram
1007 2661 1104 2741 hanc,
1124 2671 1153 2727 et
1176 2661 1287 2727 semini

98 2785 188 2865 eius,
206 2806 394 2875 quamquam
412 2786 532 2875 prolem
549 2809 610 2855 non
627 2787 760 2856 habebat
777 2793 841 2869 (ουκ
858 2810 940 2861 orror
956 2811 1040 2872 αυτῳ
1056 2785 1183 2868 aaaron).

147 2909 254 2976 Tacite
278 2909 330 2976 hic
347 2910 582 2979 commendatur
605 2912 682 2981 fides
703 2932 796 3002 quam
819 2910 1097 2980 habuitAbraham
1113 2914 1196 2992 Deo,
1215 2931 1288 3001 pro-

99 3032 238 3098 mittenti
263 3042 378 3099 terram
404 3032 549 3100 Cbanaan
580 3035 798 3123 possidendam
818 3055 836 3101 a
858 3033 992 3123 posteris
1016 3033 1101 3109 eius,
1126 3053 1187 3121 quo
1210 3043 1287 3099 tem-

98 3175 179 3243 pore
203 3156 229 3221 is
257 3176 296 3221 ne
322 3157 416 3225 latum
442 3157 568 3245 quidem
594 3158 703 3247 pedem
728 3159 759 3225 in
788 3179 823 3225 ea
852 3157 1026 3237 obtinebat,
1054 3169 1085 3224 et
1107 3178 1179 3246 spes
1203 3156 1287 3224 nulla

97 3290 168 3346 erat
189 3280 385 3348 suscitandae
413 3281 530 3369 prolis,
553 3303 649 3371 quum
678 3283 745 3372 ipse
770 3284 976 3371 provectioris
999 3293 1081 3350 esset
1107 3283 1232 3362 aetatis,
1258 3294 1287 3349 et

96 3407 177 3474 Sara
199 3426 280 3472 uxor
307 3406 435 3473 sterilis.
467 3407 550 3486 Qut,
581 3408 682 3497 inquit
709 3408 877 3496 Apostolus
900 3407 1009 3496 (hom.
1037 3410 1082 3477 lV
1101 3428 1109 3468 τ
1131 3410 1191 3487 18,
1217 3410 1285 3494 19),

97 3545 211 3600 contro
233 3555 322 3618 spem
337 3538 372 3599 ia
386 3557 475 3618 apem
490 3537 638 3619 eredidit,
657 3547 692 3600 ut
706 3537 798 3618 lieret
818 3547 913 3620 puter
936 3539 1112 3603 multorum
1127 3538 1282 3618 pontium,

96 3660 274 3723 secundum
298 3660 381 3742 quod
398 3659 516 3723 dictum
532 3667 578 3722 est
594 3660 644 3722 ei:
659 3656 715 3724 St'c
731 3661 796 3724 erit
810 3680 916 3724 senten
933 3669 1034 3724 tuum.
1048 3661 1092 3724 Et
1110 3679 1174 3724 noro
1192 3660 1285 3741 trofin-

96 3791 205 3846 motus
234 3791 281 3846 est
308 3782 391 3863 lide,
417 3803 474 3847 oce
497 3784 711 3848 considerauit
737 3804 850 3867 corpus
876 3804 968 3849 auum
988 3793 1182 3866 emortuum,
1214 3804 1284 3848 cunt

99 3906 168 3969 iam
189 3909 257 3990 sere
274 3917 399 3971 centum
415 3917 493 3972 esset
508 3928 686 3990 (tuncrum,
706 3919 736 3974 et
752 3920 930 3975 emortuom
949 3911 1074 3974 vulvum
1092 3909 1204 3975 Sarac.

147 4025 218 4094 Vox
234 4023 421 4115 κληρονομια
438 4027 565 4115 proprie
582 4039 665 4094 notat
685 4031 930 4109 hoereditatem,
952 4032 1206 4112 patrimonium
1229 4027 1284 4095 sed

99 4146 192 4214 LXX
216 4149 336 4216 Graeca
360 4148 413 4215 illa
436 4169 513 4216 voce
538 4160 657 4216 vertere
681 4150 782 4218 solent
801 4153 987 4220 chraicam
1012 4170 1089 4246 urps
1115 4152 1148 4220 h.
1168 4173 1196 4219 c.
1213 4175 1285 4236 pos-

98 4273 215 4354 sessio5
245 4292 345 4360 eoque
373 4291 467 4338 sensu
493 4293 554 4370 uox
581 4270 767 4364 κληρονομια
786 4275 885 4344 etiam
913 4275 974 4344 hic
989 4277 1134 4343 sumitur.
1154 4315 1198 4325 —
1222 4279 1284 4344 Per
1342 4368 1345 4370 .

100 4394 289 4463 locutionem
311 4393 397 4482 βημα
420 4392 529 4473 crodos,
555 4417 634 4485 quae
657 4397 710 4466 hio
730 4397 854 4486 legitur,
879 4398 1076 4486 Septuaginta
1098 4399 1283 4488 interpretes
