3074 5054
435 410 575 478 GAPUT
609 408 691 486 XV,
727 406 838 478 VERS
876 409 1020 478 tlt-ao.
1249 404 1315 476 38⁷

136 605 266 670 electum
275 650 285 683 ,
303 613 340 668 ct
354 603 501 669 innocent
516 620 623 666 omnes
639 619 753 666 nomen
771 601 918 681 Domini,
937 610 966 665 et
982 600 1123 666 smoinnt
1138 601 1171 665 ei
1184 600 1317 668 numero

136 747 214 795 uno.
242 754 257 784 3

186 970 241 1036 18.
266 969 387 1036 Notum
404 991 425 1034 a
439 969 562 1033 sacerdo
578 976 625 1031 est
648 968 786 1032 Domino
808 986 886 1050 opus
906 965 1028 1053 snum).
1047 967 1153 1036 Verba
1168 979 1241 1036 suut
1256 989 1318 1036 nou

137 1090 314 1181 Prophetae
341 1092 457 1171 rlmcs,
487 1088 541 1157 sed
570 1089 694 1168 lacobi,
725 1089 778 1179 qui
804 1099 874 1179 post
902 1089 1063 1157 recitatum
1092 1090 1252 1160 oraculum
1280 1093 1320 1161 de

137 1217 299 1284 vocatione
314 1215 475 1292 Gentium,
494 1213 577 1303 quod
594 1234 676 1281 nunc
696 1213 817 1304 impleri
840 1212 970 1292 videret,
988 1213 1170 1283 admodum
1187 1215 1320 1307 epipho-

139 1339 271 1407 nematis
292 1338 405 1407 addit:
430 1338 477 1406 Ab
501 1349 626 1406 aeterno
649 1338 736 1405 Deus
759 1338 944 1427 praescivit,
970 1337 1046 1427 quid
1073 1338 1211 1407 tacturus
1238 1351 1320 1408 esset

140 1482 212 1530 cum
228 1460 394 1532 Gentibus

155 1755 158 1762 ,
188 1709 333 1777 lli-20.
349 1709 486 1793 Propter
501 1709 583 1794 qaod
598 1729 654 1791 333
669 1709 795 1790 indico,
814 1713 903 1797 etc).
923 1706 1017 1774 Suam
1034 1707 1073 1775 de
1089 1729 1123 1774 re
1139 1709 1323 1795 sententiam¹

143 1830 202 1899 iarn
214 1831 332 1922 profert
348 1832 440 1899 etiam
457 1832 600 1899 lacobus.
620 1833 699 1898 Cum
712 1830 851 1911 rideam,
866 1830 986 1919 inquit,
1001 1831 1320 1921 praedictumluisse,

146 1953 208 2021 lore
223 1966 258 2023 ut
274 1967 345 2046 post
366 1956 529 2024 adventum
547 1956 629 2042 regis
646 1955 777 2024 Messiae
795 1955 910 2023 Gentes
927 1955 994 2022 sine
1017 1955 1198 2026 discrimine
1214 1979 1322 2028 omnes

146 2075 276 2145 adeius
303 2099 431 2167 reguum
459 2078 714 2159 admitterentur,
743 2097 879 2168 cumque
900 2079 931 2145 in
956 2077 1037 2148 lacto
1060 2081 1144 2149 Petri
1173 2082 1322 2152 divinitus

147 2199 294 2268 fuerimus
317 2202 436 2283 edocti,
456 2203 615 2281 Gentiles,
641 2214 735 2292 atque
762 2203 838 2271 adeo
867 2201 1008 2271 homines
1037 2224 1095 2272 nec
1119 2206 1324 2277 circumcisos

145 2343 201 2393 nec
223 2328 392 2395 Mosaicam
417 2327 515 2416 legem
537 2326 715 2416 professos,
741 2347 809 2395 esse
837 2338 926 2418 aptos
947 2328 986 2396 ad
1013 2329 1211 2402 obtinendam
1239 2334 1324 2403 salu·

144 2456 206 2517 tem
226 2470 245 2516 a
267 2451 382 2519 Messio
408 2451 547 2531 allatam,
575 2464 747 2537 propterea
775 2448 851 2542 (dio)
876 2474 929 2537 epo
957 2456 1103 2520 existimo
1130 2456 1259 2547 (κρινω,
1289 2468 1325 2526 ut

143 2571 224 2642 intra
239 2575 316 2664 Cap.
335 2577 445 2646 XXVl
464 2601 473 2642 t
492 2577 532 2657 8,
546 2588 578 2643 et
600 2579 621 2644 i
643 2578 717 2644 Cor.
737 2577 766 2645 V
785 2602 793 2645 τ
815 2575 884 2665 tn),
902 2597 967 2644 non
987 2601 1052 2644 3333
1071 2581 1232 2647 molestiae
1248 2584 1326 2668 offe·

135 2703 261 2767 rendae
277 2699 332 2786 (μη
347 2697 474 2790 (supple
490 2695 565 2764 derv.
585 2701 660 2769 Vid.
675 2719 770 2788 supra
782 2700 820 2767 ad
836 2701 915 2769 XlV
932 2724 939 2767 :
957 2701 1015 2791 tt)
1031 2701 1241 2795 παρενοχλειν)
1258 2705 1321 2788 lris,

136 2823 196 2909 qui
221 2843 260 2891 ex
284 2822 437 2892 Gentibus
461 2826 683 2890 convertuntur
707 2823 915 2916 (επιστρεφειν
939 2826 1132 2895 intransitive
1152 2839 1187 2896 ut
1213 2826 1324 2920 supra)

133 2944 181 3011 ad
195 2945 314 3013 cultum
339 2946 403 3011 reri
421 2945 501 3023 Dei;
521 2948 576 3011 sed
592 2956 693 3025 tamen
717 2943 842 3033 (clla),
868 2948 1050 3036 quominus
1075 2950 1238 3020 ollensicni
1264 2953 1327 3021 sint

141 3069 328 3137 concivibus
349 3070 415 3137 suis
438 3068 771 3151 Iudaeo-Christianis,
793 3080 823 3137 et
845 3091 907 3159 quo
928 3071 1049 3140 facilius
1072 3072 1103 3141 lri
1125 3096 1197 3144 cum
1214 3077 1277 3145 illis
1293 3079 1325 3147 in

143 3207 238 3259 unam
263 3191 422 3260 Ecclesiae
443 3193 621 3261 societatem
638 3194 840 3275 conveniant,
859 3215 982 3281 censeo,
1004 3199 1120 3264 litteris
1136 3202 1219 3268 dctis
1230 3223 1327 3286 prce-

147 3318 329 3400 cipiendnm
357 3319 424 3384 illis
442 3336 514 3414 ’3333
540 3314 623 3408 (derv
650 3316 991 3409 anconitanensem),
1020 3335 1058 3389 nt
1087 3325 1266 3394 abstineant
1293 3349 1327 3394 33

147 3440 214 3529 (ron
235 3444 415 3531 απεχεσθαι.
435 3445 516 3514 Vide
532 3447 590 3514 Gr.
617 3465 688 3535 pag.
714 3447 792 3526 538,
811 3443 844 3533 β.
864 3448 998 3531 Adnot.)
1021 3454 1327 3539 coinquinamentis

152 3568 220 3652 (nno
232 3593 294 3635 των
305 3568 537 3662 αλισγηματων)
553 3570 811 3652 simulacrorum,
827 3584 857 3640 et
872 3579 1062 3644 scortatione
1077 3578 1144 3668 (της
1161 3560 1324 3674 nepesine),

151 3701 178 3758 tl
191 3697 342 3777 suffocato
364 3697 429 3777 (333
450 3696 592 3785 πνικτου)
613 3707 643 3763 et
663 3699 817 3779 sanquine
837 3704 901 3787 (333
922 3699 1078 3788 eriperes).
1105 3705 1240 3775 Genitivi
1263 3719 1326 3777 tres

151 3815 336 3899 posteriores
353 3816 520 3907 pendente
537 3817 772 3906 Praepositione
789 3841 863 3884 333.
1286 3801 1289 3808 ’

193 3937 265 4005 Vox
283 3935 495 4030 crltrcyaparn¹
520 3939 672 4027 significat
698 3942 962 4027 irrqnirrcmenta5
984 3963 1135 4032 quaenam
1158 3959 1260 4016 autem
1281 3953 1326 4018 ai·

152 4096 320 4110 ὴ*-

181 4181 201 4246 ¹>
217 4181 255 4233 De
270 4180 350 4233 huius
365 4183 436 4234 vocis
454 4186 542 4248 etymo
560 4181 625 4235 haec
641 4185 716 4236 notat
760 4183 879 4237 redditur
890 4166 1029 4239 κυλισαι.
1044 4187 1106 4241 lndc
1118 4188 1215 4242 lactum
1228 4171 1328 4252 εξαλι-

149 4269 333 4324 Velckenarins
342 4271 384 4338 (ad
394 4271 420 4323 h.
432 4272 461 4338 l.)
472 4285 496 4320 :a
506 4274 527 4323 Α
537 4276 624 4325 vetere
636 4273 716 4326 verbo
762 4285 820 4335 σας
832 4276 869 4342 (in
878 4275 949 4330 Nun.
964 4278 1147 4346 Aristophanis
1158 4295 1197 4332 vs.
1212 4283 1253 4349 32)
1266 4283 1329 4335 red-

150 4343 215 4410 alo
230 4360 339 4414 ductum
356 4346 435 4411 nitor
451 4362 559 4414 nombat
579 4363 649 4428 apud
666 4377 714 4414 re·
760 4366 832 4419 ditur
848 4367 875 4418 in
891 4367 1001 4420 scholiis
1016 4353 1226 4432 εκκυλισθηναι
1242 4381 1329 4433 ποιη-

150 4452 216 4502 teres
234 4450 348 4505 3313333.
369 4437 485 4502 Αλισαι
501 4467 517 4508 3
533 4453 714 4507 Grammaticis
759 4464 827 4517 σας.
847 4451 886 4504 dt>
907 4439 985 4505 αλιω
1001 4456 1154 4511 Macedones
1170 4463 1197 4511 et
1211 4459 1331 4512 Alexan-
