3074 5054
184 382 250 448 tm
545 377 680 446 ACTUS
719 377 1051 460 Arusromnttrt,

229 566 364 653 Quodsi
381 585 526 654 quaeras,
552 586 609 633 cur
633 566 840 634 Athenienses
864 568 956 636 etiam
980 572 1086 651 iqnctn
1109 571 1167 634 dea
1189 570 1272 658 (dm

185 691 346 778 incanum)
363 689 496 758 subinde
520 710 605 757 aram
622 689 849 770 dedicaverint,
867 693 935 760 eius
952 694 997 760 rei
1014 713 1141 761 causam
1166 693 1260 762 talem

184 814 386 883 coniecerim.
412 813 538 881 Scilicet
561 787 768 881 Athenienses
793 826 915 903 praeter
930 815 1006 883 deos
1022 837 1096 884 suas
1113 817 1272 906 populare

185 950 309 1005 trancas
327 957 453 1026 quoque
468 935 623 1004 colebant.
650 938 758 1026 ltaque
782 937 813 1003 in
840 937 964 1026 publica
987 938 1091 1028 aliqua
1114 940 1272 1008 calamitat

189 1065 255 1131 suis
272 1042 411 1144 litantes,
430 1083 469 1128 uc
493 1083 585 1151 quem
610 1062 749 1151 ignotum
772 1063 831 1130 sibi
854 1062 966 1142 deum,
985 1065 1038 1154 qui
1063 1066 1270 1134 calamitatem

190 1186 387 1266 immisisset,
416 1186 623 1272 negligerent,
653 1186 745 1253 etiam
770 1185 871 1267 hunc,
898 1188 1090 1276 quicumque
1117 1186 1243 1254 tandem
1270 1221 1272 1244 ι

191 1308 330 1376 dedicata
355 1308 398 1374 illi
420 1310 473 1375 ard
494 1307 618 1397 placare
642 1308 709 1396 sibi
725 1309 906 1376 voluerint.
933 1311 1013 1396 Quis
1037 1331 1111 1378 vero
1135 1311 1214 1378 deus
1235 1311 1272 1379 ab

189 1431 413 1519 intelligeretur
435 1435 560 1516 iunctas
581 1432 633 1499 ille
655 1436 751 1518 dena,
776 1434 987 1523 quaerendum
1009 1455 1070 1502 nan
1093 1446 1158 1513 est,
1182 1454 1272 1523 quun

189 1555 241 1622 illa
258 1556 421 1640 inscriptio
446 1567 476 1622 et
498 1556 637 1624 absentia
660 1558 793 1625 Articuli
812 1559 973 1649 (αγνωστῳ
996 1557 1065 1645 θεῳ)
1082 1559 1271 1635 doceant‚n

186 1690 306 1748 certum
329 1680 465 1769 aliquem
489 1678 581 1746 deum
599 1679 651 1747 hic
674 1680 713 1748 ab
735 1680 798 1748 illis
822 1680 919 1748 luisse
945 1682 1148 1749 intellectum.
1181 1682 1272 1770 Atqu

185 1805 277 1871 etiam
301 1804 388 1871 Pauli
414 1824 518 1871 sermo
535 1804 709 1886 manifestat
728 1830 736 1872 ι
755 1806 841 1871 Enim
855 1827 945 1890 erqo,
961 1805 1081 1893 inquit,
1100 1825 1191 1891 quern
1208 1816 1272 1872 tant

186 1931 282 1995 deum
296 1949 381 1996 vonis
407 1950 537 1996 ranoruu
561 1933 662 1996 colitis
684 1927 727 2011 (ὃν
748 1954 801 1994 ουν
825 1953 1000 2021 αγνοουντες
1022 1927 1197 2015 ευσεβειτε),
1215 1935 1272 1999 but

186 2056 270 2121 cabis
283 2058 455 2121 annuncia.

231 2178 323 2265 Quod
350 2183 385 2246 in
411 2180 583 2245 Praesenti
605 2177 681 2246 dicit
704 2179 807 2244 colitis
828 2173 1017 2266 (ευσεβειτε),
1042 2198 1079 2245 eo
1104 2178 1184 2246 lortc
1199 2179 1272 2247 innu

185 2303 429 2372 Atheniensibus
444 2303 548 2392 ignoto
567 2303 611 2370 illi
628 2304 687 2371 deo
703 2302 805 2370 adhue
829 2301 996 2371 identidem
1018 2303 1115 2372 luisse
1136 2304 1272 2373 sacrifica

186 2439 258 2518 puta
286 2428 326 2496 ab
354 2426 559 2504 benetiaium,
578 2425 661 2515 quad
686 2436 845 2514 putassent
868 2446 937 2493 esse
963 2425 1092 2494 forsitan
1117 2429 1178 2516 ipsi
1205 2448 1272 2497 aact

186 2551 394 2619 referendum.
424 2552 568 2618 Ceterum
596 2547 801 2616 Athenienses
829 2549 955 2639 quidem
990 2552 1129 2640 ignotum
1158 2551 1247 2620 illum

131 2667 133 2673 ’
186 2697 244 2767 pra
260 2697 321 2744 uno
345 2696 384 2743 cx
401 2674 506 2743 multis
531 2673 715 2753 habebant⁵3
732 2695 764 2740 re
781 2694 853 2742 vera
865 2686 966 2742 autem
984 2675 1105 2764 ignotus
1122 2677 1175 2744 ille
1195 2676 1272 2745 deus

186 2979 228 3026 tus
247 2975 284 3042 (in
298 2975 351 3026 vita
368 2974 489 3040 Apellen.
502 2975 535 3026 Vl
550 2992 555 3027 :
570 2973 594 3040 3)
609 2987 614 3023 :
629 2959 752 3050 Σωφρο-
798 2956 886 3034 barro
914 2959 995 3033 Θεους
1021 2983 1073 3022 και
1098 2982 1158 3022 ana
1183 2983 1235 3033 της
1260 2961 1272 3022 i

184 3071 340 3140 recrepant,
358 3064 446 3130 iuquit
462 3064 518 3126 hic,
541 3072 607 3140 περι
630 3073 751 3114 παντων
819 3075 905 3124 ιας...
921 3046 1085 3124 δεδοικοτες
1098 3074 1140 3137 μη
1152 3073 1224 3114 ποτε
1241 3075 1272 3114 κε

181 3139 253 3204 θεων
271 3164 310 3226 ευ,
320 3137 435 3230 λεγειν,
456 3164 508 3203 και
524 3165 620 3204 ταυτα
637 3139 752 3231 Adurn-
797 3073 847 3214 boa
863 3165 908 3216 τις
924 3165 1057 3230 aaaron
1075 3165 1128 3227 μεν
1153 3138 1272 3206 octena

181 3222 300 3313 σιν,οὗ
312 3255 364 3295 και
378 3252 544 3320 αγνωστων
561 3231 633 3295 dana
648 3229 750 3319 βωμοι
797 3254 902 3320 ριμος,
944 3233 1175 3324 θεραπευομενος
1207 3228 1240 3295 de
1270 3273 1272 3292 .

181 3317 330 3414 ἱδρυνται.
341 3338 367 3389 h.
382 3351 406 3390 e.
419 3338 578 3391 Prudentiae
591 3345 629 3390 eet
643 3341 675 3391 de
688 3339 748 3390 cm·
794 3346 872 3408 χου,
892 3324 965 3411 ὑπερ
990 3320 1124 3398 alsterae
1153 3319 1238 3396 dudan
1265 3351 1272 3386 a

179 3421 257 3472 nibus
268 3422 321 3474 dtis
332 3420 489 3488 haneloqni,
506 3427 529 3472 et
541 3420 747 3473 manimeAthe-
794 3410 876 3487 λειας
900 3438 951 3476 και
975 3438 1072 3502 faurqi
1098 3411 1203 3500 βωμον
1217 3437 1271 3478 εστ

181 3502 237 3565 nis,
255 3503 299 3555 ubi
317 3505 396 3556 etiam
413 3518 513 3554 tuncrus
531 3519 583 3554 nus
601 3519 666 3555 anan
683 3519 748 3556 carr-
794 3529 843 3567 και
868 3501 970 3577 επειδη
986 3529 1040 3568 nvn
1064 3528 1098 3579 qa
1123 3501 1213 3579 ὃηλος
1236 3510 1252 3568 ὁ

181 3599 390 3698 sqwrttsvttt·
715 3669 744 3680 ..
794 3617 1014 3685 eaeyeyparrro,
1033 3595 1189 3686 Αγνωστῳ
1206 3596 1272 3681 deq,

224 3671 232 3730 t
250 3666 520 3718 Animadvertendum
531 3671 579 3728 est,
590 3666 744 3720 Graecedrcr
792 3702 977 3766 Athenienses,
997 3705 1061 3770 qul-a
1070 3718 1119 3769 per
1139 3704 1224 3756 muna
1243 3711 1272 3756 te*

791 3793 948 3851 acceperant
965 3789 1027 3838 deos
1046 3789 1125 3839 ettam
1136 3794 1272 3840 extraneat

789 3876 900 3932 mentes,
925 3885 958 3922 ne
979 3870 1049 3934 sorte
1074 3871 1224 3937 quisalius
1244 3885 1272 3923 nt

789 3957 868 4002 natus
889 3951 939 4002 sibi
960 3958 1039 4014 esset,
1058 3953 1104 4019 qni
1123 3959 1212 4004 tannen
1234 3953 1272 4005 col

319 4084 324 4093 ,
649 4085 654 4095 ,
790 4034 870 4096 alibi,
893 4036 929 4085 ad
955 4036 1085 4086 maiorem
1107 4036 1272 4088 securitatem

176 4082 260 4151 (ΗΜ
274 4084 415 4180 38,1“,Αοι·
430 4084 491 4177 Aq.)
510 4096 565 4135 rem
584 4084 705 4180 exph‘fflt·
721 4087 744 4138 ¹³
791 4130 891 4183 quoqne
902 4131 980 4168 arnan
990 4125 1138 4170 creuerant.
1154 4117 1272 4181 Qaiavat

175 4173 262 4220 tamen
275 4171 436 4220 existimasse
448 4166 743 4228 videtur,Athen1su0u
790 4205 849 4250 erat
860 4199 1018 4266 manifestus
1028 4202 1101 4263 deus,
1113 4201 1272 4267 inscriptum

174 4250 225 4302 nisi
237 4264 318 4302 anam
330 4250 410 4303 luisse
421 4263 503 4312 aram,
515 4264 582 4316 quae
594 4259 743 4325 ayvmarqt
789 4280 883 4348 [9ῃοιο
901 4283 958 4334 deo,
971 4302 984 4330 ,‚

175 4326 231 4412 Θεῳ
240 4345 308 4394 esset
319 4342 411 4396 dicata.
425 4327 465 4390 Οἱ
477 4323 633 4404 Ademit
645 4342 741 4410 inquii,

148 4496 152 4505 Ι
175 4414 275 4493 arcada
291 4443 368 4484 κατα
385 4442 507 4511 saepo-ua
531 4415 661 4492 collove
680 4415 741 4484 aba·
821 4446 840 4512 ι)
859 4447 898 4498 ct.
912 4448 939 4499 s.
955 4447 1045 4514 chrys.
1067 4451 1272 4505 romaniane

177 3747 234 3798 sina
254 3748 370 3800 Articulo
384 3763 390 3798 z
405 3757 553 3824 aynmarqt
567 3735 635 3821 Θεῳ.
659 3750 745 3812 Quare

177 3829 274 3883 Gallice
291 3831 448 3896 vertendum
469 3845 522 3885 nan
541 3837 597 3885 erat
611 3849 617 3884 :
631 3848 668 3885 aa
685 3836 744 3886 dica

176 3927 300 3966 tricenna.

209 3998 229 4063 ¹)
241 3996 294 4049 Hoc
304 3997 356 4049 lere
366 3997 442 4050 modo
454 3997 482 4049 S.
496 3997 532 4050 la.
544 3997 745 4064 Chrysostamus
