3074 5054
463 394 601 462 CAPUT
634 395 717 475 Vll,
754 392 876 464 VERS.
915 390 1060 461 ‹bl-52.
1287 390 1357 456 Ι197

182 586 292 667 tinent3
311 586 366 655 sed
383 585 461 653 hacc
476 596 522 652 est
538 585 710 653 resistentia
726 585 874 654 adversus
890 587 991 654 Deum
1012 605 1073 652 non
1090 582 1150 650 nisi
1167 578 1354 659 materialis,

183 722 263 779 etex
279 711 451 792 indirecto,
468 711 516 777 vol
533 731 572 778 ex
587 712 800 801 consequenti.
825 714 890 780 Neo
913 711 982 778 talis
999 708 1173 776 resistentia
1190 727 1227 773 ex
1244 704 1358 773 duritia

183 836 284 904 cordis
300 855 425 924 semper
442 836 590 916 nascitur,
609 835 663 903 sed
686 858 725 903 cx
747 836 854 903 multis
870 836 938 903 aliis
955 835 1057 902 causis
1074 833 1158 901 nasci
1176 825 1299 921 potest:
1319 849 1358 896 ex

182 961 273 1029 animi
299 959 495 1049 stupiditate,
514 980 553 1027 cx·
576 960 777 1048 negligentia,
796 980 833 1028 ex
850 960 929 1028 festu
952 959 1085 1048 quodam
1111 968 1141 1023 et
1163 966 1353 1044 contemptu.

183 1089 267 1173 Quae
290 1096 393 1154 autem
417 1086 589 1153 resistentia
612 1106 649 1152 ex
670 1086 783 1153 duritia
806 1085 910 1154 cordis
930 1085 1080 1164 nascitur,
1109 1080 1285 1149 necessario
1302 1079 1357 1146 ali-

182 1232 272 1301 quem
296 1221 413 1278 motum
434 1195 597 1277 internum
612 1210 651 1278 ab
674 1210 847 1278 extrinseco
863 1210 895 1276 in
912 1209 1006 1277 cordo
1028 1209 1142 1275 factum
1163 1224 1355 1295 praesuppo-

181 1335 243 1416 nit,
261 1335 315 1423 qui
332 1344 434 1401 motus
450 1335 481 1400 in
507 1332 568 1400 hoc
582 1353 695 1420 genere
711 1353 833 1412 rerum,
853 1352 929 1420 quas
952 1332 1011 1398 Dei
1032 1328 1206 1419 Prophetae
1223 1328 1356 1416 loquun-

181 1470 243 1539 tur,
265 1479 326 1526 non
350 1458 408 1524 nisi
432 1478 449 1525 a
470 1459 538 1524 Deo
561 1476 630 1524 esse
654 1467 767 1547 potest.
793 1457 846 1525 Sio
871 1456 1045 1524 resistentia
1067 1453 1198 1543 Spiritui
1223 1453 1355 1533 Sancto,

181 1580 273 1648 habet
293 1600 351 1670 pro
374 1579 495 1648 obiecto
523 1581 609 1669 ipsos
636 1581 774 1648 internos
799 1592 902 1648 motus
929 1580 1064 1669 Spiritus
1092 1577 1241 1646 Sancti.»
1271 1578 1357 1644 llaec

179 1701 401 1790 Staplctonius.
425 1702 512 1788 Quae
533 1722 605 1769 oum
628 1697 720 1769 recte
738 1703 892 1793 disputata
915 1704 994 1783 sint,
1020 1723 1059 1768 ex
1082 1700 1191 1769 eodem
1213 1700 1267 1768 illo
1288 1700 1356 1767 Ste-

177 1824 273 1914 phani
286 1826 377 1894 effato
393 1826 484 1894 etiam
501 1825 562 1894 hoo
573 1827 728 1895 conficere
744 1828 860 1907 licebit,
876 1827 1007 1906 scilicet,
1021 1826 1188 1895 obduratos
1202 1836 1232 1892 et
1243 1825 1353 1893 obcae-

178 1964 264 2022 catos
287 1975 347 2022 nou
372 1954 413 2021 ita
436 1955 552 2042 gratiae
575 1956 690 2023 auxilio
710 1957 851 2038 destitui,
868 1969 901 2024 ut
919 1978 980 2024 non
1006 1955 1142 2045 possint,
1161 1954 1188 2021 si
1204 1952 1355 2034 velint,a

177 2078 314 2167 peccatis
346 2078 542 2167 resipiscere.
577 2080 626 2148 Cl.
662 2082 802 2148 Perronii
834 2084 940 2149 Traot.
971 2080 1010 2148 de
1044 2079 1170 2161 Gratia,
1203 2080 1288 2145 Part.
1319 2080 1353 2161 l,

177 2203 257 2290 Cap.
277 2202 319 2283 V,
339 2203 497 2290 Proposit.
517 2206 550 2272 3.

225 2329 327 2396 Sensit
343 2329 534 2418 StephanuS,
552 2333 718 2400 conciones
734 2331 870 2412 Christi,
888 2331 1128 2420 Apostolorum,
1154 2340 1184 2396 et
1204 2350 1297 2410 suas,
1315 2331 1355 2399 ad

177 2450 479 2537 hierosolymitanos
506 2453 643 2533 habitas,
674 2466 737 2522 tum
761 2455 851 2522 etiam
876 2453 985 2520 crebra
1008 2452 1159 2519 miracula
1181 2463 1297 2541 patrata
1314 2453 1352 2521 ad

176 2575 421 2644 confirmandam
440 2578 629 2659 doctrinam,
649 2600 742 2668 quam
758 2578 993 2668 praedicabant,
1012 2587 1193 2657 externum,
1211 2578 1351 2666 inquam,

175 2719 270 2766 ornnc
287 2699 348 2767 hoo
371 2703 576 2769 ministerium
593 2724 654 2770 non
671 2704 767 2771 fuisso
790 2704 858 2770 sine
880 2703 1015 2791 Spiritus
1032 2702 1134 2770 Sancti
1159 2703 1256 2790 gratia
1271 2703 1354 2770 intus

176 2835 326 2912 operante
342 2825 374 2891 in
390 2827 500 2893 animis
523 2847 650 2908 eorum,
675 2828 714 2895 ad
738 2848 871 2917 quornm
895 2828 1025 2895 salutem
1048 2829 1254 2896 ministerium
1275 2829 1353 2896 illud

176 2948 395 3037 praebebatur.
423 2951 491 3018 lloc
517 2971 590 3040 ergo
613 2973 706 3020 sensu
728 2954 776 3020 vir
798 2964 922 3021 sanctus
939 2953 1142 3043 popularibus
1158 2954 1224 3021 suis
1241 2974 1353 3043 expro-

177 3072 247 3139 brat
271 3073 357 3161 quod
370 3073 517 3158 Spiritui
538 3076 656 3143 Sancto
671 3082 824 3144 resistunt
838 3100 963 3162 semper
978 3079 1065 3168 (aar),
1080 3090 1165 3168 puta,
1183 3077 1221 3145 ad
1238 3077 1354 3145 Christi

177 3196 333 3285 primum,
363 3197 474 3267 deinde
501 3211 532 3266 et
558 3198 597 3267 ad
623 3201 846 3289 Apostolorum
873 3203 1038 3270 conciones
1067 3215 1096 3269 et
1124 3201 1285 3269 miracula.
1316 3204 1356 3269 Et

177 3319 289 3388 addit:
308 3324 389 3388 sicot
408 3335 514 3407 potres
537 3329 653 3407 uestri,
672 3329 718 3393 ito
734 3337 764 3391 et
779 3348 849 3407 ooo,
869 3349 901 3416 q.
926 3326 959 3394 d.
985 3328 1074 3416 agitis
1094 3349 1149 3394 vos
1173 3347 1301 3415 prorsus
1318 3347 1356 3394 ex

179 3464 266 3511 more
290 3445 440 3512 maiorum
459 3458 645 3516 vestrorum.
664 3451 700 3516 ln
724 3452 844 3520 Graeco
864 3449 916 3517 hio
937 3462 1008 3518 est:
1029 3456 1068 3525 ὡς
1086 3455 1113 3515 οἱ
1129 3474 1252 3541 πατερες
1270 3453 1355 3537 opor

179 3590 231 3629 και
247 3569 349 3654 opor,
367 3568 439 3650 ubi,
459 3571 719 3658 quemadmodum
736 3584 766 3640 et
781 3574 892 3643 hlatth.
918 3577 963 3644 Vl
991 3601 999 3641 :
1027 3579 1089 3655 203
1111 3575 1181 3643 loh.
1200 3577 1270 3644 Vl:
1290 3580 1354 3658 573

181 3692 239 3757 X:
260 3693 446 3770 t53xl11:
467 3697 529 3775 55,
543 3720 595 3759 και
619 3697 697 3764 valet
718 3699 822 3773 οὑτως.
847 3700 950 3784 Quare
974 3701 1131 3790 lnterpres
1154 3711 1259 3768 noster
1281 3701 1357 3769 scite

183 3815 271 3882 vertit
289 3840 297 3881 :
315 3818 361 3882 t'to
378 3828 417 3881 et.

227 4066 281 4133 59.
310 4065 409 4143 Quem
430 4069 673 4151 prophetorum,
701 4068 791 4157 eto).
823 4071 883 4137 llio
911 4071 1072 4140 confirmat
1098 4072 1130 4141 id
1157 4072 1354 4162 quodmodo

186 4185 300 4255 dixerat
326 4188 365 4256 de
393 4189 470 4278 ipsis
501 4210 672 4280 eorumque
706 4193 888 4262 maioribus.
923 4197 1037 4264 Sensus
1069 4208 1116 4263 est
1144 4223 1152 4264 ε
1182 4197 1354 4287 Prophetas

188 4328 289 4378 omnes
312 4322 366 4378 aut
389 4311 454 4378 fere
482 4332 589 4379 omnes
616 4333 633 4379 a
656 4314 726 4380 Deo
748 4314 786 4382 ad
810 4318 978 4386 semisses
1003 4319 1078 4386 olim
1106 4319 1259 4408 persecuti
1284 4329 1356 4385 sunt

188 4434 290 4504 Patres
313 4437 426 4517 vestri3
452 4441 528 4522 quio
550 4441 614 4504 imo
634 4436 720 4525 (και,
739 4450 773 4506 ut
790 4440 857 4507 loh.
883 4442 939 4510 V:
960 4441 1019 4530 hb)
1043 4443 1222 4548 occiderunt
1242 4444 1355 4513 multos
