3074 5054
448 389 587 457 CAPUT
615 387 714 471 XlV,
751 389 874 459 VERS.
914 389 1058 457 tlt-to.
1292 383 1354 449 567

180 575 272 662 posita
296 586 344 645 est
364 575 491 644 humani
513 579 635 666 generis
657 577 841 658 utilitatem,
860 587 894 646 ut
910 587 1017 645 natura
1042 572 1200 642 rationalis
1223 570 1262 638 de
1281 590 1356 637 con-

179 699 373 787 templatione
389 711 433 767 tot
449 701 639 790 specierum,
653 702 692 769 de
706 701 926 791 experimentis
940 710 985 770 tot
996 716 1173 777 munerum,
1186 694 1225 762 ad
1237 691 1354 761 cultum

178 831 204 889 et
225 820 424 893 dilectionem
454 825 501 893 sui
526 826 720 894 imbueretur
746 825 902 907 auctoris,
931 824 1079 914 implente
1107 821 1210 889 omnia
1237 818 1356 908 Spiritu

178 945 251 1026 Dei,
267 950 303 1014 ira
326 969 387 1034 qao
404 953 558 1044 vicimus,
574 962 602 1016 et
617 972 782 1018 movemur
799 961 828 1016 et
851 971 959 1017 sumas
975 951 1057 1032 (Act.
1076 948 1138 1016 Vll
1158 969 1165 1012 :
1184 943 1251 1025 28).
1271 945 1357 1028 Quo·

178 1069 255 1137 olam
274 1071 332 1137 etsi
347 1075 437 1170 lotape
459 1085 503 1139 est
525 1096 546 1139 a
566 1076 783 1158 peccatoribus
806 1075 894 1140 satos
917 1071 1046 1154 (Psalm.
1074 1069 1164 1151 tta),
1183 1065 1356 1157 praesentiit

178 1205 273 1261 tamen
289 1194 399 1263 salutis
416 1197 516 1285 ipsius
540 1218 577 1265 ao
592 1199 706 1265 virtute
722 1196 800 1264 nihil
817 1215 949 1264 vacuum
967 1205 1025 1262 est.
1052 1193 1163 1282 lgitur,
1183 1191 1264 1257 sicut
1278 1186 1353 1254 dicit

177 1314 350 1404 Propheta,
371 1319 597 1387 misericordia
624 1321 760 1386 Domini
781 1323 878 1404 pterea
901 1329 947 1384 est
974 1328 1061 1383 term
1089 1316 1153 1397 (Ps.
1180 1312 1247 1394 55),
1277 1329 1356 1400 quae

178 1436 265 1505 nullis
281 1458 429 1528 umquam
445 1442 578 1523 seculis,
597 1442 691 1511 nullis
706 1441 958 1530 generationibus
974 1439 1088 1521 deluit,
1105 1455 1236 1525 eamque
1252 1433 1356 1523 provi·

178 1556 324 1642 dentiam,
344 1582 404 1650 qua
419 1564 653 1632 universitatem
670 1585 776 1632 rerum
790 1563 984 1631 administrat
996 1572 1027 1628 et
1042 1560 1195 1640 continet,
1213 1556 1356 1645 regendis

177 1681 353 1772 alendisque
369 1687 488 1753 nataris
504 1707 627 1776 semper
647 1687 817 1777 impendit,
841 1685 1027 1775 dispositum
1051 1681 1168 1750 babens
1184 1701 1222 1748 ex
1238 1680 1357 1746 incom-

177 1806 331 1875 mutabilis
353 1811 532 1877 aeternitate
554 1811 676 1878 consilii
699 1811 776 1900 qnid
796 1809 910 1899 quibus
930 1807 1122 1897 temporibus
1144 1804 1356 1882 distribueret,

177 1940 205 1996 et
225 1931 425 2000 multiformis
446 1934 562 2022 gratiae
586 1955 661 2002 suae
685 1933 901 2002 inscrutabiles
923 1930 1213 2018 investigabilesque
1234 1947 1359 1995 mensu-

175 2074 239 2136 ras,
259 2076 317 2145 per
334 2077 413 2145 quae
430 2059 510 2126 dona
526 2079 560 2126 ac
576 2071 768 2127 sacramenta
784 2060 928 2126 variaret.
954 2057 1042 2125 Sicut
1057 2054 1140 2122 euim
1163 2054 1221 2120 ista
1244 2053 1359 2142 gratiae

175 2177 315 2268 largitae,
329 2201 408 2270 quae
424 2183 455 2249 in
475 2202 582 2250 omnes
597 2193 703 2271 gentes
727 2182 894 2249 novissima
918 2180 1024 2260 fluxit,
1044 2200 1104 2247 non
1122 2188 1250 2247 evacuat
1265 2199 1354 2258 eam,

176 2323 253 2391 quac
268 2324 365 2394 super
388 2316 483 2374 urium
502 2307 598 2374 lsrail
621 2306 680 2375 sub
701 2309 783 2396 Lege
804 2307 935 2386 roravit,
961 2327 1019 2373 nec
1035 2316 1214 2395 praesentes
1236 2304 1360 2372 divitiae

176 2424 267 2494 tidem
284 2429 469 2516 praeteritae
484 2429 632 2517 abrogant
648 2431 790 2519 parcitati
810 2456 817 2498 :
835 2431 876 2497 ita
893 2449 950 2496 nee
967 2429 1005 2496 de
1022 2427 1074 2495 illa
1090 2448 1164 2495 cura
1188 2428 1265 2508 Dei,
1281 2446 1360 2514 quae

175 2550 426 2619 Patriarebarum
450 2552 523 2620 liliis
544 2556 672 2644 proprie
697 2531 909 2644 praesidebat,
924 2553 1153 2622 coniiciendum
1170 2562 1229 2632 est,
1247 2550 1360 2639 gnber-

178 2676 283 2744 naoula
311 2677 432 2745 divinae
457 2680 691 2749 misericordiae
718 2683 829 2776 ceteris
853 2681 1032 2749 bominibus
1055 2681 1152 2748 luisse
1172 2680 1356 2748 substracta.

178 2800 234 2884 Qui
253 2799 380 2890 quidem
398 2803 427 2867 in
445 2805 677 2892 comparatione
701 2805 870 2873 electorum
888 2806 1030 2874 videntur
1048 2805 1179 2885 abiecti,
1198 2802 1252 2870 sed
1269 2822 1359 2869 num·

180 2943 267 3010 quam
295 2935 368 2991 sunt
394 2944 411 2991 a
440 2925 609 2994 manifestis
634 2927 828 3018 occultisque
852 2928 1012 2996 beneficiis
1041 2927 1186 2996 abdicati.
1213 2926 1359 3014 Legimus

180 3045 257 3111 enim
286 3028 492 3126 in'ActibuS,
512 3048 686 3135 ,apostolos
711 3050 878 3137 Lycaoniis
902 3049 1034 3116 dicere:
1062 3051 1136 3116 Viri
1140 3098 1152 3131 ,
1183 3050 1259 3133 qaid
1285 3049 1360 3112 boec

179 3171 306 3250 facitis?
328 3173 372 3236 Et
400 3192 456 3237 nos
484 3176 631 3239 mortales
653 3195 763 3240 stemus
788 3177 911 3246 aivniles
938 3174 1024 3240 cobis
1051 3176 1210 3253 domines,
1235 3193 1360 3237 anama·

180 3295 293 3359 cicates
309 3294 409 3373 cobis,
428 3295 465 3359 ab
480 3297 532 3361 lois
547 3300 638 3361 oanis
655 3299 797 3363 converti
812 3299 853 3362 ad
869 3298 972 3362 Deam
987 3299 1114 3375 vicum,
1132 3296 1189 3380 qai
1204 3297 1278 3380 fecit
1294 3315 1361 3360 coe·

181 3415 263 3497 lant,
294 3427 324 3481 et
353 3429 491 3502 terram,
518 3428 548 3483 et
571 3440 679 3502 mare,
699 3431 729 3485 et
756 3420 865 3486 ommia
893 3442 972 3505 quoe
1000 3423 1035 3485 im
1063 3421 1108 3484 eis
1136 3430 1230 3500 sant3
1252 3421 1307 3503 qui
1326 3420 1360 3482 ia

179 3544 363 3621 praeteritis
378 3543 633 3626 generationibus
649 3547 773 3610 dimisit
796 3567 903 3611 omnes
926 3556 1033 3629 pentes
1048 3546 1174 3628 ingredi
1187 3545 1255 3609 cias
1271 3565 1357 3610 suas.

180 3667 222 3732 Et
244 3669 373 3752 quidem
396 3689 459 3734 aon
474 3671 541 3734 sine
558 3672 737 3736 testimonio
753 3673 957 3754 semetipsam
973 3670 1121 3753 reliquit,
1139 3667 1358 3751 benefaciens,

181 3790 314 3856 decocto
337 3793 418 3857 daos
439 3794 566 3876 plebeias
591 3803 621 3857 et
642 3803 786 3876 ternpore
801 3795 987 3877 fructifera,
1006 3792 1141 3874 impleas
1158 3788 1224 3855 cibo
1248 3800 1277 3854 et
1300 3792 1362 3856 lae·

183 3918 250 3981 titia
266 3917 496 3982 cordavestra.
515 3915 608 4001 Quod
625 3927 671 3982 est
694 3927 796 3983 autem
814 3915 874 3984 hoo
891 3913 1119 3992 testimonium,
1138 3910 1222 4001 quod
1238 3931 1363 4001 semper

182 4039 315 4108 Domino
342 4040 509 4108 deservivit
534 4052 563 4107 et
586 4062 754 4131 numquam
782 4042 821 4110 de
848 4043 916 4110 eius
943 4040 1078 4109 bonitate
1105 4037 1272 4118 conticuit,
1302 4036 1362 4103 nisi

182 4163 246 4252 ipsa
269 4164 363 4232 totius
385 4164 491 4232 mundi
516 4164 731 4232 inenarrabilis
756 4164 954 4254 pulcritudo,
980 4176 1009 4232 et
1034 4161 1285 4231 inenarrabilium
1309 4161 1363 4228 be-

182 4284 364 4352 neficiorum
388 4287 456 4353 eius
479 4286 564 4354 dives
586 4298 616 4352 et
639 4286 940 4375 ordinata'largiti03
959 4307 1016 4376 per
1037 4305 1116 4375 quae
1133 4283 1276 4352 humanis
1293 4303 1363 4350 cor·
1418 4368 1422 4373 ,

182 4407 270 4478 dibus
288 4404 438 4499 quaedam
460 4422 602 4478 aeternae
626 4411 702 4497 legis
724 4409 847 4478 tabulae
868 4408 1108 4500 praebebantur,
1134 4419 1168 4476 ut
1192 4408 1222 4474 iu
1243 4406 1363 4496 paginis
