3074 5054
174 351 240 418 576
517 350 651 418 ACTUS
686 352 1018 437 APOSTOLORUM,

174 540 307 608 dicasset
330 538 525 620 Gentilibus,
545 559 600 628 per
616 559 650 606 se
667 540 859 630 intelligitur.
879 546 918 612 Et
935 545 1142 625 crediderim,
1168 548 1287 614 Lucam
1304 568 1367 637 per

175 662 366 733 formulam:
389 660 447 727 boc
468 668 483 728 ὁ
506 661 582 738 Θεος
606 687 724 740 enotare
750 672 813 753 μετ’
836 693 955 749 αυτων,
981 672 1071 739 etiam
1095 670 1155 738 hoc
1182 672 1365 761 exprimere

173 789 320 856 uoluisse.
349 789 527 877 Expositam
561 808 685 877 quoquc
708 789 751 857 ibi
779 790 876 860 luisse
902 794 1146 862 controversiam
1175 794 1366 862 Antiochiae

174 913 246 980 inde
263 923 379 991 natam,
399 923 477 979 utet
492 924 655 1001 susceptae
672 913 832 1001 legationis
855 936 997 998 causam,
1014 939 1053 984 ex
1070 918 1108 985 iis
1124 937 1204 1007 quae
1220 938 1365 1006 sequun-

175 1046 237 1113 tur,
256 1034 346 1101 laeile
370 1034 537 1122 colligitur.
561 1036 697 1125 Nempe,
716 1037 800 1126 quod
823 1059 919 1129 supra
941 1041 994 1128 (ad
1017 1044 1093 1132 Gap.
1118 1044 1202 1109 Xlll
1219 1063 1226 1104 :
1246 1042 1283 1128 8)
1298 1042 1364 1110 iam

177 1159 373 1229 monuimus,
394 1160 493 1225 Lucas
510 1157 650 1225 brevitati
669 1159 786 1243 studet3
806 1183 868 1251 quo
886 1164 932 1244 fit,
947 1173 981 1231 ut
998 1163 1050 1232 hic
1067 1166 1131 1232 illic
1147 1165 1252 1233 dicere
1269 1166 1364 1232 omit-

174 1292 233 1362 tat,
259 1302 339 1372 quae
355 1303 393 1348 ex
409 1283 489 1349 serie
512 1284 696 1350 narrationis
719 1284 808 1352 lacile
832 1286 1056 1374 intelliguntur.
1084 1290 1185 1377 Ergo,
1199 1277 1239 1355 ¹ut
1255 1290 1364 1356 Lucas

175 1425 301 1473 narrare
329 1405 428 1495 pergit
454 1404 516 1494 (vs.
538 1405 586 1494 δ),
616 1405 741 1474 aderant
763 1408 794 1474 in
821 1428 857 1475 eo
882 1419 972 1476 coetu
994 1413 1142 1477 nonnulli
1162 1432 1201 1475 en
1225 1411 1365 1476 Iudaeo-

179 1530 371 1596 Cdrt'stt‘nrtt's
387 1534 475 1615 (τινες
490 1552 551 1591 των
572 1552 633 1592 orno
654 1554 704 1604 της
728 1534 871 1619 ciperem
887 1555 946 1595 των
962 1532 1138 1624 <Deprecatio
1161 1557 1365 1598 πεπιστευκο-

176 1677 240 1730 τες,
265 1652 413 1719 nonnulli
432 1673 447 1716 e
467 1662 551 1718 secta
576 1653 824 1718 Pharisaeorum
851 1657 907 1739 qni
927 1657 1103 1740 Eoonpelio
1127 1655 1364 1745 crediderant),-

176 1780 228 1870 qui
259 1798 355 1867 quum
382 1776 592 1865 accepissent,
620 1775 772 1872 admissos
798 1777 836 1845 ad
864 1780 992 1865 gratiam
1025 1781 1183 1868 Evangelii
1216 1780 1363 1850 Gentiles

175 1903 214 1971 ad
238 1900 485 1970 observationem
501 1900 577 1988 legis
595 1901 749 1968 Mosaioae
765 1921 826 1968 non
851 1902 947 1970 luisse
971 1903 1154 1985 adstrictos,
1170 1904 1255 1993 quod
1272 1904 1364 1973 nefas

178 2046 247 2094 csse
263 2035 416 2115 putarent,
431 2025 512 2091 inter
527 2023 669 2092 sedentes
684 2038 898 2093 surrexerunt
913 2023 1129 2115 (εξανεστησαν
1143 2031 1219 2096 Aor.
1235 2030 1256 2095 ἢ
1270 2028 1365 2117 Aet.)

178 2155 314 2218 dicentes
330 2177 341 2216 :
357 2149 496 2220 Gentiles
513 2150 582 2216 illos
598 2149 734 2239 (αυτους)
752 2171 820 2218 esse
837 2152 1127 2235 circumcidendos,
1142 2165 1233 2243 atque
1247 2154 1362 2222 iisdem

180 2272 452 2365 praecipiendum,
474 2284 507 2340 ut
523 2275 692 2342 blosaicam
709 2275 805 2364 legem
823 2287 994 2344 servarent.

225 2531 258 2596 6.
280 2527 558 2609 Corroeneruntqne
569 2524 728 2606 Apostoli,
743 2532 772 2586 et
784 2523 946 2600 Seniores,
962 2523 1050 2608 etc).
1070 2524 1116 2589 Ex
1129 2523 1232 2591 Versu
1249 2536 1362 2612 quarto

178 2662 356 2740 antegressa
379 2648 527 2728 vidimuS,
551 2648 718 2731 Apostolos
741 2657 770 2710 et
792 2647 999 2731 Presbyteros
1021 2657 1221 2730 congregatos
1244 2644 1360 2729 fuisse,

180 2796 277 2866 quum
300 2794 334 2839 ea
356 2773 466 2838 fierent
489 2789 567 2860 quae
579 2789 626 2836 vs.
646 2771 734 2837 5-5
751 2780 945 2836 enarrantur.
972 2767 1064 2854 Quod
1088 2788 1160 2856 ergo
1179 2767 1230 2835 hic
1247 2766 1307 2850 (vs.
1328 2771 1362 2854 6)

178 2897 254 2965 dicit
270 2898 390 2975 Lucas,
407 2903 619 2960 convenerunt
641 2894 785 2977 Apostoli
806 2904 835 2958 et
852 2893 1057 2976 Presbyteri,
1085 2890 1282 2958 referendum
1300 2891 1364 2960 boc

180 3018 278 3088 estad
296 3026 482 3087 conventum
498 3015 676 3084 distinctum
693 3015 731 3082 ab
748 3036 802 3096 eo,
821 3016 859 3084 de
881 3037 942 3105 quo
960 3014 1109 3082 hactenus
1126 3035 1229 3083 sermo
1245 3016 1359 3084 luerat.

180 3143 328 3233 Sequenti
345 3141 473 3208 lorsitan
497 3139 547 3207 die
570 3139 672 3208 locum
697 3138 803 3207 habuit
828 3141 963 3230 primum
983 3139 1060 3206 illud
1077 3139 1115 3207 de
1137 3160 1171 3206 re
1195 3140 1266 3207 fidei
1285 3161 1363 3208 con-

180 3266 300 3335 cilium.
328 3263 484 3332 lndixcrat
507 3262 602 3343 illud,
627 3261 710 3330 baud
733 3261 846 3344 dubie,
869 3264 1000 3342 Palem,
1025 3261 1248 3350 Apostolorum
1270 3263 1364 3329 Prin-

180 3409 274 3479 ceps3
291 3387 345 3476 qni
369 3396 399 3453 et
419 3387 556 3475 primus,
583 3396 652 3474 post
676 3386 802 3453 multam
825 3383 961 3453 habitam
985 3384 1023 3451 de
1046 3404 1080 3451 re
1104 3382 1362 3472 disceptationem

181 3517 242 3605 (vs.
261 3513 311 3601 7),
329 3522 486 3601 tamquam
507 3509 735 3577 coutroversiae
756 3508 849 3576 iudex
865 3528 1043 3596 supremuS,
1062 3509 1093 3573 in
1111 3506 1220 3575 eodem
1237 3505 1362 3575 locutus

180 3649 239 3706 est.
257 3635 397 3704 Concilio
415 3632 591 3702 interfuisse
607 3633 713 3723 plures
730 3652 768 3699 ex
784 3631 871 3698 laicis
892 3631 1184 3718 lli‘e'rosolymitanis
1200 3650 1238 3697 en
1255 3650 1301 3697 vs.
1318 3633 1363 3700 Ἡ

182 3761 363 3842 conficitur3
385 3761 554 3827 intererunt
573 3768 675 3825 autem
699 3768 855 3844 tamquam
878 3754 955 3821 meri
976 3754 1132 3822 auditores
1156 3766 1186 3822 et
1207 3763 1364 3844 spectato·

182 3906 250 3964 res,
268 3894 301 3951 ut
321 3905 360 3951 ex
381 3885 477 3951 totius
495 3882 680 3950 narrationis
696 3881 777 3947 serie
798 3877 959 3946 manifesto
976 3878 1084 3966 liquet.
1110 3879 1189 3946 Nam
1206 3881 1247 3943 ad
1262 3881 1365 3964 dispi-

181 4010 328 4075 ciendum
351 4009 389 4073 de
413 4028 449 4072 ec
469 4028 505 4072 re
528 4001 611 4089 (eden
636 4002 809 4071 lnfinitivus
831 4006 922 4088 finis,
947 4013 979 4068 ut
1000 4022 1094 4091 supra
1114 4003 1191 4090 Gap.
1214 4003 1243 4071 V
1264 4023 1271 4064 :
1292 4003 1363 4085 bl),

182 4132 258 4221 quid
280 4152 391 4223 nempe
415 4132 454 4200 de
478 4131 529 4198 illa
553 4140 634 4197 esset
654 4127 867 4207 statuendum,
894 4127 952 4194 soli
980 4139 1191 4194 conuenerunt
1218 4128 1366 4212 Apostoli
1425 4214 1428 4221 Ι

180 4271 212 4325 et
232 4261 420 4346 Presbyteri
442 4261 481 4347 (oi
497 4253 671 4323 Αποστολοι
688 4280 739 4320 και
756 4258 784 4320 oi
801 4250 1035 4345 Πρεσβυτεροι).
1054 4254 1141 4339 Quos
1158 4253 1363 4341 Presbyteros
