3074 5054
491 368 629 437 CAPUT
656 368 720 448 Ill,
758 366 880 438 Vltus.
914 366 1058 435 ta-la.
1309 367 1352 441 87

220 596 312 660 quem
327 596 380 641 oos
395 577 522 661 quidem
538 575 747 663 tradidistis).
763 575 818 642 Est
833 572 894 641 hoo
910 595 963 660 μεν
980 569 1165 663 (quidem),
1179 582 1213 639 ut
1228 583 1351 653 vocant,

176 700 359 766 solitariam
383 698 469 789 (vide
491 719 604 788 supra,
624 720 657 789 p.
681 698 728 786 P).
754 697 887 768 Volebat
910 697 1015 765 disere
1035 699 1171 764 Petrus:
1189 719 1280 783 quem
1300 718 1354 764 vos
1385 777 1387 782 Ι

177 829 302 912 quidem
321 825 409 916 (per)
430 829 611 894 tradidistis
632 828 854 906 accidendum,
874 827 961 890 Deus
981 835 1086 890 autem
1101 819 1165 911 (de)
1184 827 1355 891 resuscita·

177 953 241 1034 ait,
260 949 315 1017 sed
330 971 388 1040 per
403 951 562 1018 interiecta
580 975 590 1020 r
608 954 743 1036 depastis
759 989 803 1000 —
819 952 961 1029 dimitti,
979 947 1110 1038 abrupta
1126 948 1184 1016 luit
1210 949 1352 1038 incoepta

177 1073 335 1162 periodus
362 1076 558 1141 Tradidistis
585 1058 810 1167 (παρὲδωκατε)
837 1074 907 1141 soil.
936 1073 1035 1140 Pilato
1063 1072 1221 1151 praesidi,
1244 1084 1279 1139 ut
1301 1072 1355 1141 hia

177 1219 249 1266 eum
265 1200 333 1267 nesi
358 1198 504 1268 traderet.
522 1199 569 1267 ut.
596 1202 681 1267 loaa.
705 1199 841 1268 XVlll:
860 1199 920 1278 28,
938 1219 1009 1288 sqq.
1028 1201 1072 1264 Et
1088 1202 1246 1282 depastis,
1264 1219 1354 1267 reau-

177 1323 283 1404 saslis,
310 1324 498 1412 repudiastis
519 1344 591 1391 eum
612 1349 691 1388 κατα
714 1345 874 1413 προσωπον
897 1320 1055 1400 Halaesa,
1080 1344 1189 1389 versus
1212 1326 1351 1402 vultam,

177 1447 211 1515 h.
234 1469 262 1516 e.
287 1468 392 1517 ooram
413 1449 529 1529 Pilato,
548 1471 646 1535 qaam
665 1452 717 1515 his
740 1451 913 1515 iudicasset
935 1446 1120 1538 (κριναντος)
1140 1446 1228 1515 illum
1250 1447 1353 1515 ahsol-
1449 1482 1451 1489 ·

175 1572 320 1641 venium.

223 1819 276 1886 lh.
302 1819 408 1886 Nesus
432 1827 463 1884 et
486 1836 596 1885 seusus
615 1841 624 1883 ε
642 1795 761 1883 Pilatus
777 1818 900 1898 lesum,
918 1827 1023 1905 utpote
1039 1816 1258 1898 innocentem,
1270 1817 1351 1885 iudi·

176 1954 298 2010 caverat
321 1940 562 2022 absolvendum3
580 1961 636 2009 vos
659 1951 761 2008 autem
778 1937 862 2029 (de),
881 1941 1006 2030 optione
1025 1940 1113 2008 vohis
1137 1941 1225 2019 data,
1244 1952 1350 2010 utrum

177 2090 216 2136 ex
231 2068 351 2138 duobus
372 2067 484 2136 dimitti
508 2068 596 2136 vohis
617 2067 755 2148 velletis,
774 2067 879 2135 lesum
902 2086 994 2156 quem
1015 2068 1134 2135 Pilatus
1159 2066 1275 2135 nullius
1290 2068 1352 2135 ori-

177 2194 268 2261 minis
285 2214 371 2261 reum
388 2202 570 2280 agnoverat,
588 2210 626 2258 aa
642 2190 816 2258 Barahham
832 2191 1028 2258 notissimum
1044 2190 1131 2258 illum
1148 2190 1352 2270 homicidam,

177 2340 231 2387 vos
247 2320 350 2386 lesum
366 2317 431 2407 (τον
449 2318 532 2407 ἅγιον
548 2342 599 2380 και
616 2313 748 2406 iurator)
765 2318 864 2384 virum
878 2316 965 2385 illum
984 2317 1097 2384 eximie
1114 2315 1194 2409 (eor)
1210 2327 1348 2385 sanatum

177 2453 206 2508 et
221 2441 336 2508 iustum
351 2438 444 2528 (Vid.
461 2442 560 2508 hlaro.
579 2441 625 2508 Vl
645 2465 653 2506 ε
671 2441 733 2520 ⁶20,
752 2450 781 2506 et
798 2439 838 2506 ol.
858 2438 953 2506 Salm.
977 2441 1084 2507 Traot.
1103 2439 1134 2504 in
1151 2435 1241 2523 hot.)
1257 2459 1351 2527 repu-

176 2564 282 2632 diastis
299 2563 516 2656 (ηρνησασθε),
536 2572 566 2630 el
589 2563 709 2652 petistis
725 2574 760 2629 ut
775 2562 931 2630 homicida
946 2560 1035 2654 (ανηρ
1053 2585 1155 2654 portua
1172 2585 1228 2628 eea
1246 2583 1352 2628 maor·

176 2687 311 2777 denam)
331 2690 416 2754 vohis
438 2690 614 2753 domaretur
635 2689 830 2779 (χαρισθηναι
853 2686 958 2775 ipro),
977 2686 1010 2755 h.
1034 2708 1062 2754 e.
1089 2688 1120 2753 iu
1139 2688 1268 2777 gratiam
1285 2708 1353 2755 ves-

176 2821 287 2879 trama
303 2823 402 2880 morte
418 2811 614 2880 liberaretur.
629 2811 678 2879 Cl.
693 2810 803 2879 Malth.
819 2812 946 2880 XXVll
962 2837 970 2879 ε
992 2813 1105 2893 tlt-am
1124 2814 1202 2880 Lao.
1217 2813 1349 2881 XXlll:

180 2939 290 3006 tt-to.

225 3183 276 3249 15.
308 3192 469 3247 auctorem
496 3202 569 3247 vero
594 3184 678 3247 vitae
708 3180 943 3267 interfecistis).
974 3183 1053 3249 Nota
1079 3182 1246 3251 antithesin
1273 3187 1354 3254 inter

178 3303 348 3371 Barahham
370 3308 532 3371 scelestum
555 3315 584 3372 et
607 3308 710 3374 lesum
732 3319 876 3373 sarratam
898 3319 928 3374 et
951 3310 1092 3391 iustam·
1110 3308 1184 3375 item
1206 3309 1286 3376 iuter
1301 3313 1354 3376 to-

177 3431 325 3495 mioidam
346 3439 376 3495 el
400 3440 561 3496 erectorem
587 3433 680 3496 vitae.
706 3430 782 3498 lade
802 3431 899 3519 magis
922 3430 1116 3498 eluaesoehat
1136 3432 1352 3520 gravissimum

177 3553 360 3621 ludaeorum
378 3554 509 3622 lacinus.
527 3556 687 3622 Posterior
705 3554 782 3622 haee
803 3553 963 3640 antithesis
988 3554 1144 3644 postulare
1168 3555 1302 3637 videtur,
1319 3568 1355 3624 ut

178 3689 333 3767 putemus,
357 3681 461 3746 lesum
483 3699 501 3745 a
520 3681 613 3746 Petro
638 3677 689 3746 hia
712 3679 773 3746 dioi
796 3689 954 3746 auctorem
977 3681 1061 3744 ottae
1083 3680 1247 3765 physicae,
1268 3679 1303 3748 h.
1321 3701 1350 3749 e.

177 3802 373 3882 Creatorem,
391 3802 530 3892 adeoque
546 3803 646 3870 obiter
662 3803 714 3870 hio
730 3803 768 3870 ab
785 3802 894 3871 eodem
911 3803 998 3870 innui
1014 3803 1130 3870 Christi
1147 3802 1350 3872 divinitatem.

178 3926 214 3991 la
229 3945 289 4013 qua
306 3925 457 3992 sententia
472 3925 562 3993 video
578 3926 674 3993 luisse
698 3927 790 3994 etiam
805 3926 1094 4015 Theophylaotum,
1113 3926 1350 4008 Oeoumonium,

177 4049 317 4129 Eslium,
335 4049 425 4117 alios.

211 4328 229 4391 ¹)
246 4328 307 4381 Post
320 4342 410 4382 vooem
429 4315 512 4401 ὑμεις
529 4329 610 4382 Codd.
624 4330 705 4383 ABCE
718 4333 744 4383 et
789 4330 886 4381 tionem
909 4330 988 4381 etiam
1011 4329 1122 4395 Vulgata
1149 4334 1236 4384 nostra
1264 4330 1352 4397 rolort,

177 4417 302 4472 hlinusoo.
312 4420 389 4472 multi
399 4420 495 4473 habeut
513 4430 581 4494 μεν,
597 4436 676 4489 quam
688 4424 743 4477 leo·
789 4432 872 4484 quum
883 4419 919 4470 ihi
931 4419 1033 4484 legatur
1046 4437 1052 4474 :
1067 4433 1114 4473 vos
1130 4420 1243 4487 quidem.
