3074 5054
177 364 243 432 tut
517 360 652 429 ACTUS
676 361 1011 444 APOSTOLORUM,

174 555 289 636 dotum·
314 553 369 620 sed
394 555 607 637 metaphorice
629 551 668 620 de
684 552 858 641 cuiuspiam
876 555 985 619 animo
1002 551 1027 618 si
1052 550 1186 632 dicatur,
1205 551 1367 640 signifieat

176 675 430 754 exacerbabotur,
451 674 641 765 irritabatur,
661 673 919 753 excandescebat,
936 686 1008 764 puta
1026 693 1100 763 prae
1117 676 1362 758 todlpmott'one,

174 810 227 866 aut
250 801 377 877 dolore3
394 797 507 887 quibus
530 797 801 866 succubuerant
826 810 900 866 tune
923 799 1046 866 animus
1062 811 1236 869 commotus
1252 798 1362 867 luerit.

176 961 219 974 -
237 921 409 1014 Θεωρουντι
426 933 472 990 est
487 923 690 1012 Participium
709 923 898 1012 imperfecti.
914 961 958 972 -
970 921 1019 990 Ad
1037 918 1363 1004 accommodatae,

176 1030 269 1136 ᾳιιιιι]
292 1046 484 1114 reddidimus
509 1049 604 1112 idolis
628 1049 800 1131 refertam,
827 1056 898 1113 nota
922 1046 1187 1135 Praepositionem
1215 1071 1317 1126 κατα,
1336 1048 1364 1115 si

176 1174 319 1261 iungatur
342 1172 531 1250 AdiectiviS,
556 1172 710 1239 interdum
736 1172 829 1239 etiam
858 1171 938 1239 hanc
962 1182 1145 1260 potestatem
1167 1170 1304 1253 hahere,
1330 1185 1367 1241 ut

175 1300 315 1382 copiam,
334 1306 386 1363 aut
402 1298 604 1380 repletionem
620 1307 776 1363 connotat.
803 1296 857 1364 Sic
872 1294 1065 1383 καταμπελος
1081 1307 1129 1362 est
1143 1299 1245 1362 aiacis
1260 1300 1367 1381 reser-

177 1434 245 1502 lms‚·
261 1417 462 1511 καταὸρενδος
477 1443 580 1510 χωρα,
598 1424 686 1504 rept'o
701 1421 865 1486 ardoribus
882 1424 1022 1506 referto5
1041 1417 1231 1512 acropolloe,
1243 1425 1364 1506 plenus

177 1551 301 1614 timore.
326 1546 454 1615 Videsis
481 1545 634 1613 Zeuninm
662 1544 701 1612 ad
728 1546 837 1632 Viger.
863 1546 940 1633 Cap.
965 1545 1029 1622 tx,
1048 1543 1131 1610 Sect.
1156 1545 1200 1624 V,
1224 1544 1363 1631 §xlta

178 1693 211 1760 p.
229 1672 308 1748 657,
327 1690 376 1758 sq.
822 1745 825 1752 ¹

221 1797 397 1861 Auctorem
415 1792 486 1861 libri
511 1795 644 1861 Acluum
671 1793 784 1860 iniuria
809 1796 962 1878 salsitatis
991 1793 1042 1860 hic
1066 1793 1178 1880 arguit¹
1204 1792 1361 1858 Wettius.

176 1917 268 2005 Quod
287 1918 395 1986 obiicit
418 1918 478 1985 tale
500 1929 569 1985 est:
588 1918 726 1986 Athenas
751 1918 919 2008 perductus
943 1919 1059 1985 Paulus
1083 1917 1207 1984 mandat
1230 1926 1264 1982 ut
1282 1906 1365 1983 Silas

177 2053 208 2110 et
231 2042 435 2123 Timotheus,
453 2063 531 2131 quos
555 2045 692 2110 Beroeae
716 2043 902 2131 reliquerat,
925 2043 984 2132 ipsi
1010 2062 1134 2131 quoque
1156 2038 1294 2107 Athenas
1312 2059 1364 2106 ve·

177 2167 263 2234 niant
279 2188 371 2256 quam
395 2168 570 2235 celerrime.
598 2169 637 2233 Ει
661 2187 770 2256 reapse
786 2170 822 2234 ed
839 2167 961 2234 venisse
978 2166 1073 2234 Silam
1094 2175 1123 2230 et
1138 2162 1361 2244 Timotheum,

129 2348 135 2360 .
177 2289 209 2356 id
238 2288 364 2379 quidem
392 2263 548 2378 colligitur
576 2309 614 2356 ex
643 2289 692 2357 his
719 2289 823 2357 uerbis
850 2290 966 2379 prioris
993 2288 1032 2356 ad
1063 2287 1363 2356 Thessalonicenses

175 2415 252 2503 Cap.
283 2417 315 2482 3.
345 2417 377 2482 l.
407 2417 429 2483 2
454 2435 462 2476 :
494 2417 634 2499 Propter
657 2417 740 2501 qnod
760 2437 823 2480 moa
847 2418 1038 2480 aestimantes
1062 2415 1218 2498 emplius,
1236 2414 1366 2497 placuit

177 2538 263 2603 nobis
279 2558 446 2603 remanere
471 2539 627 2617 Athenis,
645 2541 719 2605 solis
726 2565 741 2623 ;
755 2550 784 2603 el
805 2542 952 2606 misimus
970 2540 1211 2603 Timotheum...
1230 2538 1274 2602 od
1289 2559 1364 2602 com--

176 2665 353 2748 firrmottdos
377 2685 441 2729 voc.
469 2664 563 2751 Atqui
581 2662 654 2729 alibi
679 2661 765 2750 (Aul.
785 2665 862 2752 Cap.
889 2659 1071 2742 xv11125)
1096 2660 1176 2728 Silas
1201 2669 1231 2725 et
1253 2659 1365 2726 Timo-

176 2783 267 2851 theus
283 2783 430 2850 dicuntur
446 2783 568 2850 venisse
584 2782 622 2849 ad
646 2784 776 2850 Paulum
795 2795 858 2851 tum
876 2782 1019 2860 demum,
1039 2781 1160 2870 quando
1178 2780 1223 2860 is,
1243 2780 1365 2848 relictis

177 2910 239 2976 iam
254 2906 404 2986 Athenis,
423 2906 565 2974 Corinthi
582 2906 774 2975 morabatur.

221 3030 270 3099 Ad
294 3030 371 3098 haec
394 3031 436 3097 ita
458 3030 683 3119 respondemus
702 3057 709 3097 :
728 3042 837 3098 auctor
859 3031 929 3099 libri
955 3033 1089 3099 Actuum
1112 3049 1149 3095 eo
1173 3028 1241 3095 loco
1268 3029 1361 3118 (Cap.

176 3157 286 3225 XVlll
302 3181 309 3223 :
325 3158 357 3241 ὃ)
375 3154 463 3236 dicit,
477 3154 572 3222 Silam
586 3163 617 3220 et
627 3154 827 3223 Timotheum
840 3155 878 3222 ad
891 3155 1022 3222 Paulum
1040 3151 1180 3220 Corinthi
1199 3152 1364 3240 degentem

175 3280 297 3347 venisse
318 3282 356 3344 de
375 3282 543 3364 provincio
558 3281 769 3363 Macedonio,
789 3301 849 3346 non
872 3300 945 3346 vero
966 3279 1042 3346 dicit
1064 3298 1117 3345 eos
1138 3277 1214 3345 illuc
1235 3279 1364 3347 venisse

176 3406 214 3470 alr
226 3405 303 3469 orde
315 3405 457 3489 Baream·
472 3424 545 3493 ergo
563 3424 623 3471 non
637 3413 727 3492 negat
743 3424 796 3470 eos
809 3403 848 3471 ab
864 3402 941 3470 urbe
954 3405 1071 3469 Beroea
1083 3402 1206 3469 uenisse
1222 3401 1364 3472 Athenas

174 3527 213 3595 ad
240 3527 370 3595 Paulum
399 3528 441 3596 ihi
470 3528 596 3597 eosdem
624 3529 875 3618 praestolantem.
905 3527 1031 3596 Scilicet
1060 3526 1145 3594 hunc
1173 3529 1293 3594 Beroea
1321 3529 1362 3598 ad

177 3652 289 3720 urbem
310 3651 447 3720 Athenas
470 3653 628 3722 Timothei
653 3665 683 3720 et
707 3653 788 3721 Silae
811 3653 996 3733 adventum,
1022 3654 1139 3733 Lucas,
1162 3652 1294 3734 utalia,
1317 3654 1362 3721 si-

178 3776 272 3844 lentio
296 3777 515 3865 praetermisit.
542 3779 649 3866 ltaque
670 3776 754 3842 nulla
777 3775 829 3842 hic
852 3775 968 3843 lalsitas
992 3787 1039 3843 est
1065 3787 1117 3843 ant
1139 3775 1359 3845 contradictio.

176 3903 333 3971 Nimirum
354 3914 457 3992 gestae
480 3915 552 3970 srrnt
577 3923 627 3969 res
647 3901 708 3971 hoc
730 3901 839 3969 ordine
859 3927 866 3970 :
885 3902 1008 3970 mandat
1023 3902 1137 3969 Paulus
1161 3901 1244 3968 Silae
1259 3912 1291 3968 cl
1305 3901 1362 3968 Ti·

174 4025 313 4104 motheo,
332 4037 366 4094 ut
381 4027 499 4093 Beroea
514 4026 637 4094 veniant
653 4026 803 4108 Athenas,
819 4025 872 4093 ulti
885 4047 938 4093 eos
952 4027 1203 4116 praestolaretur.
1219 4026 1362 4095 Veniunt

175 4150 312 4219 Athenas
333 4152 413 4219 Silas
437 4163 467 4219 et
488 4151 689 4220 Timotheus.
710 4154 775 4219 lam
799 4150 983 4220 Timotheus
1007 4151 1137 4220 Athenis
1158 4150 1361 4219 Thessaloni·

208 4406 226 4470 ἰ
244 4403 309 4459 Vide
330 4405 517 4472 Prolegomena
537 4406 669 4458 nostruin
688 4407 745 4458 Act.
760 4405 809 4471 Ap.
824 4416 883 4471 pag.
899 4403 928 4456 V.
