3074 5054
475 370 611 456 carun
646 389 743 467 xva,
782 389 903 458 vnas.
943 390 1089 457 aa-ra
1298 393 1371 458 ara

187 575 273 666 Θεῳ,
305 589 467 664 tamquam
492 583 521 645 ia
548 583 604 665 pari
629 583 825 647 credidisset.
855 579 977 667 Nempe
1009 578 1215 668 Participium
1243 601 1371 646 eausam

187 701 301 770 indicat
324 725 383 768 cur
408 702 501 770 luerit
517 703 658 771 laetatus.
678 703 795 772 Eodem
813 701 905 770 modo
923 702 1037 770 dicitur
1055 704 1068 768 l
1085 704 1159 770 Cor.
1174 705 1277 774 XlV:
1298 706 1339 772 l8
1360 729 1368 771 ε

141 846 142 849 ’
185 823 369 916 Ευχαριστῳ
392 852 435 914 τῳ
460 825 529 915 Θεῳ
550 851 609 914 μου
629 851 749 893 παντων
766 829 852 914 iopam
877 824 996 913 μαλλον
1013 825 1170 916 placeam,
1187 825 1302 892 λαλῶν.
1322 866 1367 877 -

187 948 374 1017 Aduerbium
403 973 544 1030 πανοικι,
571 952 654 1040 quod
673 952 751 1019 valet
767 973 822 1015 συν
846 947 907 1036 obp
925 975 968 1035 τῳ
992 974 1085 1035 οικῳ,
1112 949 1300 1037 iungendum
1323 964 1369 1018 est

186 1091 253 1139 cum
270 1095 491 1149 neocaesaraea.

228 1321 282 1387 55.
310 1321 356 1384 Et
379 1343 450 1387 errae
467 1323 535 1386 dies
559 1324 664 1405 sactus
689 1331 785 1402 esset,
806 1319 892 1401 etc).
908 1321 996 1404 Quae
1020 1318 1123 1387 adbuc
1140 1332 1260 1387 narrata
1278 1331 1366 1399 sunt,

112 1453 113 1456 ’
185 1453 333 1510 nocturno
351 1454 490 1534 tempore
512 1452 599 1532 gesta
624 1455 711 1510 erant
734 1444 862 1524 omnia;
891 1456 962 1531 post
987 1464 1066 1532 quae
1088 1444 1206 1511 Paulus
1222 1455 1252 1511 et
1268 1443 1366 1524 Silua,

184 1565 280 1648 ultro,
299 1578 333 1634 ut
352 1587 484 1655 pronum
502 1577 550 1634 est
565 1567 723 1648 iudicare,
742 1567 773 1633 in
791 1585 950 1634 carcerem
967 1587 1001 1634 se
1018 1577 1200 1656 receperant
1215 1566 1279 1655 (ιε.
1294 1565 1365 1655 ld).

182 1689 292 1754 Primo
321 1700 427 1755 autera
452 1691 593 1754 dilaculo
617 1689 740 1779 (ἡμερας
765 1683 797 1751 de
820 1686 992 1776 peropacae)
1022 1689 1173 1756 miserunt
1197 1690 1368 1754 Praetores

175 1812 223 1899 (οἱ
245 1808 425 1903 στρατηγοι)
454 1814 580 1879 lictores
609 1833 682 1878 satos
707 1810 788 1892 (τους
816 1807 1008 1901 ραβδουχος,
1033 1812 1072 1879 ila
1096 1812 1196 1879 dictos
1221 1834 1241 1876 o
1264 1815 1367 1895 or'rpr'o

172 1929 319 2024 ’(ραβδοι)
341 1954 417 2021 quas
439 1934 623 2025 gestabant),
642 1935 696 2022 qui
720 1935 895 2001 carcerario
920 1934 1119 2014 mandarent,
1138 1947 1172 2002 ut
1186 1936 1318 2004 Paulum
1335 1949 1366 2003 et

175 2056 274 2126 Silam
303 2059 418 2126 sineret
444 2059 530 2126 abire
553 2060 681 2127 liberae.
710 2096 754 2110 --
779 2061 871 2127 Certo
899 2062 1008 2149 nequit
1035 2060 1114 2142 dici,
1133 2061 1209 2150 quid
1233 2063 1363 2129 moverit

180 2187 343 2254 Praetores
367 2197 401 2253 ut
424 2187 470 2253 sic
494 2197 630 2274 agerent.
649 2188 728 2254 Nam
746 2186 784 2254 ad
801 2207 910 2254 eorum
935 2187 1073 2255 notitiam
1099 2188 1159 2253 iarn
1184 2189 1363 2276 pervenisse

158 2284 230 2390 ea,
249 2329 329 2397 quae
355 2309 407 2376 illa
422 2320 512 2377 nocte
529 2310 724 2390 acciderant,
741 2332 800 2378 non
818 2311 933 2400 liquet;
952 2322 982 2378 et
998 2310 1082 2400 quod
1106 2312 1221 2379 Paulus
1238 2322 1268 2378 et
1283 2311 1363 2379 Silas

178 2435 258 2497 cives
283 2433 425 2498 Romani
445 2443 567 2514 essent,
594 2444 664 2521 post
688 2432 812 2501 demum
838 2435 898 2519 (vs.
924 2433 978 2515 58)
1004 2433 1191 2501 didicerunt.
1217 2435 1361 2501 Forsitan

181 2553 235 2621 sibi
253 2554 414 2635 timebant,
432 2555 516 2644 quud
532 2575 603 2636 eos,
626 2556 780 2644 incognita
797 2576 907 2637 causa,
926 2557 1147 2645 flagellassent;
1164 2577 1233 2624 nam
1251 2558 1281 2623 in
1300 2556 1362 2626 hoe

182 2675 313 2745 iecerunt
329 2690 435 2746 cantra
453 2679 502 2746 ius
519 2681 744 2746 Romanorum.
770 2679 852 2747 Vide
865 2680 946 2749 dicta
963 2680 1000 2748 ad
1018 2681 1095 2769 Cap.
1114 2681 1210 2748 XXV
1230 2705 1237 2746 :
1258 2685 1313 2749 l6.

224 2925 277 2990 36.
297 2925 472 2991 Neratiaeat
484 2937 588 2990 autera
602 2936 704 2991 custos
716 2929 865 3009 carceris,
876 2924 967 3014 eta).
983 2927 1182 2992 Carcerarius
1194 2925 1248 2992 ubi
1262 2926 1359 2993 Paulo

182 3048 394 3123 renuntiasset,
409 3069 462 3116 eos
476 3069 514 3115 ex
526 3050 708 3117 Praeturam
726 3049 868 3117 mandato
885 3070 1041 3117 coarcere
1058 3070 1126 3116 esse
1142 3049 1355 3131 dimittendae,

182 3164 228 3232 ille
251 3171 390 3256 negavit,
416 3191 449 3236 se
466 3171 524 3249 ita,
543 3172 802 3253 clamomnibua
826 3174 976 3240 exituros.
1006 3173 1162 3240 Nimirum
1191 3174 1355 3241 Praetores

182 3287 254 3357 forte
278 3294 465 3381 sparsissent
492 3316 669 3378 rumorem,
694 3297 825 3364 Paulum
852 3309 882 3364 et
909 3297 1025 3377 Silam,
1056 3299 1183 3365 effracto
1211 3317 1356 3378 carcere,

181 3432 297 3483 summo
327 3437 415 3484 mane
443 3419 605 3507 effugisse3
637 3431 668 3486 et
691 3421 832 3508 Apostoli
861 3421 919 3487 visi
948 3420 1078 3488 luissent
1106 3420 1248 3489 homines
1278 3422 1357 3489 male

180 3535 234 3604 sibi
263 3540 399 3620 conscii;
431 3540 513 3629 quod
539 3523 684 3611 cessisset
701 3545 730 3609 in
756 3543 904 3611 damnum
922 3545 965 3611 rei
991 3545 1205 3632 Evangelicae.
1225 3545 1358 3613 Volebat

181 3675 248 3746 ergo
266 3659 393 3739 Paulus,
412 3671 445 3726 ut
461 3662 623 3729 Praetores
641 3664 699 3752 ipsi
720 3666 858 3732 venirent
874 3685 890 3730 e
907 3685 1032 3732 carcere
1049 3686 1102 3732 eos
1120 3666 1275 3746 educturi,
1295 3688 1357 3755 quo

180 3775 253 3848 bene
275 3794 383 3849 testata
404 3795 485 3850 esset
500 3805 607 3852 eorum
631 3788 823 3867 innocentia3
849 3787 917 3855 ideo
934 3789 1013 3856 dixit
1032 3814 1039 3854 :
1061 3790 1172 3857 Croesos
1196 3812 1272 3869 aas,
1291 3802 1352 3857 etc.

221 4023 368 4090 57-58.
391 4025 512 4092 Paulus
528 4039 633 4093 autera
650 4032 734 4095 atate
751 4033 818 4096 eia:
838 4031 965 4111 Caesus,
984 4031 1070 4111 eta).
1090 4033 1137 4098 Ex
1154 4050 1190 4097 eo
1208 4032 1292 4121 quod
1309 4032 1356 4099 di-

179 4145 256 4212 eitur
273 4149 355 4242 discit
369 4169 412 4214 ms
430 4147 515 4229 (scil.
535 4151 696 4218 lictoribus
719 4153 815 4237 illis),
846 4155 1014 4244 colligitur,
1041 4156 1165 4223 lictores
1193 4158 1254 4223 una
1283 4179 1354 4226 cum

174 4270 350 4337 -caroerario
367 4271 405 4339 ad
421 4273 588 4361 Apostolos
606 4274 710 4341 ivisse.
728 4276 816 4343 Pauli
834 4277 926 4345 verba
945 4251 1132 4366 indignanlis
1149 4290 1221 4347 sunt
1237 4293 1267 4348 et
1283 4302 1354 4349 cum

179 4393 398 4461 exclamatione
425 4396 564 4482 legenda.
594 4399 791 4466 lairtdicatos
819 4400 1071 4493 (ακατακριτους)
1100 4424 1157 4470 ιιοε
1185 4405 1355 4494 publicitus
