3074 5054
216 369 237 435 2
643 367 960 436 PROLEGOMENA

260 558 299 623 Et
314 577 387 623 vero
407 557 467 623 iam
493 556 564 623 inde
586 557 624 624 ab
640 557 875 645 antiquissimis*
895 555 1085 644 temporibus
1110 557 1143 623 S.
1164 558 1265 623 Lucae
1288 558 1387 623 Evan-

215 663 340 750 gelistae
357 663 409 730 hie
426 663 504 730 liber
521 664 696 752 adscriptus
716 664 838 750 legitur.
857 665 966 729 Testes
982 663 1048 728 eins
1065 662 1109 728 rei
1127 675 1199 728 sunt
1218 689 1226 730 :

262 775 293 838 t.
320 772 353 839 S.
374 773 517 839 lnennuus
540 771 624 861 (adr.
651 773 781 838 Hamas,
801 769 871 837 Lib.
892 773 929 848 5,
955 770 1030 857 Cap.
1050 768 1145 857 XIV)
1166 796 1173 835 :
1203 772 1386 856 «Quoniam

214 891 333 960 autem,
349 883 473 964 inquit,
494 882 519 947 is
543 882 643 946 Lucas
667 879 882 967 inseparabilis
905 877 963 944 luit
986 897 1002 943 a
1027 878 1119 945 Paulo
1137 890 1167 944 et
1188 881 1388 968 cooperarius

216 986 283 1053 eius
309 987 341 1051 in
366 987 550 1074 Evangelio,
576 988 644 1076 ipse
668 986 740 1052 feeit
765 985 977 1063 manifestum,
1002 1005 1062 1050 non
1091 985 1245 1072 gloriam,
1271 985 1325 1053 sed
1348 986 1386 1053 ab

215 1093 281 1181 ipsa
313 1093 483 1181 productus
510 1093 678 1159 veritate...
712 1093 816 1177 Quum
845 1091 973 1158 vidisset
1006 1090 1120 1157 Paulus
1149 1111 1205 1179 per
1232 1094 1386 1160 somnium

213 1201 313 1267 virum
332 1201 552 1280 Macedonem,
570 1201 749 1267 dicentem:
774 1201 908 1273 Veniens
930 1202 965 1264 in
986 1201 1207 1264 Macedoniam
1229 1203 1388 1282 opitulare

214 1308 319 1391 nobis,
353 1309 471 1387 Paule,
506 1312 632 1390 statim,
658 1308 704 1374 ait
735 1304 884 1395 (Lucas),
914 1311 1128 1392 quaesivimus
1154 1311 1320 1391 proficisci
1353 1313 1388 1374 in

213 1415 455 1495 Macedoniam,
486 1417 715 1498 intelliqontes‚
749 1416 901 1499 quoniam
929 1418 1112 1498 prouocauit
1143 1436 1199 1479 noa
1232 1417 1388 1480 Dominus

215 1525 431 1604 eoanpelizare
453 1525 510 1588 eis.
537 1523 731 1606 Nadiqontes
752 1525 855 1606 ipitur
879 1544 898 1586 a
923 1524 1065 1602 Troade,
1080 1525 1257 1589 diremimus
1277 1544 1388 1588 nauem

216 1632 251 1694 iu
275 1629 513 1696 Samothracem
540 1628 626 1718 (Aet.
657 1631 735 1695 XVI
764 1655 771 1696 :
797 1633 836 1709 9,
867 1627 974 1719 sqq.);
1002 1641 1032 1697 et
1058 1630 1204 1718 deinceps
1233 1628 1388 1718 reliquum

215 1756 337 1803 omnem
366 1737 505 1825 ipsorum
534 1757 633 1825 usque
660 1736 698 1803 ad
724 1735 887 1825 Philippos
912 1736 1075 1803 adventum
1104 1736 1265 1824 diligenter
1293 1737 1388 1825 signi-

215 1840 304 1923 fieat,
335 1853 365 1908 et
387 1841 645 1932 quemadmodum
676 1843 811 1931 primum
836 1863 1010 1910 sermonem
1034 1843 1128 1910 locuti
1152 1853 1225 1909 sunt
1248 1867 1256 1908 :
1281 1846 1388 1909 seden-

216 1961 260 2016 tes
288 1953 390 2030 enim,
427 1951 543 2038 inquit,
573 1953 669 2015 locuti
701 1972 808 2016 sumus
836 1952 1041 2034 mulieribus,
1072 1971 1151 2035 quae
1180 1962 1389 2016 conuenerant

215 2055 301 2145 (Aet.
331 2059 410 2127 XVI
441 2083 449 2125 ε
481 2054 554 2142 t5);
585 2069 615 2124 et
644 2057 768 2145 quinam
797 2047 1011 2136 crediderunt,
1042 2071 1072 2124 et
1100 2076 1191 2146 quam
1220 2057 1319 2124 multi.
1351 2059 1390 2123 Et

217 2164 328 2231 iterum
353 2165 417 2230 ait:
436 2167 503 2233 Nos
526 2176 630 2231 aretem
652 2168 871 2249 ttoaipaoimua
891 2177 962 2250 post
984 2168 1051 2231 dies
1071 2187 1257 2250 azymorum
1273 2189 1293 2230 a
1309 2168 1388 2231 Plri-

217 2277 334 2359 lippis,
364 2286 394 2340 et
423 2279 567 2340 uenimus
596 2277 768 2353 Troadem,
797 2276 852 2340 aot
878 2285 908 2340 et
934 2277 1121 2340 commorati
1146 2296 1253 2340 sumus
1281 2277 1389 2340 diebus

216 2393 333 2467 septem
353 2383 438 2466 (Aet.
464 2382 554 2447 XX:
579 2378 626 2469 6).
653 2381 690 2445 Ει
714 2379 832 2468 reliqua
857 2380 960 2445 omnia
979 2401 1018 2446 en
1040 2380 1148 2446 ordine
1168 2379 1280 2460 refert,
1305 2380 1386 2446 omni

217 2488 373 2576 diligentia
391 2478 609 2554 'demonstrans
634 2496 664 2553 et
688 2486 754 2554 loca
776 2497 807 2553 et
829 2487 967 2554 civitates
984 2497 1014 2553 et
1030 2487 1228 2576 quantitatem
1246 2487 1387 2566 dierum,

217 2596 418 2685 quoadusque
444 2594 692 2682 Hierosolymam
717 2593 940 2660 adscenderent
958 2615 965 2655 :
986 2605 1015 2661 et
1031 2614 1109 2684 quae
1127 2595 1191 2662 illie
1207 2594 1390 2682 contigerint

216 2703 330 2782 Paulo,
350 2699 608 2789 quemadmodum
626 2700 746 2766 vinctus
771 2701 900 2767 Romam
922 2701 1036 2766 missus
1053 2712 1115 2778 est;
1134 2711 1163 2766 et
1179 2720 1291 2766 nomen
1309 2700 1389 2764 Cen-

217 2809 347 2876 turianis
379 2808 432 2896 qui
457 2807 593 2896 suscepit
618 2826 704 2884 eum,
740 2817 769 2872 et
796 2804 1056 2894 quemadmodum
1085 2805 1277 2892 naufragium
1309 2803 1389 2870 lece-

217 2926 303 2995 runt,
323 2926 352 2982 et
372 2916 402 2980 in
428 2934 489 3003 qua
510 2913 630 2981 liberati
654 2924 726 2979 sunt
751 2913 869 2992 insula,
888 2923 918 2978 et
934 2912 1193 3002 quemadmodum
1217 2910 1389 2977 humanita-

216 3035 277 3089 tem
301 3022 343 3089 iot
369 3033 590 3111 perceperunt,
613 3019 709 3087 Paulo
732 3031 858 3086 curante
883 3020 1055 3108 prinoipem
1081 3019 1180 3109 ipsius
1203 3019 1340 3098 insulae,
1359 3031 1390 3084 et

218 3129 475 3220 quemadmodum
502 3127 572 3195 inde
596 3127 740 3193 Puteolos
763 3127 996 3214 navigaverunt,
1019 3138 1047 3192 et
1072 3125 1143 3192 inde
1163 3128 1293 3192 Rontam
1320 3145 1391 3213 per-

217 3245 384 3311 venerunt,
415 3245 444 3298 et
467 3243 579 3321 quanto
607 3242 745 3319 tempore
773 3233 890 3298 Romae
913 3232 1095 3297 commorati
1125 3240 1207 3297 sunt.
1235 3230 1390 3298 Omnibus

220 3341 269 3408 his
293 3361 388 3429 quum
404 3338 524 3406 adesset
540 3342 658 3417 Lucas‚'
675 3337 837 3426 diligenter
853 3339 1039 3428 conseripsit
1058 3359 1112 3419 ea,
1129 3350 1161 3406 ut
1180 3359 1281 3427 neque
1304 3358 1390 3404 men-

220 3449 278 3517 dax
295 3469 395 3538 neque
417 3446 514 3514 elatus
538 3446 726 3536 deprehendi
751 3447 866 3534 possit,
882 3467 918 3512 eo
940 3445 1023 3535 quod
1047 3447 1150 3513 omnia
1174 3445 1249 3513 haee
1270 3457 1392 3512 consta-

221 3569 306 3638 rent,
325 3558 413 3624 ete.².
432 3583 445 3612 ι

264 3666 298 3734 9.
325 3665 459 3730 Genusus
477 3666 701 3730 Atnntnonmus
717 3661 878 3752 (Stromat.
895 3662 964 3729 Lib.
985 3665 1017 3742 5,
1037 3685 1068 3752 p.
1089 3663 1171 3741 588,
1191 3661 1240 3728 ed.
1256 3658 1389 3747 Sylb.):

221 3811 391 3823 nen—-

255 3894 275 3961 ¹)
294 3894 377 3946 Lucae
405 3893 500 3944 librum
527 3892 604 3944 etiam
628 3905 643 3943 a
666 3891 786 3943 Patribus
831 3896 886 3946 Act.
904 3895 992 3960 apost.
1009 3892 1071 3958 Gap.
1089 3891 1131 3942 ll
1146 3890 1191 3950 tt,
1201 3886 1391 3950 ubilegimus:

222 3977 389 4044 Apostolum,
402 3979 471 4028 certo
489 3975 550 4028 aS.
569 3975 726 4040 Polycarpo‚
745 3975 785 4026 oi·
830 3975 978 4051 ὁνὸΘεος
994 3965 1395 4048 ανεστησελυσαςταςωδῑ.

223 4064 305 4112 tatum
321 4059 413 4121 tuisse
432 4061 501 4110 recte
518 4057 704 4120 affirmaveris3
724 4070 785 4108 nam
830 4092 883 4142 νας
902 4093 954 4132 w„
982 4063 1129 4142 'qmwv
1151 4076 1192 4127 vel
1218 4087 1270 4125 του
1297 4057 1392 4144 ἅδου,

223 4141 293 4194 hie
287 4155 314 4192 m
337 4142 444 4208 epistola
466 4154 513 4192 sua
535 4139 568 4191 ad
590 4139 782 4206 Philippenses
831 4159 898 4209 uqi„
850 4114 1231 4218 qaqqsqodjcqbus'qegjqur

223 4226 285 4277 dum
309 4225 399 4276 Sfflbli
421 4223 498 4290 (031)·
522 4221 576 4287 i)
601 4221 632 4279 ὃν
656 4220 784 4306 ῑγῑῑρεό
864 4238 884 4304 ²)
901 4239 999 4290 irenaei
1009 4251 1076 4305 opus
1086 4237 1135 4289 hae
1146 4239 1219 4301 parte
1233 4231 1329 4283 Graece
1342 4243 1395 4281 non

223 4307 312 4385 Θεος,
327 4303 612 4383 inergumenum
627 4332 679 4370 του
694 4303 784 4390 ᾅδου,
832 4319 944 4386 amplius
959 4318 1287 4382 exstattltttiuterpretem
1305 4315 1397 4364 nactus

223 4407 336 4458 dubitari
350 4406 451 4472 nequit,
467 4406 532 4471 quin
548 4405 692 4470 respexerit
702 4404 786 4456 locum
833 4405 872 4452 est
884 4403 1005 4454 irenaeus
1017 4401 1136 4451 servilem
1149 4398 1344 4462 indoctamque
