3074 5054
426 381 566 449 CAPUT
600 381 732 463 XXIV,
770 379 892 449 VERS.
933 381 1030 447 l—5.
1248 381 1318 449 ²557

242 583 457 723 vcarna
510 647 826 763 vrcnsrunu
879 608 1167 741 quaaruu,
1215 758 1219 767 Ι

140 845 334 898 Ancuunuruu.
347 847 394 899 Die
402 847 495 912 quinto
507 850 644 913 postquam
655 844 751 897 Paulus
760 837 852 898 luisset
862 844 991 898 abductus
1002 843 1204 908 Caesaream,ed
1214 859 1319 914 quoque

168 927 373 994 proficiscuntur
398 929 531 991 Ananiae,
557 942 676 980 summus
701 927 836 990 sacerdos,
860 925 912 979 una
937 942 997 980 curn
1021 928 1195 980 assessoribus
1219 929 1320 995 aliquot

169 1009 299 1076 Synedrii.
322 1010 372 1072 Qui
384 1010 416 1064 ad
429 1011 544 1063 tribunal
559 1011 686 1065 Praesidis
698 1010 818 1074 admissi,
832 1011 959 1075 Paulum,
972 1012 1035 1064 illuc
1046 1013 1079 1064 ab
1092 1011 1182 1078 eodem
1195 1012 1317 1075 citatum,

168 1107 215 1160 per
226 1093 384 1146 causidicum
395 1108 472 1145 suum
482 1095 626 1147 Tertullum
638 1098 763 1147 accusant
770 1095 906 1147 seditionis
914 1099 941 1148 et
950 1095 1080 1162 profanati
1092 1096 1194 1162 templi,
1204 1110 1243 1148 vs.
1255 1096 1315 1148 l-a.

167 1175 359 1228 calumniosam
370 1176 439 1228 hanc
449 1177 641 1229 accusationem
658 1176 755 1229 Paulus
774 1176 884 1238 refellit,
906 1191 1019 1244 suosque
1040 1177 1204 1229 adversarios
1223 1176 1319 1242 redigit
1379 1180 1381 1184 '

167 1256 200 1309 ad
212 1257 361 1321 silentium,
374 1272 413 1310 vs.
428 1259 535 1310 tt-il.
550 1260 656 1310 Praeses
668 1263 772 1322 autem,
792 1263 903 1325 utraque
915 1264 989 1326 parte
1008 1259 1115 1321 audita,
1136 1259 1317 1326 ampliandum

167 1346 265 1406 censet,
278 1340 404 1410 iubetque
416 1342 526 1394 Paulum
539 1342 662 1410 deinceps
673 1344 795 1396 liberiore
808 1344 906 1396 servari
918 1343 1045 1405 custodia,
1063 1358 1101 1394 us.
1116 1343 1226 1393 22—23.
1244 1343 1318 1394 Felix

166 1438 340 1477 successorem
357 1425 477 1476 Porcium
493 1425 598 1476 Festum
611 1425 690 1477 habet
701 1430 760 1492 post
771 1426 923 1487 biennium,
942 1439 995 1492 qno
1008 1429 1124 1491 tempore
1136 1424 1248 1476 Paulum
1262 1424 1317 1476 ire-

168 1512 280 1574 quenter
292 1506 325 1559 ad
337 1506 463 1560 familiare
474 1507 633 1574 colloquium
654 1509 837 1572 arcessierat,
855 1522 901 1575 spe
913 1506 1096 1572 emungendae
1107 1507 1140 1559 ab
1151 1520 1181 1559 eo
1193 1508 1319 1573 pecuniae

168 1604 216 1657 pro
234 1589 388 1643 liberatione
405 1591 456 1641 sui.
479 1591 516 1642 De
536 1603 564 1642 re
584 1589 702 1656 religiosa
721 1603 808 1643 coram
828 1591 884 1657 ipso
896 1594 923 1643 et
937 1604 1020 1643 uxore
1041 1590 1155 1642 Drusilla
1175 1582 1318 1656 aliquando

167 1672 338 1726 disserentem
356 1674 487 1746 incassum
504 1672 651 1726 audiverat.
672 1673 746 1726 Felix
762 1674 904 1727 successori
923 1687 971 1726 suo
982 1674 1057 1727 Festo
1068 1673 1180 1727 Paulum
1192 1672 1319 1742 relinquit

167 1758 285 1810 uinctum
299 1757 326 1808 in
340 1757 448 1823 gratiam
463 1757 628 1831 ludaeorum,
640 1772 679 1809 vs.
693 1757 802 1809 al—ii.
1330 1752 1333 1759 ’

185 1927 213 1992 1.
240 1926 317 1992 Post
338 1928 477 2012 quiaque
500 1937 606 1992 autem
629 1929 714 2011 dies,
740 1926 829 2008 eto).
856 1926 934 1993 Dies
958 1926 1104 2014 agebatur
1120 1928 1260 2017 quintus,
1279 1950 1317 1998 ex

135 2069 197 2141 quo
219 2048 334 2117 Paulus
357 2049 576 2138 Hierosolyma
598 2050 698 2118 inerat
718 2050 870 2118 abductus
893 2050 1095 2131 Caesaream,
1122 2072 1218 2141 quum
1242 2053 1317 2123 illuc

134 2174 293 2264 proiectus
306 2194 431 2263 quoqne
447 2185 509 2253 est,
529 2175 659 2241 Paulum
672 2174 716 2242 ibi
730 2174 895 2242 accusandi
910 2195 1002 2242 nausa
1016 2174 1069 2257 (ci.
1085 2177 1161 2265 Cap.
1178 2177 1290 2244 XXlll
1306 2203 1314 2246 ε

135 2297 191 2363 50.
216 2297 284 2382 55),
306 2297 442 2364 Ananias
465 2317 606 2364 summus
628 2298 773 2366 sacerdos
797 2300 858 2366 una
880 2322 951 2367 cam
967 2303 1090 2386 aliquot
1105 2302 1197 2388 (μετα
1212 2301 1318 2391 τινων)

134 2418 326 2500 senioribus,
351 2419 495 2507 Synedrii
519 2421 731 2491 assessoribus
750 2421 831 2506 (vide
852 2422 890 2490 ad
913 2424 991 2512 Cap.
1014 2424 1083 2492 lV:
1110 2422 1169 2505 a),
1193 2435 1222 2491 et
1238 2444 1317 2514 quo-

134 2541 205 2609 dam
220 2542 373 2612 Tertullo.
399 2545 474 2612 Erat
490 2545 517 2612 is
533 2556 644 2612 orator
658 2550 798 2633 sorensis
814 2545 943 2639 (ρητωρ)
959 2547 1025 2614 sive
1042 2551 1242 2628 causidicus,
1261 2549 1314 2638 qui

132 2686 257 2735 causam
279 2688 387 2736 eorum
408 2669 491 2758 apud
514 2670 650 2738 Felicem
678 2671 853 2761 praesidem
877 2683 992 2759 ageret.
1012 2673 1094 2760 Ergo
1117 2673 1170 2739 ubi
1187 2684 1311 2741 ventum

132 2803 198 2858 erat
225 2793 425 2873 Caesaream,
451 2815 630 2887 ενεφανισαν
654 2819 697 2882 τῳ
720 2795 844 2885 ἡγεμονι
871 2819 949 2860 κατα
972 2820 1022 2860 τον
1046 2793 1194 2877 Henioc,
1221 2795 1242 2862 h
1280 2817 1309 2865 e.

129 2919 284 2983 indicium
299 2921 446 3003 fecerunt
462 2920 607 2987 Praecidi
619 2923 771 3000 ¹(adversus
788 2923 926 2987 Paulum
933 2971 946 3004 ,
966 2920 1098 2986 Paulum
1114 2918 1196 3008 apud
1218 2920 1313 2987 Prae·

128 3038 229 3106 sidem
256 3052 452 3108 accusarunt.
477 3081 521 3093 -
539 3045 625 3110 llaec
649 3042 750 3122 notio,
781 3042 862 3109 inter
888 3041 983 3122 alias,
1013 3040 1108 3108 verbo
1137 3044 1311 3133 εμφανιζειν

128 3165 276 3233 tribuitur
299 3185 316 3232 a
338 3166 467 3236 Wahlio
494 3169 540 3259 (in
570 3168 661 3235 Clooi
687 3168 725 3235 ad
752 3167 784 3235 li.
811 3167 874 3257 u),
904 3167 957 3256 qui
986 3166 1028 3234 ihi
1054 3165 1139 3233 iubet
1168 3165 1313 3234 conferre

128 3289 379 3357 Bornemannum
394 3291 441 3380 (in
460 3292 687 3360 llosenmulleri
704 3292 889 3382 Repertorio
903 3293 947 3373 ll,
962 3313 994 3381 p.
1012 3292 1105 3378 all).
1125 3291 1223 3359 Sentit
1240 3313 1310 3361 cum

128 3436 165 3484 co
182 3417 311 3486 Grotius
328 3418 378 3504 (ad
395 3418 428 3486 li.
449 3417 488 3502 l.)
509 3446 517 3486 :
546 3420 773 3511 «Εμφανιζειν,
792 3420 911 3508 inquit,
933 3422 1148 3487 estindicium
1160 3423 1308 3505 facere...

128 3540 164 3606 ln
191 3540 370 3622 Glossarm,
394 3546 550 3635 εμφανιζω
577 3547 693 3628 allego,
725 3548 852 3612 intimo.
882 3545 987 3631 Quare
1009 3542 1062 3611 hic
1085 3563 1211 3611 sensum
1239 3562 1310 3610 esse
1362 3567 1366 3571 ·

127 3663 262 3733 arbitror
276 3689 284 3732 ε
299 3671 529 3734 accusationem
545 3673 735 3748 attulerant,
750 3692 841 3737 reum
857 3681 989 3754 eqeruat
1005 3670 1158 3749 Paulum,
1174 3672 1311 3753 inscrip-

126 3799 237 3854 serunt
251 3792 286 3856 ia
302 3793 443 3870 crimea,
462 3811 549 3858 more
569 3793 721 3862 Romano.
742 3821 755 3851 r

173 4034 274 4099 2-5.
300 4035 345 4101 Et
360 4039 455 4102 citato
474 4038 592 4117 Paulo,
612 4041 712 4122 coepit
730 4041 1066 4124 accusoreTertatiua,
1091 4038 1182 4128 ete).
1206 4039 1312 4118 Quuau

125 4170 233 4226 autem
265 4162 408 4247 Paulus,
443 4163 495 4252 qni
528 4163 587 4230 snb
619 4163 743 4231 militari
776 4165 916 4233 custodia
948 4166 1147 4247 servabatur,
1185 4165 1311 4233 iubente

125 4285 289 4370 Praeside,
308 4286 346 4354 ad
364 4287 497 4355 tribunal
514 4292 629 4374 suisset
644 4299 770 4355 vocatas
786 4286 957 4378 (κληθεντος
973 4287 1006 4355 de
1023 4290 1145 4380 aaron),
1167 4311 1204 4358 eo
1221 4311 1311 4381 prae·

126 4419 231 4490 sente,
260 4410 420 4479 Tertullus
448 4413 625 4481 causidicus
653 4414 880 4482 accusationem
914 4415 960 4481 sic
988 4435 1079 4483 orsus
1110 4425 1157 4484 est
1184 4436 1191 4482 τ
1219 4416 1312 4495 Qicod
