3074 5054
178 396 243 463 aot
530 390 664 458 ACTUS
694 391 1027 470 APOSTOLORUM,

177 583 230 650 hic
252 584 333 650 idem
354 594 401 649 est
422 602 493 649 oum
514 603 564 662 eo,
589 582 628 648 de
649 603 710 669 quo
733 602 836 649 sermo
859 582 917 649 suit
936 602 1030 670 supra
1052 583 1129 669 Cap.
1153 582 1198 650 tv
1218 605 1226 645 ε
1246 582 1309 660 57,
1327 590 1358 646 ct

177 710 224 774 ΙΧ
244 733 252 773 :
271 710 328 775 27.

222 947 368 1012 att-at.
389 944 454 1022 Qut
474 965 545 1008 cum
565 947 779 1027 pervertisset,
800 942 891 1030 etc).
909 941 1066 1009 Barnabas
1087 963 1159 1029 crgo
1176 941 1229 1008 ubi
1244 962 1358 1024 peroc-

176 1074 275 1136 nisset
299 1067 568 1160 (παραγενομενος)
589 1069 807 1146 Antiochiam,
826 1080 856 1133 et
875 1071 1005 1135 vidisset
1026 1070 1093 1155 (και
1117 1063 1205 1155 idon)
1226 1067 1357 1153 gratiam

177 1194 237 1260 Dei
254 1196 318 1280 (την
334 1215 426 1282 papa
438 1217 491 1257 του
506 1191 599 1271 Θεου,
615 1197 645 1260 to
655 1197 749 1277 preter
760 1197 798 1258 de
809 1191 908 1278 Dico)
922 1193 1034 1259 illustri
1049 1191 1141 1259 modo
1154 1192 1357 1280 conspicuam
1439 1200 1441 1205 '

177 1318 208 1382 in
226 1318 428 1384 conversione
444 1317 574 1383 istorum
592 1317 761 1385 Gentilium
785 1316 990 1404 religiosaque
1013 1315 1194 1383 corumdem
1210 1316 1291 1381 vitae
1308 1334 1358 1381 ra-

175 1440 278 1520 tione,
305 1459 490 1529 magnopere
517 1441 639 1527 gavisus
660 1451 724 1520 est3
749 1461 936 1529 omnesque,
959 1451 993 1507 ut
1016 1443 1185 1506 secuudum
1212 1442 1359 1522 proposi·

177 1576 245 1630 tam
268 1567 373 1630 cordis
388 1567 442 1629 sai
456 1563 508 1652 (τῃ
531 1565 667 1655 apoteca
683 1588 734 1638 της
753 1561 889 1655 καρδιας)
907 1566 1045 1629 Domino
1060 1565 1135 1630 Iesu
1153 1563 1280 1628 Christo
1296 1561 1357 1649 (τῳ

174 1690 292 1778 Κυριῳ)
307 1698 547 1772 perseveranter
563 1691 773 1754 adhaererent
789 1686 1006 1778 (rpocperew),
1025 1692 1151 1755 assidue
1167 1664 1359 1752 hortabatur

174 1810 353 1904 (παρεκαλει
381 1814 411 1879 in
441 1813 601 1902 imperf.);
630 1824 722 1902 atque
750 1816 791 1881 ita
818 1814 925 1902 agebat
960 1813 1136 1894 Barnabas,
1174 1816 1250 1900 quia
1281 1810 1359 1902 (ὁτι)

174 1948 240 2002 erat
262 1937 310 2003 vir
335 1937 469 2026 (αγαθος)
494 1937 612 2026 probus
637 1939 754 2026 (Deum
777 1958 883 2005 amans
905 1948 934 2004 ct
959 1937 997 2004 dc
1021 1938 1235 2026 proximorum
1257 1935 1359 2003 salute

175 2059 353 2146 sollicitus),
384 2071 413 2125 et
438 2063 552 2144 ptertus
579 2061 710 2144 Spiritu
735 2061 853 2127 Sancto
882 2073 911 2126 et
935 2064 1015 2143 fide,
1042 2059 1075 2126 h.
1106 2080 1135 2126 c.
1166 2060 1358 2148 conspicuus

175 2183 341 2252 abundanti
365 2184 500 2272 Spiritus
522 2185 625 2251 Sancti
649 2185 762 2271 gratia,
787 2196 817 2250 ct
840 2177 994 2273 imprimis
1018 2183 1190 2270 theologica
1213 2181 1265 2248 illa
1292 2169 1359 2247 vir-

175 2316 255 2386 tute,
274 2327 353 2394 quae
369 2305 446 2373 fides
462 2318 602 2374 vocatur.
621 2308 812 2394 Factumque
829 2306 919 2371 etiam
937 2316 995 2384 cst,
1010 2320 1043 2371 ut
1056 2305 1242 2372 sanctissimi
1262 2291 1359 2371 huius

175 2431 232 2497 viri
257 2451 351 2519 opera
375 2431 427 2497 alii
445 2431 551 2510 multi,
570 2430 732 2498 adiuvante
755 2430 857 2497 diviua
869 2431 982 2517 gratia,
1001 2451 1065 2495 sese
1079 2428 1203 2495 Christo
1217 2428 1358 2495 Domino

175 2561 384 2641 adiuuqereut
400 2556 589 2646 (προσετεθη,
608 2557 683 2623 Vid.
703 2577 797 2645 supra
814 2557 853 2624 ad
871 2557 947 2645 Cap.
968 2557 997 2621 ll
1018 2581 1025 2622 :
1045 2553 1114 2633 dd).

220 2684 312 2762 Nota,
330 2681 588 2748 Antiochensium
617 2681 700 2748 illam
719 2681 757 2748 ad
785 2680 879 2747 fidem
906 2679 1022 2746 Christi
1051 2679 1287 2746 conversionem
1315 2678 1360 2744 ita

176 2804 228 2871 hio
256 2803 376 2871 divinae
405 2804 519 2891 gratiae
555 2804 649 2871 tribui
686 2800 779 2892 (idon
815 2826 867 2878 την
903 2812 1030 2892 papio),
1069 2813 1231 2868 attamen
1263 2802 1360 2868 etiam

175 2927 369 2996 adscribatur
392 2927 490 2993 libero
506 2948 615 2994 eorum
632 2929 797 2995 voluntatis
821 2929 981 3017 proposito
1000 2928 1047 3015 (τῃ
1064 2926 1199 3018 apoteca
1215 2949 1360 3017 τηςκαρ-

176 3047 269 3139 διας).
288 3051 490 3118 —Dativum
511 3075 549 3140 τῃ
573 3054 709 3143 apoteca
730 3053 830 3121 habeo
855 3073 912 3141 pro
935 3052 1047 3119 Dativo
1071 3074 1223 3135 normae,
1242 3061 1278 3117 ut
1297 3070 1359 3139 pro

175 3198 212 3245 eo
229 3178 290 3245 dici
307 3178 458 3267 potuisset
473 3203 551 3243 κατα
567 3203 619 3253 την
636 3180 788 3269 apoteca.
804 3178 921 3245 Similis
946 3179 1076 3243 Dativus
1092 3176 1230 3244 occurrit
1245 3194 1358 3263 supra,
1441 3209 1443 3216 ·

175 3304 252 3390 Cap.
271 3301 663 3392 11:25,etinsra,Cap.
683 3305 745 3373 XV
764 3323 772 3363 :
794 3305 829 3382 t,
849 3301 880 3367 in
900 3301 1035 3368 dictione
1055 3326 1063 3366 ε
1081 3323 1132 3364 ean
1150 3324 1191 3385 μη
1215 3320 1361 3388 περιτεμ-

175 3426 261 3499 unche
277 3448 321 3509 τῳ
337 3424 392 3487 eder
409 3423 575 3501 Μωϋσεως.

219 3675 365 3741 ddi—26.
391 3673 558 3757 Profectus
581 3681 625 3736 eat
646 3679 752 3734 antem
773 3670 940 3736 Buruohos
963 3673 1117 3753 Tarsum,
1137 3670 1225 3751 etc).
1248 3669 1364 3737 Antio·

174 3796 263 3864 chiae
276 3797 376 3863 vicina
392 3805 457 3861 erat
480 3793 607 3868 Cilicia,
626 3793 736 3879 inqua
756 3792 849 3858 Asiae
874 3793 1004 3860 minoris
1020 3792 1196 3882 provincia,
1216 3793 1275 3859 sita
1292 3806 1364 3861 erat

174 3922 310 4000 uorsus,
339 3918 427 3987 Pauli
456 3917 532 3985 urbs
561 3915 681 3982 natalis.
710 3916 841 3983 Paulum
869 3917 1087 4004 Hierosolyma
1116 3919 1152 3982 ed
1181 3915 1362 4005 profectum

174 4042 287 4124 tuisse,
309 4062 404 4130 supra
430 4039 518 4128 (Cap.
546 4040 592 4104 IX
618 4064 626 4105 :
650 4039 705 4122 50)
726 4039 875 4106 vidimus.
899 4040 1034 4106 Noverat
1054 4052 1155 4108 autem
1177 4043 1363 4126 Barnabas,

174 4168 261 4235 illum
278 4166 455 4234 adhucdum
472 4164 503 4228 in
521 4183 556 4230 ea
571 4162 649 4228 urhe
667 4164 866 4230 commorari.
896 4166 936 4230 Et
958 4164 1117 4245 bnassu,
1136 4166 1220 4254 quod
1238 4166 1364 4235 Salma-

174 4292 282 4358 ronius
305 4289 431 4358 coniicit
452 4287 576 4375 (Tract.
606 4287 750 4353 ΧΧΧΙΙΙ
779 4287 810 4352 in
842 4288 942 4370 Act),
965 4289 1123 4356 Barnabas
1146 4287 1208 4356 hoc
1231 4310 1366 4380 quoquc

174 4419 204 4484 in
223 4415 373 4483 mandatis
397 4411 505 4479 hahuit
531 4410 570 4476 ab
594 4411 771 4497 Apostolis,
800 4424 850 4493 ut,
877 4433 948 4479 cum
972 4404 1107 4480 venisset
1135 4411 1360 4498 Antiochiam,
