3074 5054
495 404 633 473 CAPUT
671 403 751 483 XV,
789 404 912 472 VERS.
951 406 1051 474 6-7.
1296 403 1363 470 577

175 593 398 663 bellarminus¹
416 603 534 676 censet,
561 594 658 664 luisse
680 595 856 664 sacerdotes
881 596 1010 665 secundi
1028 595 1168 674 ordinis3
1188 595 1219 661 in
1237 613 1299 683 quo
1316 612 1365 660 as·

173 717 360 786 sentientem
382 736 432 785 me
455 717 573 786 habet.
592 718 641 787 Ad
663 718 832 808 Apostolos
856 729 958 787 autem
982 718 1066 808 quod
1091 717 1216 796 attinet,
1242 725 1364 804 praeter

175 838 311 906 Paulum
327 849 358 906 et
373 839 546 906 Barnabam
563 859 624 907 uon
647 839 698 906 alii
726 839 766 906 ibi
791 839 927 908 adfuisse
949 840 1092 908 videntur
1116 857 1208 928 quarn
1232 839 1362 915 Petrus,

178 961 312 1031 lacobus
339 962 453 1042 minor,
484 963 721 1051 Hierosolymae
748 965 936 1053 episcopus,
966 974 997 1032 et
1025 967 1167 1031 loannes.
1202 961 1364 1048 Colligitur

178 1088 242 1156 hoe
264 1107 303 1155 ex
323 1088 463 1178 Epistola
483 1087 522 1155 ad
542 1088 667 1157 Galatas
686 1087 780 1178 (Cap.
797 1090 826 1156 ll
847 1113 854 1155 :
873 1088 920 1169 9),
939 1088 991 1155 nbi
1013 1088 1129 1155 Paulus
1150 1085 1189 1154 de
1206 1106 1240 1152 se
1256 1085 1360 1152 dixit:

177 1213 332 1295 lacobus,
360 1211 499 1295 Ceploos,
522 1222 552 1276 et
573 1212 713 1278 Iourtnes
733 1215 862 1278 deutrus
884 1215 1043 1278 societatis
1066 1214 1220 1277 dederunt
1241 1211 1319 1275 milti
1333 1218 1364 1273 ct
1450 1225 1453 1229 ’

178 1334 365 1399 Barnabae.
391 1333 484 1422 Atqui
509 1332 647 1422 profecto
669 1332 815 1400 fecissent
839 1333 871 1402 id
894 1335 988 1401 ceteri
1013 1354 1138 1424 quoque
1159 1332 1318 1422 Apostoli,
1336 1332 1362 1398 si

180 1454 420 1543 Hierosolymae
436 1466 510 1523 tunc
526 1456 675 1545 temporis
695 1456 878 1525 adfuissent.

226 1702 259 1767 7.
288 1674 370 1768 Cum
393 1713 498 1769 cutem
526 1724 641 1787 unoquo
667 1705 856 1788 conquisitio
876 1705 984 1786 fieret,
1015 1706 1102 1789 etei.
1131 1702 1278 1787 Quaestio
1301 1722 1361 1769 non

181 1835 265 1906 erat,
295 1836 400 1893 utrum
427 1845 540 1895 nec-ue
563 1826 708 1915 abrogata
732 1825 856 1894 ludaeis
880 1838 961 1894 esset
987 1827 1124 1895 Mosaiea
1147 1825 1198 1893 lex
1221 1825 1361 1905 rimulis,

180 1966 288 2014 uerum
305 1967 344 2015 an
360 1948 519 2030 Gentiles,
535 1950 587 2039 qui
605 1948 773 2018 Christiani
792 1949 921 2028 fierent,
939 1950 978 2018 ad
994 1972 1062 2018 eam
1080 1950 1178 2038 legem
1195 1949 1364 2017 observan-

180 2069 249 2137 dam
270 2082 460 2141 tenerentur.
484 2074 658 2160 Postquam
680 2086 782 2142 autern
804 2072 862 2141 hac
882 2075 921 2143 de
945 2095 979 2141 re
1001 2094 1110 2162 magna
1131 2078 1246 2160 suisset
1265 2072 1363 2162 (peoo-

183 2216 282 2279 μενης,
312 2195 408 2284 Act.)
434 2199 618 2282 disceptatio
647 2199 840 2286 (συζητησις,
872 2209 905 2264 ut
933 2201 1055 2273 ζητησις
1085 2201 1098 2266 l
1130 2197 1215 2264 Tin.
1248 2199 1280 2275 l,
1310 2197 1361 2282 d),

213 2457 232 2524 ι)
250 2479 263 2505 u
282 2458 452 2525 Respondeo,
472 2460 568 2526 inquit,
580 2461 608 2512 in
623 2461 671 2513 isto
683 2474 749 2513 con-
795 2465 859 2514 tur:
874 2463 1060 2514 Convenerunt
1074 2461 1193 2528 Apostoli
1207 2467 1230 2512 et
1241 2461 1365 2512 Seniorcs

182 2542 237 2595 cilio
262 2544 413 2597 interfuisse
439 2544 590 2611 Apostolos,
615 2548 747 2613 mmquam
794 2547 883 2597 uidero
900 2547 932 2596 de
947 2546 1026 2598 uerbo
1038 2545 1099 2606 loc;
1117 2544 1162 2596 ubi
1181 2544 1253 2595 nulla
1266 2546 1364 2596 mentio

182 2625 278 2678 iudices
296 2626 330 2678 ad
359 2627 557 2688 definiendum,
582 2628 749 2694 Presbyteros
795 2627 825 2679 fit
851 2626 943 2693 plebis.
965 2626 1063 2677 Deinde
1081 2625 1152 2691 quod
1173 2630 1225 2676 tarn
1247 2625 1362 2691 Apostoli

181 2708 308 2761 autemad
317 2709 518 2761 consultandum
529 2725 535 2772 ;
545 2709 648 2776 plebem
660 2714 748 2764 autem
794 2724 874 2776 quarn
887 2709 1009 2761 Seniores
1025 2708 1127 2774 loquuti
1137 2708 1199 2769 sint,
1212 2706 1295 2759 donec
1306 2707 1363 2759 dis-

181 2805 231 2844 uon
248 2806 304 2844 esse
318 2795 436 2845 vocatam
447 2832 454 2856 ‚
467 2794 512 2845 sed
532 2797 618 2845 tamen
635 2794 748 2848 adfuisse
794 2792 943 2844 cntiebatur
963 2790 1153 2851 controuersia,
1176 2789 1307 2855 colligitur
1329 2803 1363 2840 ex

180 2874 206 2924 et
216 2875 392 2938 consensisse,
405 2888 457 2927 non
471 2876 576 2942 quidem
586 2876 747 2937 definiendo,
793 2874 844 2926 illis
866 2873 972 2926 verbis:
987 2879 1010 2924 ct
1025 2887 1085 2923 cum
1102 2886 1202 2938 moqrro
1214 2872 1364 2937 disquisitio

180 2954 219 3006 rel
231 2955 389 3022 disputando
403 2996 409 3017 ,
422 2956 467 3008 sed
481 2962 584 3009 tantum
600 2957 747 3021 audiendo,

182 3039 207 3088 et
218 3051 271 3090 nun
284 3038 461 3100 reclamando;
477 3038 548 3106 qnod
566 3040 601 3091 ita
617 3054 673 3092 esse
684 3055 748 3106 pro·

181 3117 256 3171 batur
271 3120 419 3187 dupliciter.
441 3122 579 3184 Primum,
591 3136 624 3173 ex
636 3136 748 3175 consue-

182 3202 269 3255 tudine
277 3203 414 3267 Ecclesiae,
422 3217 489 3270 qnae
501 3207 540 3256 est
551 3205 647 3270 optima
658 3205 748 3272 Scrip-

182 3287 298 3337 turarum
316 3286 462 3353 interpres;
477 3300 538 3338 nam
551 3300 611 3339 eum
620 3288 647 3338 in
659 3289 746 3339 omni-

180 3367 227 3421 bns
254 3370 386 3433 conciliis,
415 3385 483 3437 quae
515 3375 574 3437 post
602 3372 748 3438 Apostolica

181 3452 294 3517 tempora
306 3456 368 3503 sunt
387 3451 532 3516 celebrata,
546 3452 617 3505 bunc
628 3453 745 3506 ordinem

180 3532 342 3585 observatum
360 3547 416 3586 esse
433 3538 549 3595 constet,
563 3539 593 3586 ul
604 3535 651 3587 soli
668 3537 746 3603 Epis-

180 3616 234 3682 copi
257 3615 357 3668 lnerint
377 3615 491 3680 indices,
515 3617 576 3669 licet
596 3624 747 3684 praesentes

179 3699 311 3752 adfuerint
335 3700 411 3752 multi
433 3701 492 3763 alii,
513 3700 554 3753 vel
576 3702 681 3764 clerici,
704 3703 745 3754 vel

179 3779 247 3845 laici,
259 3781 330 3834 idem
346 3782 453 3834 omnino
469 3783 497 3834 in
515 3783 662 3848 Apostolico
679 3798 746 3837 cun-

179 3862 235 3914 cilio
253 3867 385 3915 seruatum
401 3877 466 3926 esse,
486 3865 592 3916 credere
609 3864 743 3917 debemus.

179 3941 229 3996 Nec
244 3945 315 3996 enim
334 3945 445 3998 Ecclesia
464 3947 600 4008 universa,
621 3959 651 3998 ac
666 3960 745 4012 prae-

179 4025 266 4076 sertim
278 4025 371 4091 primis
383 4024 433 4077 illis
443 4027 606 4093 temporibus
617 4027 650 4078 ab
661 4027 745 4092 Apos-

178 4110 288 4162 tolorum
304 4110 424 4175 exemplo
441 4116 468 4163 et
486 4111 627 4163 traditione
644 4113 745 4163 disces-

178 4193 260 4246 sisset.
294 4192 408 4254 Dcfndc,
436 4192 484 4245 boc
520 4193 590 4245 idem
624 4207 658 4245 ex
689 4195 746 4260 ipso

179 4277 302 4328 contextu
330 4273 502 4327 demonstrari
532 4279 616 4342 potest
650 4290 657 4327 :
685 4289 745 4327 nam

179 4361 246 4426 quod
275 4360 391 4427 Apostoli
416 4364 443 4412 el
464 4361 609 4426 Presbyteri
640 4363 743 4412 tanturn

179 4443 257 4495 uocati
270 4442 339 4504 sint,
352 4445 422 4509 patet
439 4457 472 4494 ex
488 4443 603 4508 eoquod
620 4443 655 4494 ibi
675 4443 743 4494 dici-

793 2957 873 3023 fieret.
891 2955 966 3017 Quod
984 2968 1045 3007 veru
1064 2959 1123 3021 post
1141 2955 1362 3020 disputationem,

795 3040 821 3089 in
842 3053 893 3105 qua
910 3037 1027 3104 Apostoli
1045 3041 1073 3091 et
1094 3037 1242 3101 Presbyteri
1260 3036 1362 3102 loquuti

794 3126 885 3183 erant,
900 3120 947 3172 soli
960 3120 1075 3186 Apostoli
1088 3121 1232 3172 sententias
1243 3118 1363 3170 definiti-

793 3217 839 3254 vas
859 3202 993 3264 dixerint,
1015 3205 1087 3268 patet
1107 3215 1140 3254 ex
1162 3215 1192 3254 ec
1220 3200 1291 3268 quod
1314 3202 1361 3254 soli

793 3285 901 3348 Petrus,
922 3284 1033 3344 Paulus,
1054 3283 1184 3335 Barbabas
1208 3287 1235 3335 et
1257 3283 1364 3335 lacobus

793 3367 996 3420 introducuntur
1027 3379 1043 3418 a
1068 3365 1137 3417 Luca
1161 3366 1307 3433 loquentes.
1331 3366 1364 3417 El

793 3450 864 3516 quod
876 3450 941 3501 nulli
955 3449 999 3500 alii
1008 3449 1152 3502 sententias
1169 3449 1299 3510 dixerint,
1312 3463 1362 3515 pa-

794 3535 830 3584 tet
841 3546 874 3584 ex
884 3533 1082 3585 continuatione
1101 3534 1189 3584 textus
1203 3550 1209 3585 ε
1225 3546 1286 3584 nam
1304 3535 1363 3598 post

793 3615 862 3667 Petri
880 3616 1053 3677 sententiam,
1067 3627 1127 3665 mox
1148 3613 1289 3666 subditur:
1306 3615 1361 3664 Tu-

791 3699 844 3749 cuit
857 3703 945 3748 autem
959 3698 1045 3748 emotis
1061 3695 1216 3757 multitudo,
1230 3702 1254 3747 et
1264 3697 1360 3748 audic-

792 3780 855 3832 bout
877 3779 991 3830 Paulum
1017 3785 1041 3830 et
1066 3777 1231 3829 Burnobom.
1261 3777 1361 3829 Deinde

791 3862 913 3914 subditur
938 3877 944 3911 :
976 3861 1009 3912 m
1038 3867 1180 3927 postquam
1206 3866 1360 3922 tacuerunt,

791 3945 916 3996 nimirum
936 3943 1031 3995 Paulus
1046 3947 1073 3994 et
1089 3942 1234 4003 Barnabas,
1245 3956 1361 4007 respon·

790 4028 828 4078 dit
837 4026 957 4088 lacobus,
966 4028 1070 4088 dicens;
1085 4029 1112 4078 et
1121 4039 1182 4079 mox
1192 4025 1267 4076 finita
1277 4025 1361 4077 lacobi

793 4109 923 4169 oratione,
948 4107 1143 4173 subiungitur:
1168 4108 1239 4160 Tunc
1260 4106 1361 4174 placuit

792 4190 940 4256 Apostolis,
953 4194 1002 4242 etc.

824 4355 843 4419 ¹)
861 4358 961 4410 Videsis
981 4371 1049 4424 quae
1068 4357 1136 4413 hanc
1151 4357 1179 4407 in
1199 4371 1254 4409 rem
1274 4359 1362 4409 notavi

790 4443 823 4494 ad
838 4440 900 4508 Cap.
915 4444 925 4492 l
941 4481 946 4504 ,
966 4457 1004 4493 vs.
1028 4444 1051 4494 t.
1065 4442 1113 4508 Ep.
1127 4440 1159 4493 ad
1173 4439 1362 4507 Philippenses.
