3074 5054
114 158 181 225 526
462 159 598 225 ,tc'rt's
633 157 961 237 ΑΡΟὸΤΟιΟΙίῢΜ,

267 429 445 504 CAPUT
498 427 809 502 t'thtSlttbtt
861 428 1136 504 TERTIUM.

109 628 304 681 Αιιιιιιιιτιιι.
317 629 481 681 Constitutus
491 642 577 680 coram
598 629 727 692 synedrio
739 628 850 689 Paulus,
863 629 1002 695 intrepidis
1016 631 1043 680 in
1058 629 1163 683 iudices
1174 630 1299 683 coniectis

137 712 221 764 ocutis
232 752 239 774 ,
252 715 419 765 innocentem
429 727 457 764 se
468 727 525 764 esse
544 713 671 778 omnique
685 711 763 778 culpa
782 725 874 763 vacare
891 713 973 764 libere
991 713 1143 779 profitetur.
1164 714 1219 767 Sed
1232 713 1298 766 banc

139 795 286 847 libertatern
301 810 353 848 non
363 797 450 847 tereus
461 796 577 846 Ananias
587 809 707 845 summus
716 795 850 857 sacerdos,
870 795 1035 846 adstantibus
1047 797 1179 862 praecipit
1193 799 1224 848 ut
1236 810 1298 863 per-

138 877 241 927 cutiant
260 889 290 927 os
308 877 429 928 dicentis.
458 877 543 937 Quam
570 877 736 941 iniquitatem
766 877 861 927 l‘arrlus
879 877 933 928 aeri
959 891 1085 943 responso
1109 875 1297 943 reprehendit,

140 971 181 1010 is.
191 960 265 1008 4-5.
278 958 398 1025 Cumque
416 973 450 1010 ex
468 957 516 1009 boc
535 960 572 1009 rei
588 958 697 1009 exordio
713 959 777 1008 satis
792 958 960 1021 intelligeret,
972 973 1000 1010 se
1011 958 1045 1010 ad
1056 960 1098 1010 sui
1112 957 1296 1011 defensionem

140 1039 206 1091 nibil
221 1040 278 1093 beic
294 1047 431 1102 acturum,
451 1054 500 1092 nec
516 1041 594 1092 aliam
615 1055 696 1107 quam
712 1042 830 1107 iniquam
849 1041 1035 1092 sententiama
1051 1041 1150 1092 talibus
1166 1041 1299 1093 iudicibus

139 1123 342 1190 exspectandam
352 1139 418 1186 esse,
428 1123 461 1175 ad
472 1123 669 1175 dissolvendum
681 1138 842 1183 consessum,
852 1125 921 1175 buna
934 1123 1049 1190 quadam
1061 1129 1119 1176 arte
1130 1138 1206 1186 usus,
1218 1124 1298 1176 efficit

140 1211 170 1258 ut
182 1209 252 1260 inter
264 1209 333 1273 ipsos
341 1221 403 1259 suos
417 1207 516 1258 iudices
527 1208 627 1258 oriatur
638 1207 764 1259 dimensio
773 1207 841 1268 talis,
849 1212 879 1258 ut
892 1220 950 1258 mox
962 1207 1067 1259 illorum
1079 1221 1142 1274 pars
1153 1208 1298 1274 praecipua

141 1289 176 1340 illi
190 1289 296 1342 iaceret.
310 1290 442 1341 Tribunus
463 1305 523 1342 veru
537 1291 583 1357 qui
604 1291 639 1340 ibi
653 1290 758 1350 aderat,
777 1304 859 1356 quum
874 1291 978 1341 timeret
989 1304 1023 1341 ne
1038 1289 1137 1341 Paulus
1148 1291 1176 1341 in
1195 1289 1241 1342 illo
1257 1295 1297 1342 tu·

142 1372 226 1424 multu
238 1373 272 1423 ab
283 1372 439 1424 adversariis
451 1373 506 1423 suis
514 1372 716 1438 discerperetur,
729 1386 790 1423 eum
802 1385 818 1423 e
830 1371 959 1436 Synedriu
972 1371 1062 1423 reduci
1079 1371 1155 1424 iubet
1166 1372 1194 1422 in
1206 1384 1299 1424 oeroe·

142 1469 211 1519 rem,
223 1456 267 1507 ubi
280 1455 322 1506 ille
336 1459 465 1506 nocturna
481 1456 582 1508 risione
601 1455 728 1507 divinitus
748 1459 891 1516 recreatur,
903 1469 942 1506 rs.
956 1456 1016 1505 e-t
1025 1457 1047 1505 t.
1065 1454 1197 1508 Postridie
1208 1455 1296 1508 ludaei

142 1538 202 1606 plus
214 1553 293 1606 quarn
313 1538 504 1604 quadraginta,
524 1539 557 1590 de
577 1538 656 1589 Paulo
676 1538 858 1590 interficiendo
877 1539 1020 1600 coniurati,
1033 1539 1200 1605 propositum
1219 1551 1296 1589 suurn

141 1624 337 1675 communicant
352 1622 524 1674 assessoribus
542 1622 663 1688 synedrii
674 1663 680 1685 ,
692 1622 765 1674 Pauli
786 1621 950 1674 adversariis.
971 1621 1122 1673 Curandum
1135 1621 1178 1673 bis
1189 1626 1256 1686 erat,
1270 1627 1299 1673 ut

145 1707 241 1758 Paulus
257 1705 345 1757 denuo
362 1706 394 1757 ad
407 1705 566 1770 synedrium
586 1705 769 1766 deduceretur,
782 1719 834 1771 qua
846 1706 1043 1771 opportunitate
1060 1709 1201 1756 uterentur
1213 1705 1251 1755 illi
1265 1704 1299 1756 ad

144 1801 205 1840 eum
223 1788 441 1850 interimendum,
461 1803 500 1839 rs.
518 1789 626 1838 l2—t5.
646 1787 698 1840 Sed
719 1786 777 1839 illae
796 1787 904 1838 insidiae
924 1789 1094 1838 innotescunt
1113 1785 1187 1838 Pauli
1200 1787 1298 1838 sororis

147 1869 215 1933 filio,
227 1876 254 1923 et
266 1885 313 1938 per
326 1870 396 1922 bunc
407 1871 488 1922 Paulo
500 1875 580 1936 atque
593 1871 641 1936 ipsi
653 1884 760 1936 quoque
777 1870 902 1920 Tribuno.
920 1868 1008 1931 Quare
1020 1869 1041 1919 is
1052 1868 1204 1934 insequenti
1223 1872 1298 1920 nocto

146 1954 256 2006 Paulum
268 1993 275 2015 ,
289 1956 401 2007 militum
420 1954 541 2005 satellitio
558 1953 691 2004 munitum
701 1992 708 2013 ,
720 1952 871 2004 Caesaream
882 1951 916 2002 ad
927 1951 1038 2002 Felicem
1050 1950 1205 2016 provinciae
1216 1951 1297 2002 Prae-

145 2035 226 2087 sidem
237 2038 317 2089 mittit
327 2036 378 2088 uua
390 2050 450 2088 cum
464 2036 557 2087 litteris
568 2035 707 2101 praecipua
719 2034 776 2085 eius
786 2047 880 2085 causae
889 2033 973 2099 capita
987 2032 1194 2084 continentibus.
1207 2031 1298 2083 Caesa-

148 2131 206 2169 reae
218 2117 314 2169 Paulus
324 2131 339 2170 a
349 2118 433 2170 Felice
448 2118 474 2168 in
487 2118 617 2184 praetorio
628 2115 737 2168 Herodis
752 2114 882 2166 custodire
902 2113 1016 2176 iubetur,
1029 2112 1179 2165 audiendus
1191 2113 1297 2181 quando

147 2205 309 2253 accusatores
326 2201 383 2252 eius
401 2200 463 2252 illuc
480 2200 662 2262 advenisseut;
676 2212 738 2251 nam
750 2198 798 2249 bos
814 2199 948 2250 Tribunus
964 2197 996 2248 ad
1018 2197 1129 2248 Felicem
1146 2197 1295 2264 praesidem

146 2283 347 2347 amandaverat,
362 2298 401 2335 vs.
417 2283 523 2334 tii-35.

162 2452 191 2516 l.
218 2451 393 2515 intendens
409 2461 512 2515 antem
539 2453 575 2514 tn
598 2451 762 2513 concilient
788 2447 927 2524 Punlns,
950 2452 1039 2531 etc-l.
1063 2445 1245 2528 Tribunus,
1263 2458 1296 2513 ut

113 2570 246 2639 vidimus
263 2570 351 2661 (Cap.
370 2573 490 2639 xxti:
511 2570 578 2650 50),
606 2569 735 2637 Paulum
761 2588 865 2635 corani
883 2568 1036 2655 Syuedrio
1059 2578 1221 2636 statuerat.
1241 2569 1295 2637 llle

114 2716 205 2785 orgo,
237 2715 332 2786 quum
361 2695 438 2761 iacta
465 2694 524 2761 sibi
553 2703 634 2760 esset
661 2693 752 2782 copia
773 2690 914 2771 dicendi,
945 2692 1044 2759 oculis
1073 2692 1238 2781 intrepidis
1261 2695 1294 2757 in

113 2820 267 2906 Syncdrii
292 2841 462 2885 assessores
491 2821 622 2884 intentis
648 2815 805 2905 (ατενισας
832 2840 874 2901 τῳ
905 2811 1085 2906 συνεδριῳ),
1116 2815 1164 2882 sic
1191 2815 1294 2882 dicere

114 2945 217 3034 eoepit
232 2969 239 3010 :
256 2944 324 3013 Viri
341 2945 466 3010 iratres!
486 2963 541 3030 ego
563 2943 685 3026 optimu
707 2939 843 3029 gaudens
867 2942 1060 3005 contestantia
1083 2939 1182 3027 (πασῃ
1200 2962 1294 3003 eurei-

114 3065 199 3145 δησει
229 3069 339 3158 αγαθῃ.
369 3068 473 3134 Datin.
506 3064 684 3154 societatis)
711 3072 913 3132 conversatus
943 3082 1012 3131 sum
1044 3061 1292 3150 (πεπολιτευμαι)

114 3216 222 3261 corone
238 3195 303 3259 Deo
319 3195 371 3279 (τῳ
389 3190 476 3281 Θεῳ)
490 3191 529 3258 ad
546 3191 630 3259 huuc
646 3210 745 3280 usquc
761 3188 856 3257 diem.

160 3439 261 3506 2-5.
282 3441 438 3521 Princeps
454 3448 559 3502 autern
575 3438 772 3503 sacerdotnm
789 3435 956 3516 dauniae,
972 3441 1058 3519 etc).
1078 3433 1174 3500 Plura
1192 3434 1291 3502 dicere

117 3563 230 3631 Paulus
247 3559 391 3651 parahal3
406 3560 541 3628 Ananias
554 3571 659 3626 antem
677 3555 733 3645 (δε)
749 3580 891 3625 currimns
907 3559 1051 3622 sacerdos
1068 3560 1095 3642 (ὁ
1109 3557 1289 3648 αρχιερευς),

116 3690 253 3757 offensus
269 3687 407 3755 liberiori
425 3686 479 3753 illo
496 3685 643 3762 exordio,
669 3704 727 3752 uec
752 3684 853 3749 tereus
869 3693 983 3748 tantam
1001 3679 1136 3748 hominis
1154 3695 1289 3750 constan·

116 3817 206 3896 tiam,
236 3813 393 3903 praecepit
420 3812 649 3902 apparitoribus
677 3814 738 3878 sibi
771 3811 968 3876 adstantibus
1001 3805 1073 3888 (τοις
1104 3829 1290 3898 παρεστωσιι

114 3941 225 4027 αυτῳ),
240 3951 273 4007 ut
289 3950 486 4029 percuterent
498 3959 533 4006 os
545 3939 689 4006 dicentis.
707 3938 861 4025 adquam
878 3936 1070 4025 iniquitatem
1089 3933 1179 4017 (τοτε)
1196 3935 1289 4023 iudig-

115 4077 204 4133 uatus
234 4064 350 4132 Patrius
377 4063 455 4131 dixit
482 4064 520 4131 ad
544 4085 614 4131 euru
637 4089 644 4132 :
669 4064 806 4131 laturum
827 4074 873 4128 est
898 4072 928 4128 ta
958 4072 987 4128 te
1012 4059 1166 4149 percutiat
1187 4060 1287 4134 Deus,

115 4189 258 4281 operies
286 4187 441 4256 dealbate!
469 4189 506 4256 Et
531 4199 562 4256 tn
590 4187 679 4257 sedes
706 4187 756 4255 hic
782 4197 945 4272 tnrnqnunr
968 4189 995 4251 ia·
1018 4187 1076 4272 qni
1098 4186 1219 4251 indicet
1245 4201 1288 4249 nrt
