3074 5054
423 394 560 461 CAPUT
596 394 646 473 ll,
684 393 805 461 VERS.
845 392 991 460 tt-tt.
1242 390 1289 460 ,79

109 585 314 651 communitas
337 584 368 649 in
396 584 461 650 sola
489 583 771 670 Hierosolymitana
800 583 932 650 ecclesia
958 580 1136 662 obtinebat3
1162 592 1291 668 eratque

110 729 162 776 res
188 729 248 775 non
277 707 451 797 praecepti,
481 706 535 774 sed
563 705 679 774 liberae
707 707 955 795 uniuscuiusque
982 705 1090 772 relicta
1118 705 1287 785 voluntati3

109 842 202 920 atque
218 831 279 900 boc
296 831 422 922 quidem
439 832 612 899 luculenter
628 843 747 899 constat
763 852 802 898 ex
818 832 877 912 tis,
896 851 974 919 quae
991 830 1070 896 inira
1086 829 1179 918 (Cap.
1194 831 1236 914 V)
1253 828 1291 896 de

109 959 230 1026 Anania
245 970 275 1027 et
291 958 446 1048 Sapphica
462 969 637 1026 narrantur.
663 960 711 1025 De
727 959 831 1022 καθοτι
848 958 918 1026 vide
934 978 1048 1046 supra,
1067 979 1099 1046 p.
1120 959 1175 1025 65.
1194 957 1292 1023 Parti·

110 1090 180 1157 cnla
208 1114 244 1153 αν
270 1110 342 1157 curn
371 1089 539 1157 lndicativo
567 1089 705 1156 cuiusvis
732 1089 882 1178 temporis
910 1088 1129 1168 coniunctum,
1153 1096 1188 1154 ut
1210 1096 1293 1152 notat

111 1213 309 1281 Hermannns
326 1213 378 1302 (ad
394 1214 503 1301 Vigor.
530 1235 562 1302 p.
588 1211 683 1302 820),
702 1233 794 1302 saepe
815 1211 893 1279 nihil
909 1210 994 1279 eliud
1009 1208 1181 1298 significat,
1200 1229 1291 1297 quarn

109 1337 252 1405 accidere
264 1339 312 1405 vel
328 1337 481 1405 accidisse
497 1336 616 1426 aliquid
631 1357 693 1404 non
712 1347 794 1402 certo
813 1339 951 1421 paredam
969 1347 1124 1421 tempore,
1142 1334 1197 1402 sed
1215 1355 1292 1423 qno-

111 1463 305 1552 tiescumque
321 1463 445 1531 occasio
463 1463 504 1529 ita
521 1461 627 1528 lerret.

159 1726 213 1792 db.
242 1725 446 1793 Continuatur
480 1723 648 1813 descriptio
683 1742 804 1790 ntorum
839 1722 1012 1811 primorum
1045 1719 1293 1787 Christianorum

112 1849 360 1938 Hierosolymae.
389 1851 557 1931 Quotidie,
583 1849 701 1937 inquit,
723 1850 850 1914 assidue
873 1850 1008 1913 odoraret
1036 1847 1236 1912 rtoooimiter
1258 1849 1294 1910 io

112 1978 243 2059 tentpto,
262 1986 355 2064 puta,
382 1988 415 2042 nt
438 1974 573 2064 publicis
597 1973 743 2063 precibus
767 1974 962 2039 interessent.
994 1972 1120 2050 «Nam,
1142 1970 1226 2058 qnod
1242 1969 1294 2036 hic

112 2110 197 2166 notat
212 2100 348 2181 Calmet,
367 2100 439 2167 licet
456 2099 623 2167 Salvatoris
644 2109 743 2166 nrorte
765 2099 960 2166 ceremoniae
977 2107 1006 2165 et
1022 2095 1175 2164 sacrificia
1191 2108 1294 2163 essent

112 2223 284 2311 antiquata,
304 2233 335 2291 et
349 2244 464 2291 norunt
481 2223 590 2291 foedus
614 2233 794 2290 testamento
808 2223 903 2289 veteri
921 2222 1142 2301 successisset,
1161 2230 1292 2286 ettamen

112 2365 175 2411 non
192 2356 256 2414 erat
272 2368 290 2414 e
305 2346 446 2414 consiliis
470 2348 550 2428 Dei,
569 2359 603 2415 nt
619 2346 725 2413 fideles
747 2346 849 2414 stetirn
866 2366 884 2412 a
900 2345 1022 2413 ludaeis
1045 2346 1294 2432 seiungerentnr‚

112 2479 205 2558 atque
227 2471 318 2558 Legis
334 2471 412 2538 ritus
429 2470 659 2560 relinquerent3
678 2492 756 2559 quos
769 2470 949 2550 servabant,
965 2480 1115 2557 quatenns
1131 2470 1292 2535 Ecclesiae

112 2592 229 2661 utilitas
245 2594 404 2682 exigebat,
420 2615 482 2662 non
499 2616 572 2663 vero
588 2595 722 2684 amplius
740 2606 896 2683 tamquam
913 2593 1030 2661 ludaei.
1049 2591 1213 2659 Eritebant
1229 2593 1294 2672 illi,

113 2737 153 2782 ne
177 2717 309 2784 infirmis
334 2717 513 2785 scandalum
538 2719 731 2806 ingererent,
750 2738 866 2806 eosque
888 2717 927 2784 ab
949 2716 1133 2804 Evangelica
1156 2714 1296 2782 doctrina

112 2853 301 2923 averterent3
321 2844 376 2912 sed
397 2844 468 2911 illos
492 2844 607 2911 sensim
633 2843 854 2933 disponebant,
878 2854 912 2910 ut
936 2843 974 2910 ad
997 2841 1114 2910 cultum
1135 2841 1293 2930 puriorem

112 2975 206 3054 atque
227 2967 324 3054 magis
349 2968 541 3056 spiritualem
564 2967 751 3034 attollerent.
774 2995 787 3025 r
813 2967 1055 3057 Ilpooaorprepetr
1076 2988 1104 3028 er
1128 2987 1187 3027 τινι
1212 2986 1296 3048 τοπῳ

113 3099 163 3155 est
177 3090 290 3157 alicubi
306 3095 433 3157 occidue
449 3095 567 3158 adesse.
582 3092 636 3162 Sic
653 3092 684 3157 in
700 3091 831 3158 Daniele
847 3089 957 3178 (Vulg.
977 3090 1054 3178 Cap.
1074 3085 1169 3176 Xlll)
1186 3088 1297 3174 legitur

115 3215 196 3278 οὑτοι
212 3239 453 3307 προσκαρτερουν
478 3240 507 3279 εν
525 3240 561 3306 τῃ
579 3240 658 3298 οικιᾳ
677 3217 828 3301 lestap,
849 3214 882 3281 b.
902 3235 931 3280 e.
953 3217 1005 3279 illi
1029 3223 1210 3279 constanter
1226 3214 1297 3276 ode-

115 3350 193 3403 rant
215 3341 250 3404 tit
273 3341 366 3404 domo
389 3340 529 3406 lcolct'trr.
555 3341 626 3407 Vox
649 3333 843 3424 ὁμοθυμαδον
865 3335 976 3424 (Vulg.
1004 3331 1218 3420 unanimiter)
1240 3332 1300 3400 hcc

116 3461 185 3528 loco
208 3460 290 3529 dicta
315 3462 392 3529 rnihi
409 3462 530 3529 videtur
551 3461 667 3528 nonde
687 3464 869 3526 atriolorum
892 3481 1059 3538 consenso,
1079 3458 1134 3525 sed
1150 3478 1187 3525 eo
1204 3477 1298 3523 sensu

116 3594 152 3651 ut
176 3595 259 3653 notet
286 3607 372 3668 ooo,
390 3588 503 3665 simol,
528 3588 741 3668 cortiooctior,
762 3605 823 3672 quo
849 3604 942 3650 sensn
970 3585 1071 3649 Lucas
1096 3602 1163 3649 eam
1187 3600 1295 3648 vooern

119 3709 233 3795 passim
256 3708 396 3776 adhibet.
423 3709 471 3776 cf.
490 3709 562 3776 Act.
588 3709 650 3777 Vll
678 3731 686 3771 :
713 3708 867 3776 textit
895 3731 904 3773 ι
931 3710 974 3775 20
998 3718 1028 3772 et
1050 3707 1142 3773 XV:
1164 3703 1297 3785 attunt

119 3831 238 3899 Graeca
258 3856 266 3897 ε
285 3827 383 3906 εδοξεν
396 3833 468 3918 ὕμιν
484 3853 653 3921 γενομενοις
670 3825 883 3917 ὁμοθυμαδον,
902 3828 1035 3916 Vulgata
1051 3827 1186 3896 reddidit
1204 3848 1211 3888 :
1230 3827 1302 3910 plo-

121 3959 185 4020 cto't
211 3957 300 4022 nobis
328 3959 520 4022 collecticio
544 3977 657 4021 onom.
688 3953 889 4020 Alexandrini
919 3953 1034 4041 passim
1063 3952 1111 4018 nsi
1140 3960 1211 4017 stent
1239 3947 1300 4014 hoc

121 4078 266 4146 adverbio
284 4101 340 4168 pro
358 4095 411 4158 nn}
428 4091 457 4147 et
473 4085 554 4167 itptpff
574 4101 657 4159 otto,
679 4081 796 4158 simol,
814 4080 962 4162 pariter,
983 4087 1013 4142 et
1037 4073 1215 4160 Hesychius
1232 4077 1302 4157 ὁμο-

123 4197 237 4287 θυμαδο
250 4201 488 4290 vinterpretatnr
501 4222 557 4291 per
572 4206 662 4287 ὁμου,
677 4199 852 4286 ὁμοψυχως.
868 4201 976 4286 ltaque
992 4205 1185 4285 praesentem
1199 4194 1301 4260 locum

124 4323 217 4391 reddo
235 4325 277 4391 ita
293 4350 301 4390 z
315 4325 519 4409 Et'qootidt'e
543 4325 668 4389 assidui
689 4334 783 4389 erant
804 4345 870 4389 otto
893 4325 929 4387 tn
953 4323 1080 4403 ternplo.
1099 4316 1302 4404 Participiurn

123 4469 411 4538 προσκαρτερουντες
432 4447 567 4535 pendere
589 4445 730 4516 aVerbo
753 4446 855 4512 Finito
884 4438 1134 4529 perstrepebant,
1161 4459 1221 4506 nott
1247 4457 1303 4525 pu-
