3074 5054
174 378 241 445 264
530 376 663 443 ACTUS
697 373 1037 453 APOSTOLORUM,

177 576 289 645 noctu,
308 575 338 631 et
352 586 412 648 ρον
427 586 557 630 murum
581 560 644 648 (dec
667 589 721 628 rou
744 567 872 651 τειχους)
894 565 1106 644 demiserunt,
1122 563 1269 627 deorsum
1286 583 1358 627 eum

176 691 331 755 mittendo
348 685 562 777 (χαλασαντες)
580 687 705 755 funibus
722 708 760 755 ex
776 687 852 768 alto,
868 689 903 750 itt
919 698 1027 769 sporta
1044 684 1082 764 (εν
1100 680 1238 773 crepidi)
1256 685 1358 773 impo-

174 815 280 880 situm.
301 813 430 878 -Vox
446 807 613 896 λαρβανειν
630 811 660 875 in
678 808 737 876 hac
761 810 899 877 oratione
916 809 999 874 omni
1019 808 1049 873 vi
1066 816 1160 874 caret.
1180 806 1260 874 Vide
1278 825 1358 894 quae

175 955 270 1025 supra
298 940 342 1023 (p.
374 937 450 1019 237)
479 943 579 999 notata
607 943 679 999 sunt
706 931 746 998 dc
774 930 998 1018 significatione
1025 929 1119 996 huius
1148 939 1179 994 et
1206 929 1357 996 similium

175 1078 304 1137 vocum,
335 1056 387 1123 ubi
419 1055 574 1123 adduntur
604 1054 718 1123 Verbis
747 1054 900 1120 actionem
934 1051 1098 1140 quamdam
1131 1053 1274 1140 corporis
1306 1064 1360 1119 aut

176 1180 270 1246 animi
295 1179 537 1246 declarantibus.
564 1178 656 1265 Quod
684 1177 737 1244 hic
763 1177 878 1244 dicitur
902 1173 955 1241 dm
982 1199 1098 1262 τειχους
1119 1198 1178 1261 ρον
1205 1199 1357 1260 acerram,

178 1324 239 1369 nou
265 1313 311 1369 est
329 1304 416 1387 inops
433 1307 492 1367 deu
509 1325 618 1380 neuter,
637 1300 691 1367 sed
708 1304 786 1366 door
801 1280 861 1366 deit
877 1322 987 1391 ortum,
1006 1300 1126 1366 scilicet
1148 1320 1207 1382 ρον
1222 1300 1358 1404 aliquam

179 1429 261 1494 muri
285 1438 479 1516 aperturam,
500 1437 552 1493 aut
566 1449 625 1511 ρον
641 1427 805 1493 fenestram
823 1426 932 1493 domus
949 1426 1080 1492 alicuius
1104 1444 1194 1492 muro
1219 1425 1358 1506 innixae,

177 1549 259 1619 Vide
276 1553 296 1616 t
313 1552 386 1616 Cor.
402 1552 447 1616 Xl
465 1574 472 1616 ε
488 1553 544 1617 55.
563 1552 625 1617 Pro
649 1570 725 1616 voce
748 1573 871 1641 σπυρις,
894 1569 972 1637 quae
995 1547 1056 1615 hoc
1080 1548 1148 1615 loco
1168 1547 1293 1634 legitur,
1312 1559 1361 1614 cst

178 1674 370 1742 2C01‘.Xl:
390 1676 431 1741 55
449 1693 507 1739 vox
524 1695 672 1763 σαργανη.
699 1672 828 1741 Graecis
851 1681 953 1738 autem
970 1693 1078 1761 σπυρις
1102 1681 1131 1736 et
1156 1692 1293 1760 capycum
1310 1668 1360 1734 di·-

180 1796 330 1863 cebaotur
346 1804 470 1884 sportae
486 1796 638 1873 maiores,
658 1795 771 1882 quibus
788 1794 890 1883 pisces
908 1805 960 1861 aut
976 1815 1070 1882 panes
1094 1794 1282 1861 serebantur.

227 2040 282 2104 26.
311 2037 392 2102 Cum
421 2048 525 2102 autem
552 2041 752 2111 uenissetitt
783 2038 1054 2121 Hierosolymam,
1085 2037 1171 2114 etc).
1205 2039 1361 2103 Damasco

179 2161 302 2249 clapsus
319 2161 442 2239 Saulus
461 2161 708 2248 Hierosolymam
725 2160 881 2250 proiectus
893 2173 956 2240 est3
977 2173 1069 2249 atque
1081 2162 1139 2227 iter
1152 2159 1212 2227 hoc
1226 2161 1362 2227 instituit

183 2283 315 2367 triennio
332 2295 402 2372 post
419 2284 652 2378 conversionem
669 2303 775 2364 suam,
790 2294 824 2350 ut
840 2284 996 2371 colligitur
1011 2303 1049 2350 ex
1065 2284 1122 2363 iis,
1138 2303 1217 2371 quae
1233 2283 1363 2371 scripsit

179 2406 218 2473 ad
242 2407 365 2475 Galatas
389 2409 466 2497 Gap.
485 2410 527 2474 1·:
549 2408 706 2476 ta-uu¹.
725 2412 888 2495 -Quum
915 2421 1016 2476 autem
1032 2411 1167 2476 venisset
1183 2413 1364 2499 (παραγενο-

182 2552 268 2616 μενος
296 2533 386 2617 Aura)
414 2531 684 2617 lliiirosolymam‚
714 2537 848 2598 tentavit
873 2534 1019 2624 (επειρᾶτο
1044 2534 1171 2623 lmperi.
1190 2534 1221 2600 in
1247 2536 1363 2600 Forma

183 2655 307 2737 Medio,
326 2664 360 2721 ut
375 2655 486 2723 XXVl
502 2675 509 2716 ε
526 2652 581 2734 Ἣ)
599 2675 668 2722 scse
684 2655 847 2744 discipulis
864 2655 908 2736 (h.
928 2677 955 2722 e.
976 2656 1171 2735 Christianis)
1187 2659 1363 2738 odiunpere

119 2869 121 2872 Ι
179 2771 377 2863 (collocutae,
392 2775 634 2861 conploratam
656 2768 765 2844 sensus
782 2789 828 2844 est
847 2805 854 2844 :
875 2779 1008 2846 tentabat
1024 2778 1215 2845 familiariter
1231 2798 1363 2845 conver·

182 2896 244 2963 sari
268 2917 339 2964 cum
364 2896 548 2964 Christianis
573 2898 876 2986 Hidrosolymitanis.

228 3031 258 3084 et
274 3041 380 3086 omues
405 3021 554 3086 timebant
570 3042 659 3101 eunt,
678 3021 765 3100 etc).
784 3025 829 3087 Et
846 3028 908 3110 (και
930 3022 982 3088 hic
1002 3043 1062 3088 non
1079 3023 1158 3088 valet
1174 3025 1239 3102 sed]
1254 3044 1365 3088 omines

182 3142 365 3233 (Christiani
392 3143 675 3230 lliiirosolymitaoi)
693 3146 868 3211 metuebant
892 3165 982 3222 eum,
999 3149 1113 3230 qnippe
1136 3149 1193 3229 qui
1214 3166 1278 3210 acc
1293 3166 1365 3210 ονο-

183 3267 295 3332 debant
311 3266 355 3332 illi
373 3275 427 3353 (μη
451 3268 647 3347 cranemerae)
670 3267 753 3356 quod
774 3278 854 3334 esset
875 3267 1067 3356 discipuluS,
1094 3268 1127 3335 h.
1155 3290 1183 3334 ο.
1211 3268 1365 3336 Christia-

184 3410 261 3470 nus,
276 3401 309 3455 ut
320 3389 377 3455 illi.
394 3428 437 3439 -—
450 3389 531 3456 Hinc
555 3390 877 3478 colligitur,·nctitiam
901 3392 975 3458 satis
991 3403 1104 3457 certam
1122 3391 1164 3458 de·
1185 3392 1268 3458 Sauli
1285 3412 1362 3459 ccu-

185 3550 345 3560 ..—

219 3647 237 3711 ¹l
255 3648 333 3698 Recte
350 3644 600 3698 Windisohmanuus
619 3647 652 3697 ad
669 3649 747 3700 verba
794 3651 844 3700 wic
869 3651 938 3701 diosc
962 3654 1050 3711 audac,
1078 3652 1193 3701 accedero
1218 3650 1304 3701 solclec
1329 3668 1367 3706 zu

186 3725 272 3788 (Gall
288 3713 749 3801 :481:detrtde(enerrc)postco-
793 3733 887 3799 ροὸονν,
910 3735 952 3784 dic
971 3747 1006 3784 zu
1028 3735 1125 3784 aeirem
1149 3733 1269 3797 leucate,
1288 3737 1315 3786 d.
1336 3737 1365 3788 ir.

184 3821 233 3860 oos
259 3813 329 3868 tres,
358 3807 421 3860 haec
448 3813 545 3861 notat:
568 3830 580 3855 α
601 3811 656 3861 Deo
683 3813 750 3864 Aus-
796 3830 855 3867 zum
876 3815 1033 3877 Nactwets,
1050 3818 1118 3868 dosa
1137 3830 1166 3867 ον
1187 3818 1256 3868 coele
1277 3820 1368 3871 aeincr

185 3887 359 3956 tammulti,
389 3891 493 3955 inquii,
520 3893 565 3943 det
599 3901 750 3942 Ξπεῑτα
795 3897 1255 3964 Belceleruoplceineomeoseleltcleeu
1271 3901 1368 3954 littter-

184 3972 239 4022 uod
258 3971 305 4020 der
324 3971 382 4021 deci
400 3971 482 4022 lutere
500 3981 565 4025 setzt
588 3975 698 4027 Ruclcrt
722 3978 751 4027 iu
795 3980 863 4031 riclet
876 3980 1120 4045 cmpsuopcoleabc,
1135 3981 1365 4036 dteoticlowarco.

184 4052 235 4102 dett
252 4051 426 4117 doponatur,
439 4067 481 4105 wo
498 4055 600 4106 Paulas
614 4071 665 4108 aaa
681 4058 751 4109 Ανα-
795 4063 842 4114 Die
860 4061 1015 4128 Beleleruup
1037 4063 1094 4112 uteo
1111 4061 1224 4113 selewelrt
1245 4061 1300 4112 ilem
1320 4066 1368 4116 ala

183 4135 244 4188 bico
252 4134 318 4186 tecet
332 4135 686 4192 Damocleszurttcldcelertc.
700 4139 751 4192 Ge·
795 4146 1021 4211 Aospanpspcolct
1059 4147 1146 4197 seioer
1181 4145 1368 4211 Zeitcupuben

184 4218 254 4267 ectaz
276 4217 336 4267 setar
356 4222 534 4283 uupasseud:
555 4223 624 4272 deon
643 4237 670 4272 cs
690 4221 750 4273 lam
795 4243 852 4289 cor,
874 4242 933 4279 acas
949 4229 1088 4279 desuadeas
1106 4234 1184 4279 anteo
1204 4228 1270 4292 (cap.
1284 4229 1305 4278 ll
1322 4231 1368 4295 Λ)

184 4301 242 4352 dem
253 4300 271 4351 Α
274 4302 358 4366 postet
376 4301 433 4353 liter
441 4317 496 4369 ρον
507 4303 576 4355 uiolet
588 4306 695 4370 darauf
704 4320 749 4368 co,
795 4307 971 4373 festzultatteo
983 4309 1026 4359 iat.
1044 4328 1055 4353 o
1068 4309 1214 4372 Erklarung
1231 4309 1277 4360 des
1287 4310 1368 4361 Bric-

183 4383 522 4453 otttztose'etroootoptsclec
533 4388 749 4457 Besttmmuopem
796 4391 834 4444 lcs
845 4403 879 4442 au
891 4389 932 4442 die
949 4388 1061 4443 Galater.
1078 4390 1172 4442 Mainz.
1187 4389 1265 4453 tuta,
1281 4405 1308 4457 p.
1319 4391 1366 4445 29.
