3074 5054
453 370 592 439 CAPUT
626 369 727 447 XlX,
764 364 886 435 VERS.
924 363 1069 432 st-tu.
1288 359 1354 433 tut

177 571 251 659 Gap.
266 565 330 634 Xll
347 589 354 631 ε
378 563 429 651 ih)
445 561 603 630 silentium
620 559 783 628 indixisset
798 553 988 624 multitudini
1001 551 1124 620 volebat
1138 553 1233 620 uerbo
1248 555 1355 638 apolo-

175 695 274 777 petica
296 695 401 778 secere
417 683 661 780 (ucoloyeredar)
684 687 726 750 ad
746 684 900 768 populum
915 678 975 768 (τῳ
992 675 1081 766 dape
1097 677 1228 745 Delirus
1244 679 1355 744 Direa-

176 813 296 905 te'om's).
325 813 432 893 Quum
447 832 521 877 cero
541 811 757 894 ecpuouisseat
778 802 970 896 (ειιιγνοντεςί
988 801 1204 870 Nominativns
1219 801 1355 870 Absolu-

176 955 241 1025 tus,
272 952 307 1010 ιιι
333 944 432 1009 Marc.
459 939 534 1006 lXt
559 940 616 1007 ιθ.
640 935 722 1005 Vide
743 935 801 1003 Gr.
825 953 895 1022 pag.
922 932 998 1001 180.
1024 933 1056 997 l.
1081 928 1212 997 Kuhner
1234 928 1253 1018 S
1273 926 1355 1014 678)

176 1065 382 1134 Alexandrum
400 1083 469 1130 esse
494 1060 662 1137 ledaeum,
681 1078 742 1126 uua
754 1076 830 1124 voce
846 1074 953 1123 omnes
970 1053 1134 1121 vociferari
1152 1064 1323 1142 coeperunt
1344 1078 1351 1119 :

176 1195 284 1281 Magna
311 1201 360 1258 est
385 1187 487 1256 Diana
515 1184 743 1274 Ephesiorum!
770 1183 873 1270 Atque
897 1180 924 1246 is
951 1177 1069 1246 clamor
1091 1177 1130 1246 ad
1153 1177 1230 1246 duas
1259 1177 1355 1246 sermo

176 1314 267 1382 horas
283 1309 474 1403 perduravit.
493 1307 731 1375 -Posteriora
748 1303 893 1371 versiculi
912 1306 955 1372 st
978 1302 1072 1370 verba
1092 1322 1129 1370 ex
1146 1304 1269 1372 Graeco
1286 1323 1355 1372 rer·

176 1436 304 1505 hatenus
333 1434 452 1503 reddita
479 1432 526 1500 sic
550 1440 686 1498 sonant:
711 1431 777 1496 Voce
799 1429 893 1512 fiebat
916 1449 981 1493 urea
1010 1425 1123 1494 emissa
1145 1448 1184 1492 eac
1207 1428 1354 1494 coraibus

175 1563 317 1646 fereper
344 1558 426 1648 (aar,
445 1566 480 1623 ut
501 1573 596 1643 supra
619 1573 665 1620 vs
690 1547 722 1628 8)
744 1553 823 1619 duos
849 1551 944 1618 horos
972 1551 1181 1617 clamantibus
1202 1574 1211 1613 :
1233 1551 1353 1634 Μαρια

177 1693 236 1763 est,
258 1690 320 1748 etc.

219 1926 365 1994 ὅδ’-[ιθ.
398 1925 444 1990 Ει
465 1943 536 1988 cum
557 1923 692 1987 sedasset
712 1923 819 1987 scriba
841 1923 965 2003 turbas,
991 1924 1094 2006 dimit,
1120 1923 1208 2002 eto).
1235 1923 1356 1989 luteres

176 2047 338 2117 advenerat
365 2051 380 2112 d
403 2068 620 2138 γραμματευς,
646 2046 750 2112 scribo
777 2048 917 2112 ciuitatis
944 2048 1165 2126 eradicarius,
1196 2045 1246 2113 cui
1275 2045 1356 2111 inter

176 2171 369 2259 magistratus
397 2168 550 2259 Ephesios
579 2167 747 2257 praecipua
781 2168 931 2256 quaedam
958 2169 1125 2236 auctoritas
1157 2166 1352 2257 competebat

175 2293 257 2382 (vide
273 2292 430 2380 Deylingii
450 2292 614 2358 Observat.
640 2290 733 2357 Scor.
752 2292 789 2357 P.
805 2293 845 2368 5,
864 2312 896 2380 p.
917 2291 999 2370 582,
1018 2298 1117 2382 sqq.).
1137 2291 1197 2357 Hic
1219 2289 1271 2357 ubi
1290 2289 1353 2357 cla-

175 2436 292 2485 mosam
316 2415 400 2482 illam
422 2415 544 2482 turham
565 2416 702 2480 sedasset
724 2410 966 2502 (seruaretur),
984 2412 1031 2480 sic
1055 2412 1124 2480 illos
1146 2413 1256 2479 allatus
1277 2426 1351 2480 est:

176 2540 331 2618 Quisnam
348 2540 406 2628 (τις
420 2535 494 2627 γαρ)
506 2541 673 2604 homiuum
685 2549 732 2604 est
748 2541 806 2624 qui
821 2540 951 2617 nesciat,
969 2538 1180 2621 Ephesiorum
1196 2538 1353 2602 ciuitatem

175 2667 338 2730 cultricem
365 2666 523 2730 assiduam
552 2661 724 2753 (recaeper)
751 2685 818 2728 esse
845 2663 984 2746 Mapaoe
1017 2663 1142 2728 Dionae
1168 2663 1355 2748 coelitusque

176 2790 299 2872 delapsi
326 2785 389 2868 (rou
415 2787 577 2861 Διοπετους
605 2787 675 2855 scil.
701 2784 891 2877 αγαλματος)
914 2785 1110 2854 simulacri?
1131 2785 1209 2855 Vult
1230 2785 1354 2866 dicere,

176 2913 217 2980 uti
243 2922 337 3001 puto,
356 2910 433 2979 nihil
460 2931 571 2979 causae
595 2931 663 2980 esse
687 2933 756 2991 cur,
780 2911 859 2979 iacto
884 2931 1058 2994 concursu,
1075 2931 1164 2979 snam
1185 2931 1256 3000 erga
1279 2911 1354 2978 Dia-

177 3057 245 3104 nam
264 3035 453 3126 Ephesinam
471 3036 699 3103 venerationem
716 3037 807 3104 tantis
824 3036 1014 3104 clamoribus
1030 3037 1268 3126 profiterentur;
1287 3057 1356 3105 esse

176 3162 258 3228 enim
284 3161 337 3228 toti
364 3172 516 3227 terrarum
540 3160 607 3228 orhi
633 3161 849 3243 notissimum,
877 3161 1086 3251 Ephesiorum
1110 3162 1265 3230 civitatem
1288 3183 1357 3230 esse

177 3283 337 3351 cultricem
363 3283 519 3351 assiduam
542 3303 671 3372 magnae
690 3285 809 3351 Dianae
833 3295 862 3352 et
886 3285 1045 3352 simulacri
1065 3285 1134 3352 eius
1156 3285 1287 3353 coelitus
1304 3286 1357 3353 dc·

178 3407 268 3497 lapsi.
287 3446 332 3458 -
348 3409 473 3497 Captata
489 3417 591 3476 autern
608 3407 667 3476 hac
691 3408 866 3477 laudatione
882 3430 992 3478 eorum
1008 3408 1238 3490 benevolentia,
1258 3408 1358 3499 pergit

177 3530 281 3621 dicere
297 3553 305 3596 ε
323 3531 429 3611 Quum
446 3555 519 3618 erpo
536 3536 587 3600 his
604 3556 669 3601 aaa
684 3537 926 3602 contradicatur
942 3536 1177 3625 (aruurtppuroa
1194 3556 1245 3597 our
1262 3556 1357 3598 οντων

176 3661 315 3735 τουτων),
330 3665 452 3738 oportet
468 3677 521 3722 vos
538 3678 600 3722 esse
616 3657 752 3736 sedatos,
767 3679 822 3724 uec
838 3659 1011 3743 prridquam
1028 3669 1144 3724 temere
1158 3678 1262 3741 apere.
1281 3656 1358 3726 Vult

178 3775 283 3844 dicere
299 3775 376 3844 haec
394 3797 401 3839 :
421 3779 526 3864 Quum
542 3782 643 3863 ipitar
660 3780 724 3868 (aar
742 3791 789 3847 est
800 3779 852 3847 hic
868 3783 1103 3861 concladeutis,
1124 3778 1179 3847 scd
1195 3799 1232 3846 eo
1249 3777 1356 3859 modo,

178 3918 240 3988 qno
256 3898 288 3966 in
306 3900 366 3987 Ep.
385 3900 424 3967 ad
447 3899 586 3991 Philipp.
613 3903 690 3993 Cap.
712 3905 763 3986 ll,
784 3924 830 3971 m.
856 3903 885 3984 l)
908 3924 999 3971 nemo
1024 3904 1198 3993 negaverit,
1216 3914 1269 3970 aut
1284 3903 1359 3970 civi-

211 4222 231 4287 ¹l
249 4222 315 4274 Van.
328 4236 398 4274 nncr.
413 4224 462 4277 Pro
473 4233 639 4300 επιγνοντες
651 4226 747 4290 tegitur
792 4229 989 4282 Nominativum
1002 4235 1168 4304 επιγνοντες
1180 4225 1229 4280 hoc
1246 4225 1301 4279 loeo
1313 4236 1361 4291 pro

177 4319 357 4388 satyromata
388 4318 414 4368 in
443 4317 505 4369 Cod.
534 4319 567 4369 D.
597 4307 744 4378 lihr'arius¹
792 4319 884 4371 vitiosa
895 4320 1036 4387 scriptione
1049 4318 1165 4371 haberet.
1262 4361 1264 4364 ,

177 4407 280 4474 opinor,
309 4411 488 4486 tutyuourmv
510 4409 655 4476 scripserit,
676 4406 746 4475 quod
