3074 5054
174 404 240 471 too
523 402 658 470 ACTUS
696 399 1029 482 APOSTOLORUM,

174 592 259 681 piam
274 591 479 660 obedientiam
497 612 566 660 esse
590 590 817 680 praestandam.
836 592 904 677 Qua
928 590 1018 658 dere
1041 592 1201 681 praeclare
1217 592 1255 661 ad
1272 591 1360 660 huno

174 714 277 784 locum
295 716 329 808 (l.
347 715 389 805 l.)
405 716 584 805 agitcontra
602 715 763 783 Calvinum
779 724 885 782 noster
898 714 1120 803 Stapletonius.
1140 753 1184 764 -
1199 717 1242 805 Tp
1259 740 1362 780 πιστει

175 852 205 908 et
220 865 263 927 τῳ
280 840 399 930 ᾱριθμῳ
416 851 488 908 sunt
504 839 606 907 Dativi
624 838 811 907 relationis.'
822 837 903 908 Vide
915 839 974 906 Gr.
993 860 1025 927 p.
1042 841 1120 906 Md.
1136 842 1169 906 5.
1188 877 1232 888 --
1249 841 1362 930 Aaypa

174 965 293 1033 Graece
310 964 438 1053 proprie
454 984 515 1031 non
534 966 715 1030 doctrinam
738 962 908 1051 significat,
930 960 986 1029 sed
1009 965 1190 1046 decretum,
1210 962 1276 1029 sive
1291 964 1362 1046 pla-

179 1091 287 1154 citum.

226 1335 326 1401 6-7.
354 1335 565 1398 Transeuntes
581 1340 686 1396 autem
699 1329 894 1418 Pdrppiom,
912 1327 1003 1418 etc).
1019 1330 1198 1398 Occurrunt
1215 1330 1276 1399 lroc
1292 1331 1361 1397 loen

181 1459 298 1526 noristi
317 1456 488 1546 Partioipia
511 1455 567 1522 tria
588 1451 812 1544 (διελθοντες...
838 1452 1051 1532 soledetate„
1070 1452 1211 1542 ελθοντες)
1228 1454 1362 1543 asynde-

181 1582 241 1648 tice
264 1580 452 1669 composita3
469 1578 548 1645 inter
572 1597 651 1667 quae
668 1575 745 1644 haec
769 1579 847 1645 ratio
864 1589 928 1659 est,
947 1587 981 1644 ut
996 1574 1165 1651 κολυθεντες
1182 1575 1361 1653 stellantes

179 1705 322 1793 proxime
344 1703 517 1791 pertineant
539 1700 579 1768 ad
602 1700 733 1769 verbum
756 1701 893 1768 Finitum
911 1704 1077 1791 επειραζον.
1096 1701 1213 1789 Salutis
1229 1701 1363 1770 Partiri-

178 1828 239 1917 piis
255 1828 287 1894 in
303 1825 396 1893 verba
414 1825 533 1906 Finita,
552 1836 746 1913 praesentem
763 1824 865 1892 looum
884 1824 991 1891 Latine
1004 1824 1050 1891 sio
1063 1824 1237 1892 reddideris
1254 1851 1262 1893 ε
1279 1826 1361 1893 Cum

178 1962 284 2017 autam
307 1958 533 2034 peropras'sent
555 1947 735 2034 Pltrppiam
758 1959 787 2013 el
812 1947 989 2014 Galaticum
1011 1953 1190 2033 rapientem,
1216 1963 1363 2018 vetaren-

182 2087 294 2162 turpue
316 2096 337 2140 a
358 2073 486 2158 Spiritu
508 2073 625 2141 Sancto
648 2075 775 2140 cerdtrm
801 2076 863 2138 Dei
873 2068 966 2159 'inpari
989 2076 1025 2139 in
1046 2076 1148 2152 Asia,
1167 2079 1202 2140 in
1218 2077 1362 2160 Mysiam

181 2205 350 2276 uenerunt,
375 2205 469 2280 atque
496 2198 567 2261 inde
595 2197 755 2263 tentabant
774 2197 936 2280 proficisci
959 2198 993 2261 in
1018 2197 1203 2281 Bithyniam
1210 2222 1227 2281 ,·
1249 2219 1362 2264 oerum

181 2322 215 2385 id
239 2321 305 2385 illis
329 2341 393 2384 arou
414 2322 564 2404 permisit
586 2321 729 2404 Spiritus
753 2322 842 2387 Iesu.

228 2445 262 2510 ln
290 2442 342 2510 illa
371 2463 428 2532 per
454 2444 624 2512 Galaticum
653 2444 810 2532 regionem
838 2442 1084 2532 peregrinatione
1108 2452 1182 2508 tunc
1210 2443 1363 2533 temporis

182 2589 198 2635 a
216 2567 312 2635 Paulo
337 2567 502 2655 plantatam
525 2566 621 2634 inisse
645 2567 824 2636 Galatarum
841 2567 1033 2646 Ecclesiam,
1048 2577 1094 2633 sat
1110 2578 1195 2633 certo
1213 2567 1268 2634 tihi
1286 2588 1363 2635 con·

183 2690 293 2771 stabit,
313 2691 338 2756 si
356 2710 483 2778 eaquae
499 2691 625 2780 scripsit
642 2690 679 2759 ad
693 2691 816 2760 Galatas
828 2689 921 2781 (Gap.
937 2690 999 2771 lV,
1014 2710 1061 2757 rs.
1079 2690 1139 2770 ts,
1158 2710 1230 2778 sqq.
1250 2691 1364 2758 collato

183 2836 231 2882 vs.
264 2817 317 2902 19)
344 2814 513 2881 contuleris
541 2835 612 2884 cum
641 2815 790 2882 relatione
818 2817 920 2882 Lucae
947 2814 1034 2903 (Act.
1063 2795 1173 2882 XVlll
1202 2839 1210 2880 ε
1240 2810 1297 2893 23)
1325 2814 1365 2882 de

184 2937 370 3005 Christianis
385 2937 503 3008 Galatis
519 2957 536 3004 a
552 2939 648 3014 Panlo
664 2939 794 3006 visitatis
811 2949 841 3005 et
857 2939 888 3005 in
912 2948 1056 3027 suscepta
1078 2935 1139 3004 fide
1156 2935 1362 3005 confirmatis.

184 3061 277 3130 Nullo
301 3063 383 3129 enim
407 3072 587 3150 argumento
610 3061 688 3129 effici
713 3073 824 3152 potest,
852 3062 982 3129 Paulum
1000 3072 1048 3127 ter
1065 3061 1096 3127 in
1114 3060 1233 3127 Galatia
1252 3060 1360 3128 luisse.

180 3185 254 3252 Asia
284 3197 386 3253 autem
420 3205 499 3274 quae
531 3184 584 3251 hic
614 3183 746 3267 dicitur,
788 3185 969 3274 intelligitur
1007 3185 1082 3251 Asia
1119 3189 1362 3269 proconsularis

178 3309 312 3399 (Mysia,
332 3308 449 3396 Lydia,
468 3319 499 3377 et
513 3307 630 3395 Caria),
649 3321 683 3378 ut
698 3331 793 3400 supra
808 3305 885 3401 Cap.
906 3313 954 3390 ll,
973 3332 1020 3379 vs.
1043 3313 1076 3378 9.
1096 3349 1140 3360 —
1158 3313 1362 3399 Evangelium

180 3432 221 3500 ibi
236 3433 416 3523 praedicare
432 3432 515 3500 vetiti
529 3444 602 3501 sunt
616 3434 738 3503 interno
755 3435 888 3524 quodam
905 3435 1041 3524 Spiritus
1058 3434 1161 3502 Sancti
1179 3434 1359 3503 dictamine.

180 3559 335 3626 Nimirum
351 3559 492 3626 voluntas
507 3558 567 3624 Dei
591 3567 674 3638 erat,
688 3569 723 3625 ut
744 3558 804 3626 iam
821 3559 875 3627 lux
892 3559 1076 3646 Evangelica
1092 3559 1123 3625 in
1141 3560 1270 3647 Europa
1288 3579 1361 3628 exo-

179 3684 304 3752 riretur.
321 3683 450 3752 Locutio
468 3683 612 3768 Spiritus
629 3683 706 3749 Iesu
722 3682 812 3751 docet
836 3684 993 3768 Spiritum
1017 3683 1172 3750 Sanctum
1189 3683 1362 3771 procedere

177 3808 269 3877 etiam
285 3828 303 3875 3
320 3808 412 3875 Filio.
431 3806 479 3873 Ci.
499 3808 591 3873 Rom.
613 3806 690 3874 Vlll
710 3827 717 3868 :
737 3809 757 3874 9
775 3818 805 3873 et
820 3805 960 3897 Philipp.
979 3808 1056 3896 Gap.
1076 3807 1089 3872 l
1110 3831 1118 3872 ε
1141 3807 1195 3872 19.

220 4058 254 4124 8.
282 4055 360 4122 Cum
376 4066 481 4120 autem
495 4056 744 4138 pertransissent
759 4054 915 4138 Mysiam
930 4055 1158 4121 descenderunt
1173 4056 1202 4119 Τ
1202 4058 1358 4140 roademl.

174 4183 273 4248 Troas
302 4190 332 4246 et
358 4178 493 4267 regionis
519 4189 548 4245 et
574 4176 661 4244 urbis
688 4197 800 4244 nomen
829 4185 887 4244 est.
916 4178 1016 4244 Troas
1044 4181 1133 4263 repis
1162 4167 1228 4247 erat
1259 4192 1361 4250 terrae

175 4315 291 4372 tractus
318 4302 357 4370 ab
385 4312 516 4390 utraque
543 4300 661 4387 Mysia,
691 4300 803 4366 minori
833 4311 863 4367 et
889 4299 1019 4379 maiori,
1045 4300 1201 4382 inclusus,
1226 4314 1257 4370 et
1287 4315 1360 4378 tunc

174 4428 324 4517 temporis
340 4426 388 4494 sui
405 4426 499 4505 iuris,
515 4445 573 4492 nec
588 4424 626 4493 ad
644 4424 750 4492 Asiam
767 4425 1033 4513 proconsularem,
1053 4444 1110 4492 neo
1123 4424 1161 4492 ad
1175 4424 1356 4512 Bithyniam
