3074 5054
176 360 242 426 tuo
529 360 663 427 AG'l'US
693 360 1048 441 musmonem.

223 554 277 620 18.
305 553 443 630 Quidam
460 564 565 620 autem
588 556 746 640 Epicurei
761 566 792 625 et
814 555 923 641 Stoici
936 557 1135 640 philosophi,
1153 553 1244 643 eto).
1267 555 1368 620 Erant

176 675 307 745 Athenis
341 687 414 743 tuuc
447 677 597 766 temporis
633 690 767 768 quatuor
798 679 1058 768 philosophorum
1092 691 1213 761 sectae,
1247 699 1367 769 nempe

176 799 334 868 Platonico
346 800 412 868 sive
423 800 623 882 Academica,
642 803 839 870 Aristotelioa
855 804 922 871 sive
938 803 1156 893 Peripatetica‚
1172 804 1384 894 Epicuraee„

175 937 204 992 et
220 925 342 1007 Stoica,
358 926 448 993 cuius
470 938 579 994 auctor
594 930 690 996 Zeno.
711 930 745 994 ln
763 927 914 997 suburbio
931 951 1018 997 suam
1035 929 1190 997 habebant
1207 930 1364 998 Platonici

175 1049 381 1132 academiam,
411 1062 440 1117 et
472 1073 637 1140 περιπατρν
665 1073 757 1120 sunm
788 1052 998 1131 Aristotelici3
1025 1054 1204 1121 Stoicorum
1228 1073 1305 1120 vero
1334 1065 1367 1119 et

176 1176 421 1263 Epicuraeorum
446 1175 572 1243 scholae
593 1177 625 1243 in
648 1177 715 1265 ipsa
734 1186 821 1243 eraut
841 1176 931 1244 urhe.
957 1177 1072 1244 Nescio
1091 1189 1212 1257 tomen,
1229 1197 1270 1242 au
1289 1175 1367 1244 hino

176 1304 272 1391 repeti
291 1304 387 1391 possit
406 1296 519 1383 eausa,
538 1325 595 1372 eur
610 1305 642 1371 iu
659 1306 743 1373 solos
759 1306 881 1373 Stoicos
898 1318 929 1373 et
944 1306 1136 1394 Epicuraeos
1152 1304 1367 1395 philosophos

176 1427 290 1496 Paulus
318 1427 474 1495 inciderit.
505 1429 596 1496 Certe
612 1430 647 1498 S.
665 1431 856 1518 Augustinus
880 1431 973 1497 aliam
994 1429 1088 1499 huius
1106 1431 1149 1496 rei
1168 1449 1297 1498 eausam
1314 1450 1368 1496 as·

176 1553 275 1642 signat
296 1556 414 1644 (Tract.
438 1558 477 1621 de
497 1558 688 1639 Epicuroeie
707 1567 738 1621 et
758 1557 876 1623 Stoicis
899 1558 976 1646 Cap.
1002 1555 1076 1642 lV).
1091 1595 1135 1606 --
1151 1556 1271 1624 Sensus
1291 1567 1366 1624 est:

177 1676 292 1743 Paulus
309 1677 340 1743 iu
357 1677 424 1745 loro
444 1677 483 1745 de
499 1699 534 1745 re
550 1679 692 1767 religiosa
709 1680 847 1769 quotidie
862 1683 957 1747 uerba
972 1682 1108 1767 sueiehut
1123 1677 1308 1770 (ireieyero)
1324 1684 1369 1746 ud

176 1802 282 1867 obvios
305 1805 429 1889 quosvis
447 1807 532 1893 (προς
555 1825 624 1878 τους
646 1807 962 1894 superimponemus),
982 1805 1036 1894 qui
1055 1825 1146 1871 aures
1163 1805 1190 1870 ei
1210 1803 1367 1893 praebere

177 1926 480 2008 vellent-Nonnulli
494 1949 568 1994 uero
584 1933 678 1996 etiem
703 1939 790 2019 (τινες
804 1925 836 1994 ie
852 1929 916 2012 και)
941 1929 1122 2019 philosophi
1148 1929 1316 2017 Epicuraei
1336 1941 1368 1997 et

177 2049 273 2117 Stoici
298 2049 414 2120 ibidem
439 2072 510 2119 eum
528 2053 677 2140 Apostolo
697 2055 946 2138 disputationem
962 2052 1117 2121 habebant
1132 2047 1364 2139 (συνεβαλλον).

177 2175 223 2239 Et
239 2177 370 2259 quietum
388 2174 451 2256 (και
466 2180 553 2258 τινες)
575 2174 710 2242 ludibrio
726 2197 798 2244 eum
815 2176 983 2255 habeuteS,
1004 2176 1149 2244 dicebant
1167 2201 1175 2242 ε
1194 2173 1281 2260 Quid
1298 2186 1369 2243 tau·

177 2297 247 2364 dem
272 2297 376 2365 dicere
400 2298 464 2366 vult
484 2299 536 2365 ille
557 2299 674 2367 blateso
691 2309 766 2389 (mot
788 2324 862 2386 mop
878 2303 929 2366 die
946 2302 1093 2367 lrolceluor
1110 2302 1179 2366 loch
1193 2303 1306 2366 willon
1319 2299 1368 2388 (τι

177 2444 213 2485 αν
238 2419 328 2501 θελοι)
349 2421 505 2510 uppem?
525 2422 587 2490 Alii
610 2442 685 2491 vero
709 2423 851 2491 dicebant
872 2446 879 2487 :
904 2425 1072 2512 Peregrina
1095 2423 1221 2491 numina
1242 2442 1366 2489 annuu-

178 2549 254 2614 tiare
277 2546 417 2614 videturt
444 2547 600 2614 Nimirum
625 2546 739 2614 Paulus
764 2547 961 2637 praedicabat
980 2550 1084 2615 lesum
1108 2547 1167 2614 Dei
1193 2545 1315 2625 lilium,
1335 2558 1367 2614 et

179 2671 313 2740 futuram
331 2694 347 2740 a
365 2673 495 2741 mortuis
512 2673 788 2755 resurrectionem
807 2685 837 2741 et
861 2674 933 2762 quia
957 2675 1059 2741 lesum
1078 2673 1136 2740 Dei
1154 2672 1253 2739 lilium
1273 2692 1365 2761 prae·

180 2794 320 2877 dicabat,
338 2797 575 2885 peregrinorum
600 2797 761 2865 numinum
787 2816 899 2885 praeco
916 2795 1082 2885 putabatur
1098 2794 1135 2862 ab
1156 2794 1223 2873 his;
1242 2793 1365 2862 abillis

180 2939 254 2985 vero
271 2919 407 2987 ludibrio
424 2919 611 3000 habebatur,
630 2921 732 3009 utqui
751 2919 1010 2987 resurrectionem
1033 2938 1051 2985 a
1072 2918 1203 2985 mortuis
1220 2916 1363 2986 doceret.

226 3045 381 3114 Videntur
404 3048 552 3112 uouoolti
569 3049 619 3111 itti
632 3049 718 3129 (τινες
743 3041 775 3108 ie
798 3045 861 3128 και)
878 3042 1057 3132 philosophi
1075 3064 1136 3110 non
1153 3063 1222 3110 esse
1245 3043 1365 3111 diversi

180 3167 293 3248 abiis,
313 3188 445 3258 quorum
472 3189 566 3259 porro
584 3169 712 3236 dicteria
729 3168 875 3235 citantur.
894 3167 1027 3255 Utrique
1046 3165 1246 3255 philosophi,
1264 3168 1367 3235 Stoici

180 3303 210 3360 et
242 3293 426 3382 Epicuraei,
458 3293 633 3359 animorum
667 3290 817 3379 negabant
848 3289 1123 3377 immortalitatem.
1154 3291 1236 3376 Ergo
1264 3310 1366 3376 quum

181 3419 314 3497 Paulus,
345 3417 529 3497 interulis,
560 3417 693 3483 suturam
721 3435 847 3505 quoque
874 3424 1068 3481 mortuorum
1101 3413 1367 3481 resurrectionem

180 3543 247 3632 (την
273 3538 459 3626 arcerano)
483 3541 692 3631 praedicaret,
719 3539 786 3606 fieri
813 3539 928 3629 potuit,
955 3549 989 3605 ut
1013 3537 1087 3605 hino
1111 3536 1155 3603 illi
1181 3533 1366 3626 philosophi

180 3666 274 3757 (τινες
291 3662 323 3730 δε
339 3690 389 3729 και
411 3663 598 3753 συνεβαλλον
615 3663 719 3750 aurp)
735 3656 930 3731 occasionem
946 3660 1122 3751 disputandi
1141 3679 1213 3726 cum
1230 3679 1267 3726 eo
1285 3660 1368 3727 arri-

181 3791 316 3880 pueriut.

226 3912 422 4002 Συμβαλλειν
449 3937 506 3979 τινι
534 3926 580 3982 est
607 3935 676 3980 cum
705 3916 813 3999 aliquo
840 3916 1008 3998 conferre,
1040 3922 1112 4000 puta
1142 3907 1267 3999 λογους,
1298 3932 1368 3977 ser-

180 4061 309 4124 moues5
346 4037 419 4105 hine
454 4040 605 4125 colloqui,
635 4040 809 4134 disputare.
837 4037 908 4103 Vox
932 4032 1140 4127 σπερμολογος
1164 4040 1197 4120 (a
1223 4056 1364 4124 σπερμα,

181 4185 303 4247 semem,
329 4183 486 4247 prauum,
506 4173 536 4228 et
552 4160 630 4251 ispo
647 4161 768 4245 coilipo)
794 4161 923 4250 proprie
947 4160 1074 4239 dicitur,
1101 4157 1185 4247 quod
1209 4156 1262 4223 hic
1281 4168 1366 4226 notat

180 4287 383 4365 KuinoeliuS,
410 4285 449 4355 de
473 4286 581 4353 avibus
609 4285 788 4374 leugilegis‚
819 4304 899 4374 quae
927 4283 958 4348 iu
986 4283 1068 4370 egris
1096 4281 1256 4348 seminatis
1285 4282 1366 4348 inter

177 4409 281 4480 sulcos
302 4430 363 4478 uon
388 4409 465 4477 bene
492 4409 568 4476 oeci
592 4408 760 4499 depressos
788 4408 926 4497 projecta
951 4404 1069 4472 semina
1093 4402 1263 4490 eolliguut3
1292 4422 1363 4490 spe-
