3074 5054
194 391 258 456 196
539 389 672 458 ACTUS
718 388 1049 504 Arosuonoautt,

192 580 268 649 tioni
285 579 377 648 alicui
394 578 493 668 ipsius
510 578 644 668 Spiritus
669 580 772 648 Sancti
797 581 924 648 resistit.
943 581 1065 649 Deinde
1081 582 1158 650 hacc
1173 585 1368 667 resistentia,

191 705 230 773 dc
246 726 306 796 qua
325 705 377 773 hic
392 704 566 795 Stephanus
591 705 741 795 loquitur,
760 707 918 775 excondis
937 707 1051 775 duritie
1067 709 1236 779 oriebatur.
1255 714 1367 793 Dura,

189 833 305 923 inquit,
332 835 470 915 cervice,
496 834 726 898 incircumcisis
750 833 896 899 cordibus
925 845 955 898 et
978 836 1119 900 curibus.
1144 837 1239 925 Atqui
1261 839 1369 907 cordis

188 959 317 1027 durities
341 957 479 1024 circaea
507 957 633 1045 proprie
657 967 808 1038 versatur,
833 958 946 1046 quihus
968 979 1024 1026 cor
1047 972 1198 1041 movetur,
1217 962 1366 1049 tangitur,

188 1082 333 1150 afficitur.
351 1082 443 1150 'Pales
474 1090 546 1148 sunt
572 1080 790 1169 inspirationes
819 1081 979 1164 internae;
1011 1084 1141 1170 quaein
1167 1085 1295 1151 materia
1316 1106 1369 1152 sa-

186 1207 260 1275 lutis
288 1216 318 1273 et
344 1206 445 1273 cultus
471 1204 567 1273 divini
594 1225 653 1270 non
679 1206 738 1272 nisi
763 1225 780 1272 a
805 1205 908 1273 divino
937 1206 1056 1296 Spiritu
1083 1220 1278 1296 promanant.
1303 1211 1367 1296 Qui

186 1335 252 1403 sine
275 1333 339 1402 ulio
362 1343 447 1400 motu
471 1331 575 1399 divino
599 1330 788 1419 Prophetam
810 1333 996 1413 contemnit,
1017 1352 1077 1399 non
1101 1334 1217 1402 resistit
1239 1337 1369 1424 proprie

186 1468 216 1526 et
243 1457 360 1525 directe
388 1454 518 1544 Spiritui
543 1455 673 1533 Sancto,
703 1464 808 1544 utpote
833 1456 886 1544 qui
914 1455 992 1522 nihii
1020 1476 1090 1523 eum
1120 1456 1278 1539 mouebat,
1308 1458 1367 1526 sed

186 1580 301 1648 resistit
320 1598 472 1669 personae
493 1596 586 1666 quam
607 1577 710 1656 audit,
730 1588 782 1644 aut
805 1577 976 1646 rationibus
999 1579 1129 1647 fortasse
1152 1600 1228 1668 quas
1244 1581 1364 1661 adfert,

185 1726 318 1796 quorum
338 1714 482 1771 neutrum
499 1703 634 1792 Spiritus
651 1703 782 1770 Sanctus
798 1714 856 1770 εει.
874 1705 940 1770 Νεε
957 1702 1018 1771 hoc
1042 1704 1110 1772 ioco
1136 1704 1364 1794 Prophetarum

184 1830 238 1898 sed
262 1829 362 1918 ipsius
377 1827 437 1894 Dei
461 1846 586 1895 causam
608 1827 669 1915 agit
690 1825 882 1915 Stephanus,
905 1828 955 1895 cui
977 1827 1108 1896 iudaeos
1132 1849 1256 1918 semper
1273 1832 1366 1898 resti-

183 1956 257 2023 tisse
278 1953 427 2035 affirmat3
451 1956 551 2037 sicut,
577 1953 697 2041 inquit,
719 1965 828 2037 putres
855 1958 964 2021 vestri.
990 1956 1131 2040 Quorum
1154 1956 1363 2024 resistentiam

182 2077 362 2147 describens
377 2076 478 2145 Dauid
494 2077 535 2144 ait
554 2103 562 2145 ε
584 2076 686 2143 Hodie
702 2080 730 2143 si
744 2098 848 2142 ccccm
871 2082 937 2142 cius
960 2080 1139 2161 audieritis,
1154 2081 1251 2144 nolite
1266 2082 1365 2146 obda-

183 2225 258 2269 rnre
274 2204 507 2282 cordavestra,
526 2203 607 2266 sicat
623 2203 658 2265 iu
676 2204 817 2284 deserto,
838 2211 897 2268 etc.
920 2202 1059 2283 Deinde,
1078 2203 1104 2269 si
1129 2203 1273 2270 resistere
1290 2203 1364 2292 Spi-

182 2328 255 2396 ritui
277 2328 389 2396 Sancto
413 2337 459 2394 est
481 2337 598 2393 tantum
624 2325 769 2392 resistere
792 2326 964 2393 ministerio
988 2339 1135 2405 externo,
1154 2348 1226 2416 ergo
1243 2338 1273 2394 et
1288 2327 1364 2395 ohe-

181 2451 267 2530 dire,
286 2451 334 2518 vei
351 2449 480 2518 credere
495 2449 625 2538 Spiritui
643 2449 755 2517 Sancto
780 2450 838 2516 erit
862 2460 979 2517 tantum
1001 2451 1149 2532 credere,
1166 2452 1214 2518 vel
1231 2450 1363 2519 obedire

181 2575 361 2643 hominihus
378 2584 407 2641 et
423 2586 567 2641 externae
584 2574 818 2662 praedicationi.
837 2575 1070 2642 Contrariorum
1087 2576 1170 2643 enim
1187 2576 1293 2644 eadem
1313 2589 1362 2644 est

182 2699 271 2766 ratio.
303 2700 372 2766 Hoc
399 2709 501 2766 autem
529 2697 640 2778 modo,
663 2719 720 2765 nec
748 2698 800 2788 qui
823 2699 923 2766 credit
946 2720 981 2765 ex
1011 2698 1072 2767 fide
1099 2700 1222 2780 credet,
1242 2699 1296 2767 sed
1321 2721 1361 2768 ex

180 2821 314 2890 humana
333 2822 436 2911 aliqua
452 2822 671 2911 persuasionc;
687 2842 745 2889 nec
761 2823 814 2910 qui
832 2822 965 2904 resistit,
979 2843 1016 2889 ex
1033 2821 1162 2911 perfidie
1178 2834 1209 2889 et
1223 2821 1361 2890 infideli-

179 2957 239 3014 tate
268 2947 320 3013 illa
348 2945 496 3035 positiva,
528 2964 621 3033 quarn
654 2955 780 3025 vocant,
812 2946 953 3025 resistet,
983 2946 1036 3013 sed
1071 2947 1117 3013 vel
1149 2945 1253 3034 aliquo
1281 2946 1359 3014 vitio

179 3070 306 3149 morali,
330 3069 423 3136 veluti
453 3068 621 3156 pertinacia
645 3067 793 3156 quadam,
823 3069 871 3135 vel
894 3080 977 3136 certe
997 3070 1063 3135 sine
1089 3069 1152 3135 ullo
1177 3068 1299 3135 mortali
1321 3089 1360 3137 ao

178 3214 260 3276 noro
281 3203 426 3282 peccat03
446 3192 519 3280 quia
542 3211 603 3258 non
624 3200 746 3257 tenetur
767 3190 825 3258 suh
850 3213 928 3258 nouo
950 3203 1076 3281 peccato
1100 3192 1132 3259 id
1154 3192 1302 3271 credere,
1318 3193 1358 3261 ad

178 3317 261 3408 quod
282 3315 471 3384 credendum
495 3315 685 3405 praesidium
708 3316 823 3403 gratiae
846 3336 906 3382 non
929 3315 1038 3396 hahet,
1057 3317 1202 3405 sineque
1226 3316 1359 3384 credere

178 3463 238 3511 non
262 3434 374 3531 potest.
400 3439 488 3507 Sicut
510 3439 592 3506 enim
613 3458 704 3506 nemo
727 3449 853 3528 peccat,
867 3438 899 3506 id
914 3449 978 3520 est,
997 3460 1087 3506 nemo
1109 3459 1223 3507 nouum
1244 3459 1359 3528 pecca·

179 3578 243 3634 tum
266 3563 429 3633 committit
452 3563 484 3629 in
507 3582 543 3629 eo
567 3561 724 3639 saciando,
752 3561 835 3652 quod
857 3562 952 3628 vitare
974 3582 1035 3629 non
1058 3572 1176 3650 potest;
1195 3562 1242 3628 sic
1262 3562 1356 3629 etiam

177 3712 267 3759 nemo
291 3699 417 3780 peccat,
439 3698 492 3755 aut
519 3707 633 3753 novum
663 3686 824 3775 peccatum
852 3685 1015 3754 committit
1042 3687 1073 3752 in
1101 3706 1137 3752 eo
1166 3685 1355 3768 omittendo,

178 3813 262 3905 quod
286 3817 443 3903 praestare
459 3828 519 3875 non
538 3819 649 3897 potest.
669 3809 797 3875 Resistit
813 3809 906 3895 igitur
920 3807 1050 3895 Spiritui
1067 3807 1197 3888 Sancto,
1216 3808 1269 3897 qui
1286 3809 1357 3877 eius

178 3940 307 4009 internis
331 3937 466 4006 motibus
483 3936 616 4015 resistit3
632 3935 713 4002 sicut
728 3934 827 4002 credit
847 3934 976 4024 Spiritui
998 3937 1127 4014 Sancto,
1147 3933 1200 4022 qui
1224 3934 1292 4000 eius
1310 3934 1357 4001 di·

177 4067 257 4134 vinis
282 4063 417 4132 motibus
439 4061 639 4149 obsequitur,
658 4079 811 4148 suumque
829 4079 989 4126 assensum
1012 4056 1149 4146 praehet.
1168 4056 1246 4143 Quis
1270 4058 1355 4126 enirn

176 4190 313 4267 dubitat,
340 4186 484 4254 resistere
507 4185 575 4251 Deo
600 4203 668 4250 esse
691 4182 737 4270 ah
753 4202 789 4251 eo
814 4182 994 4263 dissentire,
1019 4181 1110 4247 sicuti
1135 4179 1353 4269 obtemperare

175 4318 244 4384 Deo
261 4324 307 4382 est
323 4314 350 4380 ei
367 4309 564 4380 consentire?
580 4309 610 4377 V
611 4328 699 4375 erum
717 4308 840 4398 quidem
858 4318 921 4388 est,
939 4327 992 4372 eos
1008 4325 1115 4372 omnes
1133 4305 1186 4393 qui
1203 4304 1354 4371 resistunt

175 4438 358 4527 Prophetis,
377 4434 522 4502 resistere
538 4433 624 4511 Deo,
646 4442 797 4520 quatenus
818 4432 876 4499 Dei
900 4449 1063 4520 personam
1089 4427 1265 4517 Prophetae
1280 4448 1351 4496 sus-
