3074 5054
177 398 243 465 498
550 395 684 463 Ausus
707 393 1039 473 APOSTOLORUM,

176 607 231 654 sna
251 585 414 654 commoda
439 596 587 674 quoerant
610 596 640 653 et
662 585 819 652 utilitates.
841 625 884 634 -
907 588 975 653 Non
993 605 1124 663 aurum,
1151 585 1274 672 inquit,
1297 606 1359 654 non

175 719 355 797 argentum,
381 728 441 774 non
467 717 583 775 vestem
608 708 793 796 cuiusquam
814 710 991 798 concupivi.
1016 710 1112 787 Nam,
1139 718 1172 773 nt
1197 707 1257 794 ipsi
1280 707 1360 773 bene

175 835 291 911 nostiS,
306 852 416 900 manns
428 831 487 900 hae
499 832 736 922 suppeditarunt
749 853 784 900 ea
798 855 876 921 qnae
893 833 969 902 mihi
987 844 1016 899 et
1032 831 1158 919 collegis
1176 831 1255 898 meis
1272 843 1360 899 erant

174 958 361 1026 necessaria.
386 957 581 1021 Pereuntia
606 955 730 1042 (curru)
753 957 895 1045 exemplo
913 977 981 1023 meo
1006 956 1094 1023 vobis
1111 955 1245 1036 ostendi,
1264 976 1360 1045 opor·

174 1090 238 1147 tere
268 1080 426 1147 ministros
461 1077 620 1165 Evangelii
655 1080 700 1144 sic
735 1079 852 1165 (οὑτω,
882 1080 904 1145 i.
935 1100 964 1145 e.
996 1079 1091 1167 opera
1119 1075 1301 1164 monnarii)
1328 1100 1361 1143 se

172 1206 339 1290 sallputtdn
358 1201 565 1293 (κοπιῶντας)
583 1202 744 1291 suscipere
768 1201 1085 1291 (αντιλαμβανεσθαι)
1111 1203 1256 1271 infirmos
1282 1202 1359 1288 fide,

175 1339 206 1396 et
221 1328 400 1396 meminisse
422 1326 588 1394 verborum
604 1327 731 1393 Domini
749 1328 840 1409 lesu,
858 1328 978 1396 scilicet
993 1331 1075 1413 quod
1091 1331 1158 1412 ipse
1174 1324 1236 1416 (ὅτι
1253 1324 1360 1410 αυτος)

174 1458 259 1520 dixit
275 1481 284 1519 :
302 1457 433 1520 Bantius
450 1465 496 1520 est
512 1456 590 1519 doro
606 1476 701 1538 quum
723 1457 877 1537 usurpare.

188 1638 193 1644 .
218 1579 322 1664 Quum
339 1577 455 1645 diceret
468 1577 637 1666 Apostolus
653 1603 661 1643 z
680 1599 795 1643 tonores
812 1581 883 1662 loce,
899 1598 1008 1645 manus
1024 1597 1096 1644 snas
1113 1577 1301 1644 extenderit.
1317 1616 1361 1628 —

176 1704 211 1769 lu
235 1701 391 1772 locutione
413 1727 480 1775 ταις
502 1723 618 1790 χρειαις
643 1725 702 1787 μου
729 1727 781 1765 και
809 1726 870 1775 τοις
901 1726 969 1765 anot
994 1701 1057 1787 μετ’
1077 1724 1151 1787 apoc
1179 1711 1226 1767 esl
1254 1705 1361 1768 ortelio

175 1828 313 1893 variato.
333 1826 524 1913 Numquam
550 1825 680 1892 dixisset
695 1850 761 1900 ταις
777 1849 891 1917 χρειαις
910 1849 987 1911 μου,
1006 1825 1102 1892 series
1120 1825 1270 1892 orationis
1288 1847 1362 1913 pos·

174 1947 289 2015 lulabul
309 1960 343 2014 ul
367 1958 508 2037 pergeret
529 1946 660 2014 diceudo
688 1972 695 2012 :
719 1973 768 2010 και
789 1970 849 2011 των
876 1970 967 2011 οντων
993 1953 1056 2033 μετ’
1080 1970 1167 2033 epac.
1186 1987 1231 1996 —
1249 1947 1362 2012 Παντα

173 2074 283 2140 Neulr.
310 2070 397 2138 Plur.
423 2093 482 2155 per
504 2075 631 2153 omilin,
651 2074 685 2136 t'rt
702 2074 860 2152 omnibus,
879 2083 912 2138 ul
932 2073 944 2138 1
963 2073 1036 2138 Cor.
1056 2074 1087 2138 X
1107 2097 1114 2139 :
1135 2075 1191 2140 55.
1209 2072 1259 2139 Cl.
1279 2075 1362 2140 utat-

176 2196 240 2263 lhit't
255 2196 274 2284 S
290 2197 368 2264 425.
379 2233 422 2245 ·-
437 2196 573 2258 Koutoo‘
585 2205 618 2261 ul
634 2197 647 2261 Ι
661 2197 734 2262 Cur·
755 2197 800 2264 lV
821 2221 828 2262 :
850 2198 957 2263 12—
975 2192 1281 2281 Αντιλαμβανεσθαι,
1303 2218 1363 2280 ap·

171 2321 387 2403 prehendero,
404 2340 536 2384 montem
557 2320 689 2383 iniicere
697 2368 710 2401 ,
733 2340 862 2383 utentem
879 2321 1066 2384 oditttrt'cettt
1082 2320 1249 2401 percipere
1266 2329 1362 2405 utpote

174 2446 218 2508 ita
233 2444 391 2508 sustinere
407 2445 591 2525 lapsantem.
611 2478 654 2488 -
671 2438 871 2515 Αστενουντες
888 2452 959 2507 sunt
975 2440 1089 2506 infirmi
1107 2443 1182 2524 fido,
1203 2441 1291 2520 taleS,
1313 2443 1360 2508 in-

174 2585 281 2654 quam,
300 2566 367 2653 qui,
386 2565 411 2632 si
429 2575 554 2653 sumptu
570 2576 783 2651 gravarentur,
799 2565 888 2632 lacile
904 2564 1150 2652 suspicarentur,
1169 2563 1356 2652 Apostolum

176 2687 383 2774 evangelizare
404 2688 452 2754 sni
476 2688 622 2777 quaestds
647 2708 758 2768 causa,
776 2698 867 2776 atque
891 2689 931 2753 ita
952 2685 1156 2753 redderentur
1177 2707 1193 2752 a
1218 2686 1363 2754 doctrina

178 2810 362 2898 Euangeliou
385 2810 561 2878 alieniores.
587 2810 637 2877 uf.
655 2793 669 2874 Ι
686 2813 759 2878 Cor.
779 2812 826 2877 tx
845 2833 852 2870 τ
874 2812 934 2894 tu,
957 2811 997 2876 ts
1015 2820 1044 2875 et
1060 2813 1081 2876 2
1097 2811 1171 2876 Cor.
1190 2811 1255 2876 Xll
1274 2830 1282 2870 τ
1306 2812 1359 2878 ll.

223 2933 308 2999 Dicit
328 2929 391 3010 δει,
416 2945 539 3016 oportet
544 2983 557 3016 ,
585 2933 730 3000 videlicet
749 2934 787 3001 ad
812 2932 982 3000 carendum
1009 2931 1233 2998 offendiculum
1257 2933 1362 2999 istius-

177 3055 260 3124 modi
278 3055 485 3124 infirmorum.
504 3056 596 3141 Quod
612 3067 713 3124 antem
734 3057 783 3124 hio
801 3067 952 3124 menrorat
965 3057 1135 3145 Apostolus
1152 3059 1224 3125 lesu
1241 3056 1359 3125 Christi

176 3182 300 3249 ellalum
324 3207 332 3249 ι
356 3184 477 3248 beatius
499 3193 545 3248 est
572 3185 649 3248 dore
676 3205 771 3267 quum
798 3184 958 3267 accipere,
983 3180 1015 3246 id
1039 3200 1135 3268 quum
1159 3182 1306 3270 nuspiam
1330 3182 1360 3249 in

177 3304 275 3372 saeris
293 3304 383 3372 libris
401 3304 531 3392 legatur,
552 3326 591 3372 ex
612 3305 776 3373 traditione
796 3305 946 3372 hauserit.
965 3305 1127 3384 Ceterum,
1147 3303 1266 3372 dictum
1284 3305 1360 3372 illud

177 3427 373 3496 referendum
401 3440 447 3497 est
473 3429 512 3496 ad
540 3430 620 3497 bona
647 3428 840 3518 temporalia.
875 3428 1001 3496 Scilicet
1032 3427 1166 3493 ministri
1200 3429 1359 3516 Evangelii

178 3553 300 3641 quando
317 3553 471 3635 mercedi,
495 3574 573 3642 qnae
596 3553 658 3620 illis
681 3574 738 3641 pro
760 3553 935 3639 evangelico
959 3550 1064 3618 labore
1088 3549 1217 3617 debetur
1235 3550 1266 3640 (l
1284 3553 1358 3620 Cor.

179 3677 226 3742 tx
246 3695 253 3736 τ
273 3675 412 3766 u-lt),
431 3677 625 3755 renunciant,
644 3686 686 3756 et,
705 3686 739 3741 nt
755 3673 896 3763 Apostoli
913 3673 1017 3740 verbis
1035 3683 1103 3738 utar
1120 3670 1210 3762 (ibid.
1226 3694 1275 3740 vs.
1294 3672 1358 3756 ts),

177 3801 248 3864 stne
270 3810 376 3865 sumto
398 3812 522 3883 ponunt
538 3802 771 3882 Eoonpelt'nm,
792 3818 827 3864 eo
845 3799 913 3886 ipso
931 3796 992 3864 dici
1010 3807 1140 3884 possunt
1155 3799 1194 3860 rte
1210 3819 1267 3864 suo
1283 3800 1360 3865 dare

179 3927 272 4004 olils;
289 3933 380 4013 atque
397 3922 438 3990 ita
456 3923 488 3989 in
507 3923 592 4013 ipsos
608 3922 691 3990 cadit
707 3922 785 3990 illud
802 3922 928 3988 Domini
945 3941 953 3982 ε
972 3922 1093 3986 beotius
1110 3931 1159 4002 est
1175 3924 1252 3986 dure
1268 3944 1359 4008 poam

178 4050 329 4133 accipere.
355 4047 434 4115 Nam
462 4048 584 4115 uirtutis
608 4057 655 4114 est
676 4045 766 4124 dare,
792 4045 984 4113 necessitatis
1011 4044 1166 4132 accipere.
1199 4044 1357 4134 Μακαριον

179 4164 453 4254 pellenaeorum
469 4171 583 4253 alapis,
603 4166 637 4235 h.
656 4187 685 4234 e.
706 4167 838 4236 beatius.

225 4397 370 4464 56-58.
395 4399 440 4462 Et
462 4416 533 4464 crant
556 4397 629 4461 llaec
652 4396 803 4479 diruisset,
825 4394 915 4483 etc).
940 4397 989 4463 De
1006 4395 1161 4465 locutione
1177 4397 1236 4471 θεις
1252 4420 1290 4462 τα
1307 4418 1358 4486 po·
