3074 5054
449 389 585 457 CAPUT
620 389 749 469 XVIII,
786 390 909 460 VERS.
950 394 1094 461 lit—15.
1294 394 1357 460 tlt

179 582 206 647 in
231 581 308 649 alias
330 583 494 666 praesides
510 580 677 673 (ἡγεμονες)
694 583 869 663 mitterent,
886 581 962 650 allas
986 582 1198 671 relinquerent
1212 583 1357 660 Senatui,

178 726 193 772 3
218 707 463 791 proconsulibus
485 706 678 793 (33633333)
706 704 979 775 administrandas.
1006 708 1091 774 Ilaec
1118 719 1220 774 autem
1247 706 1359 774 divisio

179 849 236 896 non
255 849 380 919 semper
395 849 456 896 una
473 829 644 919 eademque
660 830 791 909 mansit,
809 830 865 897 scd
882 830 974 898 modo
999 828 1073 912 bas,
1092 830 1183 898 modo
1200 830 1268 898 illas
1286 851 1359 919 pro·

177 955 292 1023 vincias
316 976 373 1045 pro
399 955 549 1044 temporis
566 967 596 1022 et
611 955 683 1022 belli
705 955 825 1022 ratione
849 955 909 1023 sibi
934 966 1150 1037 reservarunt,
1164 955 1240 1022 allas
1257 955 1358 1023 reddi-

179 1083 305 1163 derunt,
323 1083 400 1152 alias
413 1082 612 1151 detraxerunt
628 1083 770 1165 Senatui;
790 1103 852 1171 qno
868 1081 983 1150 lactum
1000 1093 1096 1150 estut
1112 1103 1174 1150 una
1189 1082 1359 1170 eademque

177 1207 335 1290 provincia
358 1206 490 1275 diversis
514 1204 709 1295 temporibus
732 1226 815 1273 nuuc
838 1205 998 1294 praesides
1018 1204 1162 1286 haberet,
1190 1226 1273 1273 nnnc
1290 1225 1360 1294 pro-

177 1331 331 1398 consules.
362 1333 409 1398 Ae
437 1330 530 1398 huius
558 1330 684 1419 quidem
720 1329 764 1396 rei
800 1329 992 1397 luculentum
1020 1329 1148 1419 praebet
1181 1329 1358 1419 exemplum

177 1454 336 1542 prouincia
359 1453 488 1522 Achaia.
504 1454 646 1521 Primum
663 1454 745 1520 enim
769 1454 894 1522 Senatui
920 1475 955 1522 33
977 1455 1129 1543 permissa
1145 1465 1192 1521 est
1208 1474 1264 1543 per
1285 1474 1357 1544 pro-

177 1578 319 1646 consules
336 1577 591 1655 administranda,
607 1588 640 1644 nt
653 1597 691 1643 ex
703 1576 806 1644 Dione
819 1578 926 1645 Cassio
941 1578 1023 1659 (Lib.
1040 1576 1098 1666 55)
1112 1588 1204 1667 patet.
1220 1577 1355 1659 Deinde,

177 1703 295 1770 Tiberii
318 1703 529 1791 temporibus,
548 1703 587 1770 iis
612 1705 744 1770 accessit
766 1704 955 1792 provinciis,
981 1705 1011 1771 in
1035 1724 1113 1792 quas
1135 1724 1152 1771 a
1173 1702 1358 1772 Caesaribus

178 1827 323 1914 Augustis
340 1804 499 1915 praesides
515 1818 564 1893 v'eI
582 1837 800 1915 procuratores
814 1828 1009 1895 mitterentur
1022 1827 1110 1910 (Vid.
1124 1828 1226 1894 Tacit.
1241 1827 1311 1894 Lib.
1328 1830 1355 1905 I,

179 1953 257 2018 Anu.
277 1952 354 2040 Cap.
373 1955 434 2029 76,
458 1951 531 2018 coll.
549 1953 646 2020 Dion.
671 1954 798 2032 Cassio,
824 1954 894 2021 Lib.
918 1955 1074 2036 LXVIII,
1093 1956 1170 2040 Cap.
1191 1957 1263 2043 ab).
1293 1953 1357 2022 Sub

179 2080 303 2147 CIaudin
320 2079 444 2147 Senatui
462 2078 580 2146 Achaia
597 2079 734 2161 reddita,
752 2091 782 2147 et
799 2101 856 2169 per
871 2101 1065 2171 consequens
1082 2102 1099 2149 3
1117 2081 1359 2171 proconsulibus

180 2210 387 2278 administrata
407 2209 475 2275 luit.
497 2209 584 2275 Patet
604 2209 635 2276 id
655 2230 693 2275 ex
710 2209 860 2277 Suetonio
877 2210 922 2288 (in
939 2211 999 2277 vita
1019 2209 1139 2277 Claudii
1163 2211 1238 2300 Cap.
1258 2210 1360 2289 15131

181 2334 278 2401 Dione
295 2334 417 2421 Cassio)
433 2332 504 2400 LIb.
519 2335 590 2415 LX,
605 2336 682 2422 Cap.
702 2331 800 2414 ab)...
819 2335 894 2400 Post
910 2344 1042 2400 mortem
1059 2334 1179 2401 Claudii
1197 2334 1359 2401 uniuersae

180 2455 313 2523 Achaiae
337 2455 526 2533 Ilbertatem,
546 2454 579 2522 id
602 2466 648 2522 est
671 2479 854 2543 coronopum
879 2466 910 2522 et
933 2454 1070 2519 33313333
1093 2456 1252 2522 Domitius
1275 2457 1359 2523 Nero

180 2579 277 2659 dedit,
292 2581 402 2669 sicque
417 2580 456 2648 de
474 2599 554 2646 novo
572 2599 607 2646 ea
623 2579 768 2647 Senatum
787 2570 936 2668 privavit,
956 2580 1009 2668 qui
1030 2600 1088 2669 pro
1107 2580 1165 2646 ista
1184 2578 1359 2647 SardIniam

179 2705 296 2794 accepit
308 2705 517 2771 Provinciam.
537 2706 624 2771 Patet
640 2704 672 2771 id
685 2725 723 2771 ex
736 2705 888 2772 Pausania
901 2704 989 2795 (Lib.
1004 2706 1079 2783 VII,
1095 2705 1173 2793 Cap.
1191 2702 1261 2792 17).
1280 2706 1361 2771 Τ33-

180 2828 248 2896 dem
259 2829 473 2917 Vespasianus
486 2827 622 2896 Achaiae
639 2826 812 2896 libertatem
827 2829 954 2910 ademit,
969 2848 1100 2918 eamque
1116 2829 1227 2894 iterum
1241 2828 1272 2894 in
1285 2849 1358 2917 pro·

180 2953 296 3019 vinciae
313 2950 445 3019 sormam
469 2952 587 3040 redegit
602 2954 649 3040 (nt
665 2973 704 3020 ex
720 2952 867 3021 Suetonio
885 2953 928 3039 (in
945 2954 1007 3020 vita
1019 2954 1153 3041 Vespas
1168 2954 1245 3041 Cap.
1265 2950 1358 3038 VIII)

181 3076 286 3164 liquet.
315 3078 400 3143 Ilaec
425 3099 519 3167 quum
546 3079 586 3144 ita
611 3078 689 3159 sint,
714 3077 803 3145 Iacile
820 3077 1013 3165 intelligitur,
1041 3097 1136 3166 quaro
1160 3079 1259 3144 Lucas
1283 3077 1357 3146 Gal-

180 3194 291 3264 lionem
315 3219 376 3264 non
400 3199 550 3288 hyspanus,
577 3199 633 3266 sed
656 3200 899 3263 ανθυπατευοντα
924 3199 1046 3285 Αχαιας
1068 3198 1192 3266 dixerit.
1212 3201 1257 3265 Eo
1274 3200 1356 3265 enim

180 3332 330 3409 temporo,
348 3343 409 3410 qun
426 3322 542 3389 Paulus
558 3321 697 3389 Corinthi
715 3322 790 3403 luit,
807 3321 926 3389 Achaia
942 3321 1101 3410 provincia
1118 3341 1178 3388 uon
1195 3322 1355 3400 Caesaris,

179 3443 231 3511 sed
248 3444 378 3511 Senatus
391 3445 522 3512 Romani
539 3445 677 3535 luit,an
695 3446 895 3526 ανθυπατους,
919 3448 1137 3530 proconsules,
1152 3447 1188 3512 eb
1205 3445 1357 3525 mittebat,

181 3571 280 3658 qualis
305 3573 396 3638 etlam
420 3572 523 3641 Gallio
539 3583 644 3640 noster
668 3573 738 3640 luit.
757 3572 902 3662 Appellat
916 3592 991 3640 vero
1015 3592 1086 3639 eum
1103 3592 1164 3639 333
1189 3572 1360 3637 artacaeon

179 3691 325 3769 Ἑλλαδος
348 3695 403 3762 sed
426 3693 567 3781 Αχαιας,
597 3697 744 3784 quoniam
768 3716 804 3763 eo
829 3706 969 3784 ternpore
992 3704 1054 3761 tota
1075 3694 1127 3762 illa
1149 3707 1235 3763 extra
1259 3698 1361 3763 blace-

181 3816 304 3884 dnuIam
321 3837 393 3907 pars
410 3819 578 3900 Graeciae,
604 3819 654 3886 cui
678 3818 893 3908 proconsulari
918 3817 1051 3906 imperio
1073 3817 1175 3886 Gallio
1199 3827 1358 3907 praeerat,

181 3944 316 4012 Achaiae
333 3945 457 4012 3333133
473 3945 592 4012 solebat
607 3944 844 4034 comprehendi.

226 4069 313 4156 Quae
332 4070 433 4137 Lucas
451 4069 509 4136 hac
528 4071 676 4160 pericopa
693 4073 750 4155 (us.
774 4072 917 4155 ta-trt
936 4081 1071 4147 enarrat,
1089 4088 1126 4135 33
1141 4067 1361 4158 praeterlapsis

179 4196 243 4279 jam
260 4193 320 4259 illis
337 4192 510 4261 octodecim
528 4194 688 4261 mensibus
705 4201 763 4284 (vs.
785 4193 1048 4280 tacendarum.
1068 4192 1281 4280 Colligeudum
1302 4192 1362 4260 hoc

181 4318 304 4386 videtur
320 4340 358 4386 ex
374 4340 421 4388 vs.
443 4320 496 4386 l8.
511 4322 669 4407 -Ergo,
689 4339 751 4407 quo
769 4331 907 4408 tempore
923 4318 1025 4388 Gallio
1042 4317 1179 4385 Achaiae
1193 4322 1363 4402 proconsul

183 4456 253 4510 erut
268 4444 480 4533 (3363333333
497 4444 770 4512 Denominativutn
786 4441 824 4510 ab
838 4443 1006 4518 ανθυπατος
1022 4443 1105 4532 quod
1121 4441 1159 4511 ab
1177 4467 1264 4524 auri,
1283 4447 1359 4525 loco,
