3074 5054
489 387 628 456 CAPUT
664 389 713 470 ΙΙ,
750 387 873 457 VERS.
900 387 1058 457 *ao-m.
1312 389 1353 455 59

176 601 252 672 prae
279 582 410 648 termris
439 579 648 669 magnitudine
675 578 797 648 coelum
825 597 936 658 ruere,
964 590 996 645 et
1022 590 1103 647 terra
1130 578 1281 646 fluctuare
1307 576 1352 643 vi·

177 707 324 776 deantur.
352 734 365 765 ι

221 834 291 897 dies
312 832 446 896 Domini
472 851 607 916 mapnus
634 840 664 895 et
684 827 902 916 manifestus).
933 832 996 897 Pro
1021 832 1213 914 manifestus
1236 828 1269 894 in
1291 831 1353 896 He·

178 954 283 1023 braico
307 954 391 1022 loile
417 953 528 1042 legitur
562 951 650 1037 &aba
673 949 905 1044 (tremendus),
931 972 1024 1042 quam
1049 973 1157 1021 vocem
1181 953 1272 1020 LXX
1293 973 1354 1019 non

179 1077 332 1146 hocloco
357 1087 494 1163 mutum,
509 1075 573 1143 ,sed
596 1087 626 1144 et
649 1076 719 1144 aliis
744 1076 881 1166 quinque
902 1075 979 1144 locis
1003 1096 1060 1165 per
1082 1097 1226 1166 επιφανης
1247 1075 1356 1164 (illur-

179 1201 257 1290 tria)
285 1201 508 1283 reddiderunt3
540 1220 636 1288 quare
662 1220 716 1268 eos
745 1221 802 1289 pro
826 1213 912 1262 aaran
935 1199 1046 1289 legisse
1077 1197 1210 1289 (nabin)
1240 1211 1353 1279 tmiffi,

179 1348 240 1394 non
265 1337 312 1395 est
334 1327 512 1395 coniectura
542 1325 726 1416 probabilis.
759 1324 917 1415 Propheta
939 1325 971 1391 in
993 1334 1170 1413 antegresso
1197 1344 1255 1393 suo
1280 1324 1358 1390 vati-

179 1450 261 1517 cinio
285 1449 324 1518 de
343 1449 516 1518 calamitate
538 1469 557 1517 a
579 1450 707 1518 locustis
728 1449 887 1517 inserenda
909 1450 1001 1538 (Cap.
1020 1449 1074 1516 ll:
1095 1445 1242 1534 lo-ln)
1262 1446 1357 1514 simili

179 1575 272 1642 modo
295 1574 396 1643 luerat
414 1575 536 1643 locutus
556 1600 567 1647 x:
591 1576 620 1640 Α
649 1577 731 1660 sarie
748 1577 821 1641 cius
845 1574 992 1663 (agminis
1011 1568 1216 1658 locustarum)
1237 1582 1357 1638 contre-

179 1699 263 1763 muit
279 1707 381 1778 terra,
395 1701 474 1764 moti
488 1708 563 1764 sunt
581 1701 682 1782 coeli;
697 1701 744 1765 sol
756 1708 787 1764 et
799 1699 877 1764 iuna
892 1697 1085 1764 obtenebrati
1099 1707 1191 1776 eunt,
1210 1706 1241 1760 et
1251 1697 1358 1760 stellae

180 1829 386 1885 retraxerunt
412 1822 609 1904 splendorem
631 1842 738 1887 suum.
762 1822 920 1897 Dominus
942 1821 1030 1886 dabit
1050 1839 1155 1884 uocem
1177 1839 1270 1884 suam
1284 1828 1357 1884 ante

179 1945 296 2026 faciem
315 1945 471 2007 euerritur
490 1946 568 2008 sori:
592 1945 670 2028 prtia
696 1946 798 2009 multo
820 1953 896 2009 sunt
918 1944 1013 2008 nimis
1040 1943 1256 2023 eustracius,
1282 1943 1358 2025 quia

179 2067 298 2149 sortia,
316 2076 346 2130 et
368 2068 519 2150 facientia
539 2069 669 2134 uerbum
691 2070 759 2133 eius
776 2093 787 2132 .·
803 2088 938 2151 mapnus
961 2069 1048 2133 euim
1071 2069 1136 2133 dies
1156 2067 1304 2150 Domini,
1326 2076 1357 2130 et

182 2192 333 2257 terribilis
350 2194 438 2258 vaide
455 2191 529 2280 (aba
551 2197 631 2278 apia,
655 2193 801 2283 septuag.
824 2219 833 2262 ε
851 2215 993 2285 enipeum
1012 2189 1108 2283 apodp
1131 2191 1159 2281 ).

226 2319 358 2381 eterit:
374 2320 578 2404 quicumque,
598 2318 688 2407 etc.).
711 2321 781 2387 Hoc
804 2329 851 2386 est
876 2343 884 2384 ε
908 2328 939 2384 et
960 2316 1098 2384 futurum
1121 2327 1186 2397 est,
1204 2327 1238 2382 ut
1252 2318 1358 2383 saluus

182 2443 240 2520 ait,
263 2440 360 2508 Hebr.
387 2437 487 2524 abab,
505 2441 538 2509 id
561 2451 627 2524 est,
653 2453 687 2510 ut
709 2446 821 2509 euadat
842 2460 909 2508 eam
932 2441 1154 2521 calamitatem,
1172 2443 1360 2526 quicumque

184 2568 375 2630 invocaverit
397 2586 511 2631 nomen
538 2567 689 2647 Domini,
719 2566 742 2632 i.
772 2587 802 2632 e.
832 2567 935 2633 lesum
965 2562 1124 2630 Christum
1148 2562 1355 2642 invocaverit,

184 2696 256 2775 puta
281 2685 488 2754 Christianam
512 2686 604 2755 iidem
634 2688 792 2778 professus
813 2686 919 2755 luerit.
943 2687 1044 2771 Quam
1071 2685 1356 2774 interpretationem

183 2806 318 2874 indicare
333 2808 410 2882 mihi
427 2808 570 2877 videntur
585 2811 679 2879 verba
695 2811 797 2891 Petri,
816 2811 869 2901 qui
887 2810 1003 2878 territis
1018 2809 1275 2899 compunctisque
1291 2809 1357 2876 suis

184 2927 375 2997 auditoribus
398 2950 434 2997 ac
459 2931 695 3020 quaerentibus,
714 2932 788 3023 quid
813 2932 873 3001 sibi
890 2931 1065 3001 faciendum
1082 2943 1181 3013 esset,
1199 2932 1359 3022 respondit

184 3050 277 3140 (infra
292 3074 340 3121 vs,
358 3057 415 3135 57,
434 3055 490 3139 58)
509 3081 518 3123 ε
534 3061 766 3140 poenitentiam
786 3061 890 3142 opita,
908 3070 939 3124 et
953 3059 1131 3142 baptizetur
1145 3060 1360 3142 unusquisque

185 3188 322 3242 vestrum
337 3180 374 3243 in
395 3180 523 3245 nomine
538 3182 613 3247 lecu
631 3182 765 3248 Christi.
781 3220 825 3230 -
841 3180 1033 3249 Christianos
1056 3200 1182 3259 omnm,
1212 3180 1359 3248 divinitus

188 3299 370 3383 admonitos,
380 3303 473 3392 paulo
486 3315 556 3371 ante
568 3305 761 3373 obsidionem
775 3287 996 3393 ierosolymae,
1004 3304 1137 3386 Pellam,
1153 3303 1263 3372 urbem
1275 3315 1360 3372 trans

189 3427 349 3496 Iordanem
376 3429 484 3511 sitam,
512 3431 707 3518 confugisse,
738 3434 893 3501 Eusebius
921 3435 983 3522 (ll.
1002 3434 1041 3499 E.
1063 3431 1120 3499 lib.
1140 3433 1205 3510 lll,
1234 3449 1304 3518 cap.
1326 3433 1360 3515 5)

188 3560 217 3617 ct
231 3550 426 3641 Epiphanius
441 3550 496 3641 (de
511 3553 707 3623 Ponderibus
733 3565 764 3623 et
786 3554 956 3646 mensuris)
984 3538 1153 3623 memoriae
1180 3552 1357 3642 prodidere.

231 3783 285 3850 ii.
311 3784 433 3849 Audite
449 3787 540 3850 ceria
554 3781 643 3870 boec)
660 3783 693 3851 h.
715 3805 744 3850 a.
764 3804 800 3852 ea
823 3805 901 3874 quae
918 3787 979 3854 iam
996 3787 1136 3855 dicturus
1154 3806 1235 3854 sum.
1255 3787 1363 3852 Ioum
1479 3819 1488 3827 ’

189 3915 273 3973 vocat
299 3927 349 3970 τον
377 3906 555 3996 Ναζωραιον
582 3907 834 3999 (Nazarenum),
864 3911 938 3999 quia
965 3910 1025 3979 hoc
1051 3910 1176 3978 nomine
1207 3909 1362 3975 Dominus

188 4043 290 4099 noster
316 4031 433 4121 passim
460 4032 672 4122 appellabatur
699 4044 729 4101 et
755 4044 846 4102 notus
874 4045 949 4102 erat.
981 4036 1029 4103 Cl.
1059 4037 1157 4102 Maro.
1187 4033 1298 4100 XVI:
1324 4034 1356 4100 6.

218 4245 237 4311 ¹)
247 4246 274 4297 S·
287 4245 569 4338 ChrysostomusHom.
579 4249 595 4296 5
605 4246 638 4298 ad
647 4247 727 4299 verba
740 4262 746 4298 ²
793 4272 906 4338 cepnae,
935 4265 962 4315 lr.
974 4279 997 4316 e.
1009 4278 1042 4316 eu
1051 4261 1311 4331 offertupaticntium
1321 4262 1360 4312 ita

188 4328 230 4380 Sol
247 4335 420 4390 concertator,
440 4331 490 4382 ate.
508 4329 591 4380 dicit:
613 4315 681 4378 Aac
698 4340 749 4389 της
794 4339 919 4405 loquitur,

188 4401 344 4482 ὃιαθεσεως
371 4427 429 4467 των
456 4427 636 4492 pauperior
662 4430 749 4469 τουτο
