3074 5054
190 406 257 475 eso
549 401 683 470 ACTUS
722 399 1051 481 APOSTOLORUM,

191 607 193 612 '
235 598 378 665 tii-si.
404 597 597 678 Devenitque
613 595 793 676 Ephesum,
817 590 908 681 eto.).
930 591 1099 660 Cenchreis
1115 593 1232 661 solutus
1248 597 1367 665 Paulus

185 733 219 790 ut
238 721 269 788 in
294 721 415 808 Syriam
440 719 613 806 navigaret,
633 718 767 807 primum
787 716 947 807 Ephesum
964 718 1094 807 appulit.
1113 721 1152 785 Et
1176 740 1366 809 synagogam

182 845 226 913 ihi
245 847 419 933 ingressus,
438 845 476 911 de
499 864 532 909 rc
557 842 699 930 religiosa
719 842 812 908 ucrhc
827 845 901 927 fecit
924 846 966 907 ad
988 843 1124 908 Iudaeos
1138 839 1285 930 (διελεχθη
1302 868 1365 919 τοις

183 964 342 1042 laudunum.
362 968 442 1036 Vide
459 988 565 1055 supra,
584 968 660 1056 Cap.
676 969 770 1036 XVll
787 992 794 1033 :
815 965 884 1056 17).
903 966 929 1030 Α
946 968 1059 1055 quihus
1076 988 1170 1055 quum
1187 980 1361 1056 rogaretur,

184 1105 217 1161 ut
238 1093 352 1161 diutius
378 1093 459 1181 apud
482 1093 566 1181 ipsos
590 1104 845 1173 commoraretur,
869 1114 932 1158 uon
957 1095 1072 1158 anuuit
1089 1096 1153 1178 (auu
1176 1092 1360 1182 επενευσεν),

182 1219 237 1287 sed
261 1219 404 1286 valedixit
429 1219 517 1300 illis¹‚
543 1221 725 1309 promittens
752 1231 852 1287 tamen
879 1240 931 1300 se,
957 1221 1022 1284 Deo
1045 1221 1166 1286 volente
1190 1228 1254 1309 (του
1279 1217 1361 1284 Ceno

182 1339 348 1424 θελοντος),
377 1341 415 1408 ad
447 1342 532 1430 ipsos
565 1363 633 1410 esse
669 1332 878 1410 reversurum.
910 1344 1011 1430 Atque
1040 1343 1081 1409 ita
1112 1346 1205 1410 sciuit
1232 1345 1360 1428 Epiecso

180 1464 310 1555 (ανηχθη
335 1489 394 1529 απο
420 1489 471 1540 της
495 1467 625 1557 Εφεσου.
657 1466 737 1535 Vide
762 1467 800 1534 ad
827 1467 904 1555 Cap·
930 1467 1009 1533 Xiii
1039 1492 1047 1534 a
1071 1471 1137 1554 iti),
1168 1467 1286 1535 relictis
1316 1468 1358 1536 ihi

181 1590 339 1677 Aquilact
356 1589 511 1656 Priscilla.
530 1590 636 1655 -De
654 1590 748 1656 verbo
772 1614 989 1676 αποτασσομαι
1011 1590 1146 1657 diximus
1168 1591 1206 1658 ad
1232 1612 1275 1659 vs.
1301 1593 1356 1660 l8.

224 1833 368 1900 22—23.
386 1833 427 1896 Et
440 1833 625 1897 descendeus
643 1831 837 1925 Caesareum,
854 1836 939 1920 eta).
959 1832 1100 1919 Cumque
1114 1852 1130 1898 e
1143 1833 1213 1899 navi
1231 1835 1355 1899 desecu-

178 1961 276 2024 dissct
303 1955 477 2047 (succidam)
504 1959 534 2023 iu
563 1958 672 2025 urbem
695 1958 894 2038 Caesaream,
918 1954 1114 2045 61(αναβας)
1142 1962 1355 2026 adscendisset

180 2082 266 2172 (inde
291 2082 539 2169 Hierosolymam
548 2083 574 2168 i)
591 2085 815 2168 saluatussetquc
832 2082 1072 2170 (ασπασαμενος)
1090 2082 1132 2149 ihi
1152 2083 1352 2150 Christianos

176 2211 243 2302 (την
265 2210 453 2298 εκκλησιαν),
476 2210 549 2279 hinc
574 2212 729 2300 protectus
753 2224 800 2280 est
826 2213 1022 2281 Antiochiam
1046 2213 1174 2299 Syriae,
1200 2215 1262 2301 qud
1291 2214 1353 2281 iter

177 2338 350 2405 instituerat
368 2343 425 2424 (vs
453 2339 519 2430 l8).
544 2336 725 2405 Antiochiae
749 2341 942 2423 aliquamdiu
970 2349 1180 2404 commoratus
1207 2336 1351 2424 (ποιησας

174 2486 281 2553 qucum
297 2473 388 2557 τινα),
407 2462 476 2530 dein
491 2463 613 2529 tertium
629 2462 667 2530 ah
683 2483 718 2531 ea
731 2463 807 2530 urhe
819 2463 876 2554 (ct.
892 2465 969 2550 Cap.
988 2465 1066 2532 Xlli
1082 2484 1089 2525 τ
1108 2466 1192 2532 1-5
1210 2474 1239 2530 et
1252 2464 1318 2533 XV
1338 2490 1346 2531 :

177 2591 319 2674 att-ui)
347 2589 406 2655 iter
433 2587 644 2676 Apostolicum
674 2587 711 2654 ad
736 2588 875 2656 Gentiles
901 2588 1045 2657 institnit.
1074 2589 1154 2675 Ergo
1182 2587 1348 2655 Antiochia

176 2736 317 2798 euresius
348 2708 490 2802 (uiuida),
521 2712 692 2799 peragravit
718 2711 887 2779 Galaticum
919 2713 1074 2800 regionem
1102 2723 1131 2778 et
1159 2710 1345 2798 Phrygiam,

175 2837 258 2902 varia
274 2835 354 2915 loca,
369 2835 398 2900 in
414 2833 526 2922 quibus
543 2832 634 2899 fidem
649 2832 764 2900 Christi
781 2845 868 2901 antea
886 2833 1084 2922 plantaverat,
1099 2855 1137 2896 cu
1150 2834 1263 2898 ordine
1280 2833 1348 2920 (κα-

175 2956 265 3051 θεξης)
282 2958 442 3038 adeundo,
456 2969 486 3024 et
507 2956 623 3044 ubique
646 2959 784 3025 novellos
800 2957 993 3025 Christianos
1008 2959 1239 3042 confirmando,
1260 2967 1346 3046 puta,

174 3085 206 3149 in
222 3093 397 3150 constanter
413 3080 583 3170 profitenda
600 3080 660 3148 fide
677 3083 876 3170 Evangeiica,
891 3093 920 3149 ct
936 3082 1075 3150 ducenda
1091 3081 1150 3148 vita
1168 3081 1346 3149 Christiano

178 3207 303 3276 homine
319 3208 422 3295 digna.

220 3334 290 3400 Vox
303 3327 495 3416 αναβαινειν,
510 3330 600 3397 ctiam
618 3330 698 3398 nude
712 3331 823 3419 posita,
839 3330 1002 3398 adhibetur
1018 3330 1055 3398 de
1072 3330 1346 3418 proficiscentibus

176 3455 442 3541 Hierosolymam,
468 3464 500 3520 ut
524 3455 609 3520 ioan.
633 3453 694 3522 Vll
717 3478 724 3520 :
748 3453 787 3533 8,
812 3455 871 3537 l0;
893 3455 956 3520 Xll
982 3455 1064 3522 :aa
1088 3453 1178 3539 Quod
1201 3454 1226 3520 si
1251 3454 1346 3522 verbu

174 3578 237 3669 (vs.
256 3581 310 3667 hl)
329 3598 336 3640 τ
355 3577 406 3641 Aer
424 3601 460 3664 με
477 3578 609 3653 neura?
625 3600 677 3651 την
695 3573 795 3666 iopam
810 3599 1039 3666 τηνέρχομενην
1056 3600 1181 3651 ποιησαι
1198 3599 1238 3651 εις
1255 3578 1346 3667 ‘lepo-

208 3788 228 3854 1)
242 3789 306 3841 Van.
328 3804 397 3840 incr.
421 3789 469 3841 i‘ro
491 3770 659 3850 απεταξατο
682 3796 735 3836 aa·
781 3796 820 3850 εις
832 3769 1065 3867 ‘lepusculorum
1083 3792 1109 3839 ct
1129 3788 1220 3840 vocula
1238 3770 1271 3839 de
1289 3795 1348 3858 post

173 3890 235 3941 τοις
247 3889 337 3929 eructu
346 3861 672 3952 legiturctrroruiuueuog
683 3889 735 3928 και
781 3861 886 3944 παλιν,
905 3893 957 3931 non
978 3879 1101 3943 leguntur
1125 3880 1150 3930 in
1174 3879 1256 3933 Codd.
1284 3883 1345 3933 ABE

175 3981 284 4038 stuata,
322 3973 415 4023 omisso
444 3982 495 4020 και
531 3976 591 4024 anie
623 3985 736 4039 sequens
780 3962 1232 4034 θὶθίὶᾳυθῖΜίηυὸὓυῘίΒ,11111θοί11
1245 3966 1346 4016 versio·

174 4050 300 4135 ανηχθη,
314 4063 734 4129 ᾗῃροᾶά,ΑΒ[)Εῐῃυηῑ5ᾳυθΜῑ,
781 4045 858 4097 nibus
881 4045 1010 4110 antiquis,
1034 4045 1154 4111 Coptica,
1179 4047 1344 4113 Aethiopica,

140 4160 141 4163 ¹
174 4145 384 4209 nusculis3hanc
399 4146 535 4198 lectionem
549 4147 658 4212 Vulgata
671 4160 734 4199 nos·
780 4128 931 4189 Armenii&
950 4128 1344 4194 elVUlg³l³··-Tss⁶h0⁰d⁰s·

173 4235 213 4282 tra
225 4229 312 4282 refert·
781 4211 831 4262 lius
847 4212 977 4274 integrum
990 4209 1061 4264 hunc
1072 4211 1229 4264 versiculum
1241 4213 1268 4262 in
1282 4226 1342 4278 pos·

780 4298 863 4347 trema
894 4307 941 4345 suu
974 4293 1039 4345 Novi
1069 4295 1226 4344 Testamenti
1254 4292 1343 4345 Gracci

205 4348 549 4457 ’tyanaeus-Verbum!
563 4371 600 4434 ue
616 4370 735 4424 παντως
781 4376 930 4428 recensione
952 4375 986 4427 ita
1010 4375 1106 4438 edidit,
1127 4379 1157 4427 ut
1180 4376 1208 4427 in
1235 4376 1341 4441 Vulgata

172 4463 222 4514 την
237 4463 338 4530 coprus
354 4464 406 4514 auu
426 4456 587 4530 ερχομενην
611 4463 735 4515 ποιησαι
781 4461 884 4530 legitur,
