3074 5054
485 350 623 417 nnana
663 353 695 429 t,
737 349 846 441 vans
881 351 982 416 t-c.
1301 350 1344 417 aa

178 564 233 610 uon
259 545 374 608 inserto
401 515 474 632 epo,
502 541 548 607 vel
575 541 668 608 simili
694 541 863 621 vocabulo,
889 540 991 630 quod,
1024 551 1138 608 mutata
1165 539 1225 607 hcc
1253 539 1345 607 modo

176 668 325 748 oratione,
354 665 438 755 apud
465 665 610 754 profanos
640 665 706 730 fieri
734 665 823 732 solet.
861 695 874 723 ι
903 665 1066 734 Genitivus
1094 689 1152 750 poc
1181 665 1298 752 regitur
1328 685 1346 731 a

176 809 333 878 suppressa
365 789 599 876 Praepositione
626 810 658 850 εκ
686 787 733 852 vel
762 809 864 876 παρα,
895 808 974 875 quae
1002 809 1058 882 per
1089 788 1222 878 Ellipsin
1253 810 1346 879 saepe

177 913 335 979 reticentur
358 923 428 1000 post
451 911 543 977 verba
564 911 684 988 omnia,
700 929 780 997 quae
803 910 1008 996 significatum
1034 910 1146 978 habent
1169 915 1342 998 orodienrli,

177 1036 384 1118 torettr'qeoctt,
404 1035 622 1117 coquoscendi)
642 1043 717 1110 etc,
736 1031 918 1120 atqueadeo
936 1042 1151 1120 posteriorem,
1171 1034 1343 1120 pariatur,

176 1158 385 1233 πυνθανεσθαι,
400 1168 460 1223 cet.
471 1157 658 1241 -Aliquid
674 1158 710 1220 ob
727 1158 834 1239 aliquo
851 1155 898 1221 vel
916 1178 954 1219 eor
974 1160 1081 1241 aliquo
1097 1159 1210 1222 audire
1225 1159 1345 1226 Graece

175 1279 300 1363 dicitur,
333 1301 388 1368 per
416 1280 567 1368 Ellipsin,
598 1301 716 1342 ακουειν
743 1303 772 1342 τι
800 1301 890 1352 τινος.
921 1279 1106 1366 Reperietur
1134 1280 1164 1345 in
1192 1279 1343 1346 Aeschin.

176 1405 287 1472 Socrui.
319 1405 403 1471 Dial.
430 1406 463 1484 l,
489 1426 520 1493 p.
548 1407 589 1471 ll
615 1431 622 1470 :
647 1428 743 1467 ταυτα
770 1427 900 1476 ακηκοας
927 1427 984 1465 των
1013 1400 1234 1494 πρεσβυτερων.
1260 1433 1273 1462 r
1303 1407 1346 1472 lta

179 1527 283 1595 Valck.
302 1527 341 1594 ad
358 1527 391 1593 h.
413 1525 453 1606 Ι.;
473 1526 528 1593 scd
545 1526 614 1593 vide
630 1527 687 1594 Gr.
708 1547 740 1614 p.
760 1529 839 1595 act.

217 1785 249 1848 t.
274 1786 352 1866 puio
373 1780 539 1868 Ioannes).
563 1780 721 1869 Apostolis
739 1779 805 1846 suis
823 1778 994 1866 significat,
1013 1777 1113 1867 qualis
1137 1778 1176 1842 sit
1201 1778 1252 1843 illa
1273 1800 1347 1862 pro·

176 1909 280 1971 mincio
296 1906 423 1984 Patris,
439 1924 560 1992 unaque
575 1904 614 1970 ad
631 1915 764 1970 mentem
781 1922 889 1969 eorum
906 1911 1029 1967 revocat
1045 1901 1089 1978 id,
1109 1901 1193 1989 quod
1208 1903 1346 1990 Baptista

176 2028 317 2095 divinitus
333 2026 460 2094 edoctus
477 2028 576 2112 (loen.
593 2025 689 2114 1:55)
702 2024 741 2092 de
757 2025 825 2113 ipso
840 2023 1033 2112 praedixerat
1049 2022 1174 2112 (Mattio.
1194 2022 1226 2088 lll
1244 2049 1251 2089 :
1270 2020 1344 2109 ll):

176 2155 239 2236 Epo
254 2155 383 2237 paridem
398 2153 524 2234 baptizo
548 2171 600 2214 cos
618 2153 653 2214 in
669 2171 751 2233 aquo
767 2151 802 2213 in
816 2150 1046 2231 poenitentium
1061 2172 1071 2210 :
1087 2150 1143 2230 qui
1158 2158 1264 2212 cutem
1276 2159 1348 2230 port

176 2298 221 2340 rae
242 2287 391 2340 cocturus
413 2285 499 2340 est...
527 2276 592 2356 ipsc
615 2293 666 2337 cos
688 2273 861 2356 baptizabit
878 2275 914 2336 in
934 2271 1065 2354 Spiritu
1084 2271 1201 2336 Soneio
1217 2282 1245 2335 ot
1264 2274 1346 2354 ipui.

177 2400 207 2464 ln
233 2399 387 2464 locutione
410 2398 484 2475 ista,
508 2398 669 2480 baptizari
697 2400 732 2460 in
759 2395 891 2478 Spiritu
912 2395 1047 2474 Sorrvcto,
1078 2415 1136 2460 vox
1166 2395 1326 2478 baptizari
1332 2421 1355 2479 ,·

177 2532 206 2586 ut
221 2530 302 2608 patet
317 2541 352 2585 ex
369 2519 506 2606 adjecto,
526 2518 607 2584 dicta
632 2530 677 2583 est
702 2518 820 2606 tropice
837 2517 875 2584 de
895 2518 1046 2583 effusione
1069 2517 1204 2604 Spiritus
1220 2517 1344 2597 Sancti,

177 2664 233 2731 qua
248 2644 403 2733 Apostoli,
418 2644 544 2731 copiose
556 2643 652 2707 instar
667 2661 777 2729 aquae,
793 2641 983 2727 tingerentur
996 2663 1059 2705 oon
1072 2652 1145 2723 post
1160 2643 1276 2706 multos
1292 2643 1347 2706 Iros

177 2771 258 2850 dies,
280 2768 312 2833 h.
331 2789 361 2833 e.
380 2788 439 2833 non
464 2778 533 2855 post
553 2765 619 2832 dies
643 2765 755 2832 multos
779 2787 817 2829 eor
842 2767 908 2829 illis
932 2765 1057 2847 diebus,
1076 2764 1129 2852 qui
1152 2775 1225 2830 tunc
1241 2785 1348 2830 curre-

178 2891 262 2970 bant,
280 2911 353 2978 ergo
381 2890 458 2956 inira
487 2910 602 2979 paucos
625 2889 709 2968 dies;
736 2909 847 2977 nempe
869 2887 919 2954 die
941 2889 980 2956 ab
1003 2889 1205 2956 adscensione
1232 2887 1350 2955 Christi

177 3015 311 3094 decimo,
334 3016 399 3081 sive
420 3014 674 3103 quinquagesimo
698 3013 891 3102 (πεντεκοστῃ
914 3013 1027 3102 ἡμερᾳ)
1048 3024 1118 3100 post
1137 3010 1278 3094 eiusdem
1301 3030 1350 3077 re-

178 3138 410 3206 surrectionem.
439 3132 546 3200 Ὑδατι
574 3147 621 3202 est
648 3137 778 3202 Dativus
807 3139 1016 3202 instrumenti
1022 3161 1034 3214 ‚·
1063 3146 1092 3201 et
1121 3136 1233 3223 Praep.
1264 3156 1293 3196 εν
1318 3134 1349 3199 in

179 3259 381 3326 locutionem
407 3258 562 3343 Πνευματι
586 3259 662 3347 ἁγιῳ
686 3258 792 3325 itidem
815 3258 943 3325 inservit
958 3257 996 3324 ad
1013 3255 1211 3323 indicandum
1228 3259 1350 3330 instru-

179 3395 315 3449 mentum
339 3405 399 3469 quo
422 3382 498 3471 quid
522 3383 567 3450 tit.

224 3630 256 3695 6.
272 3629 382 3710 lpitur
397 3633 453 3712 qui
469 3630 706 3718 convenerant).
725 3633 802 3696 Sunt
820 3630 850 3697 hi
868 3631 911 3696 illi
929 3632 1007 3719 ipsi,
1023 3631 1210 3719 quibuscum
1225 3630 1350 3699 Christo

180 3749 235 3816 luit
261 3751 427 3817 novissima
452 3772 576 3818 mensae
600 3761 776 3819 communio
804 3756 865 3842 (vs.
893 3757 932 3834 l,
951 3751 1212 3842 συναλιζομενος),
1239 3774 1350 3843 nempe

180 3873 321 3941 undecim
344 3873 484 3962 Apostoli
507 3874 570 3963 (Cf.
597 3896 642 3942 vs,
667 3878 706 3955 l,
730 3879 768 3953 5,
787 3874 836 3963 a).
861 3876 922 3960 Qui
946 3896 983 3941 cx
1007 3887 1170 3964 praecepto
1194 3875 1255 3942 illis
1280 3875 1349 3943 dato

179 3999 240 4086 (vs.
255 4001 287 4083 l)
305 3998 343 4065 de
359 3998 509 4065 manendo
527 3999 761 4085 Hierosolymae
778 4011 807 4064 et
819 3997 1024 4087 exspectando
1040 3998 1203 4065 adventum
1215 3998 1350 4087 Spiritus

180 4123 301 4199 Sancti,
326 4122 512 4210 collegerant
537 4123 601 4189 lieri
625 4145 715 4212 posse
738 4135 772 4190 ut
793 4123 879 4188 brevi
905 4123 1117 4188 restitueretur
1140 4123 1262 4211 lapsum
1283 4143 1351 4211 reg-

181 4266 252 4312 num
281 4246 499 4313 lsrailiticum.
531 4245 655 4312 Scilicet
689 4257 777 4312 erant
805 4244 907 4312 adhuc
933 4256 963 4310 et
987 4245 1126 4334 Apostoli
1147 4221 1191 4311 in
1226 4266 1349 4326 errore,

181 4371 259 4435 inter
282 4369 410 4435 ludaeos
435 4369 516 4434 illius
540 4370 605 4434 acri
629 4369 804 4446 communi,
834 4368 969 4434 luturum
992 4389 1060 4434 esse
1083 4370 1249 4456 temporale
1272 4358 1382 4435 Mes?
