3074 5054
481 369 621 442 CAPUT
655 370 719 452 lV,
755 370 877 439 VERS.
915 371 1062 439 tta-55.
1305 371 1369 436 lli

147 606 149 609 -
194 562 281 628 mitur
304 572 407 631 autem
431 562 484 629 illa
506 563 641 631 narratio
661 562 815 630 versiculo
834 563 890 629 bd.
909 561 1093 642 Putaveris,
1118 559 1307 628 versiculum
1324 560 1367 628 55
1476 564 1483 582 ⁴

192 686 360 775 ponendum
386 706 456 754 esse
479 699 551 754 ante
569 689 629 766 523
650 687 705 754 se'd
727 707 824 775 quum
849 684 909 752 hoo
933 685 1042 752 ordine
1066 685 1111 751 illi
1135 683 1197 753 duo
1221 682 1366 750 versiculi

191 811 218 876 io
237 809 320 876 nullo
336 810 446 878 codice
459 820 513 877 aut
527 811 653 900 antiqua
666 811 809 878 versione
827 808 986 896 legantur,
1002 807 1199 876 coniecturae
1215 805 1260 872 illi
1278 805 1366 897 locus

190 953 253 1000 esse
268 934 387 1021 nequit.
403 935 485 1022 Ergo
502 933 667 1001 dicendum
683 933 817 1013 videtur,
833 953 869 1000 ea
884 952 963 1021 quae
979 930 1133 1003 versiculo
1147 932 1190 999 55
1204 930 1364 1014 dicuntur,

188 1055 322 1124 habenda
338 1078 407 1126 esse
423 1078 481 1146 pro
497 1057 687 1147 parenthesi.
706 1057 833 1124 Scilicet
856 1055 999 1145 Apostoli
1023 1067 1054 1122 et
1077 1055 1174 1123 robur
1190 1053 1285 1120 animi
1303 1053 1363 1120 sibi

188 1179 285 1245 aDeo
310 1181 500 1268 petiverant,
519 1192 549 1247 et
571 1180 791 1270 patrandorum
814 1178 1035 1247 miraculorum
1059 1177 1249 1249 facultatem.
1270 1178 1364 1245 Prius

188 1300 462 1392 illudiApostolisa
479 1306 547 1373 Deo
563 1306 660 1373 luisse
671 1325 868 1386 concessum,
883 1307 983 1372 Lucas
996 1304 1115 1373 dixerat
1127 1301 1282 1371 versiculo
1300 1305 1338 1370 51
1353 1324 1360 1365 :

188 1438 215 1492 et
229 1431 341 1511 repleti
363 1440 438 1495 suut
454 1450 560 1495 omues
583 1430 714 1514 Spiritu
736 1440 863 1512 caueto,
884 1439 914 1493 et
931 1429 1136 1514 loquebantur
1159 1427 1291 1494 verbum
1306 1427 1366 1508 Dei

187 1572 253 1616 aum
267 1555 401 1636 fiducie.
420 1555 481 1621 llio
496 1574 570 1622 vero
587 1554 714 1633 indicat,
727 1552 896 1642 Apostolos
909 1553 1001 1619 etiam
1017 1551 1173 1640 posterius
1190 1549 1251 1617 hoo
1264 1569 1282 1616 a
1294 1549 1362 1634 Deo

187 1672 384 1761 impetrasse,
409 1674 485 1744 dum
509 1676 601 1756 dicit,
631 1697 684 1742 eos
712 1677 831 1763 magnis
855 1674 946 1742 editis
974 1675 1133 1742 miraculis
1160 1673 1363 1741 confirmasse

186 1796 340 1865 veritatem
365 1818 439 1866 suae
468 1799 719 1888 praedicationis.
743 1799 775 1866 Si
805 1798 857 1866 hic
881 1797 1078 1887 parenthesin
1102 1818 1162 1865 non
1190 1817 1358 1885 agnoscas,

184 1917 365 1988 indicandus
388 1920 443 1987 tihi
468 1931 514 1988 est
537 1942 635 1988 nexus
663 1921 781 2009 logicus
808 1922 888 1988 inter
911 1942 958 1988 vs.
985 1923 1027 1989 55
1049 1931 1080 1987 et
1103 1923 1162 2002 tt,
1183 1919 1235 1987 hio
1256 1931 1359 1993 autem

183 2042 252 2129 quis
269 2043 392 2111 tandem
408 2045 464 2125 sit,
483 2065 538 2133 ego
555 2045 680 2134 quidem
698 2045 789 2134 plane
805 2065 866 2112 non
883 2045 986 2112 video.

227 2178 256 2231 et
278 2171 398 2234 uirtute
412 2191 546 2253 mopua,
564 2166 655 2255 etc).
673 2171 790 2236 Graece
809 2194 817 2237 :
837 2165 954 2258 pepolp
975 2164 1120 2254 dooopa,
1140 2166 1172 2234 h.
1191 2188 1221 2235 e.
1240 2143 1359 2256 magnis

180 2288 271 2355 editis
299 2291 459 2359 miraculis
486 2291 711 2359 confirmabant
736 2311 828 2358 snum
857 2291 1066 2358 testimonium
1086 2292 1134 2381 (ro
1163 2289 1357 2381 propropter),

181 2430 244 2499 quo
266 2410 478 2494 affirmabant,
504 2415 607 2480 lesum
630 2413 789 2481 Christum
811 2433 829 2480 a
851 2414 982 2480 mortuis
1007 2413 1228 2480 resurrexisse.
1254 2416 1359 2481 «Non

180 2532 273 2600 verbo
298 2545 434 2615 tantum,
451 2536 494 2603 ait
508 2537 542 2604 S.
558 2536 819 2625 Chrysostomus,
837 2536 1000 2604 sedetiam
1018 2537 1130 2603 virtute
1146 2536 1357 2605 testimonium

178 2659 416 2726 resurrectionis
437 2659 662 2742 exhibuerunt,
680 2673 714 2729 ut
737 2673 768 2732 et
790 2661 906 2731 Paulus
926 2660 1003 2728 dicit
1018 2660 1048 2750 (1
1068 2662 1142 2728 Cor.
1162 2663 1191 2727 ll
1211 2684 1219 2726 r
1239 2660 1275 2749 t)
1290 2682 1298 2724 :
1313 2665 1358 2729 Et

175 2783 374 2864 praedicatio
389 2806 459 2851 meo
474 2808 538 2852 uou
551 2791 586 2852 iu
597 2790 858 2871 persuasibilibus
873 2790 1032 2855 bureauue
1047 2791 1224 2872 sapientiae
1238 2790 1355 2870 verbis,

177 2908 233 2970 sed
253 2909 287 2971 iu
311 2912 484 2975 ostensioue
500 2911 641 2994 Spiritus
659 2923 688 2976 et
702 2915 846 2978 uirtutis.
864 2913 930 2979 Neo
953 2911 1138 3001 simpliciter
1153 2912 1282 2992 virtute,
1301 2913 1355 2980 sed

177 3027 288 3095 virtute
301 3034 437 3118 magna.
456 3061 470 3091 »
494 3033 737 3122 chrysostomus
755 3056 845 3123 ergo,
865 3037 915 3103 oni
933 3036 1087 3115 assentio,
1106 3056 1212 3102 vooem
1230 3033 1358 3124 δυναμις

177 3153 327 3222 intellexit
350 3156 464 3226 dictam
487 3159 539 3227 hio
556 3181 636 3242 esse,
655 3182 711 3250 per
727 3163 949 3249 Metooymiam
967 3165 1092 3246 effeetus
1113 3184 1174 3247 pro
1192 3186 1298 3252 causo,
1318 3166 1357 3233 de

178 3276 266 3347 editis
283 3282 456 3350 miraculis.
474 3286 553 3352 Nam
570 3307 663 3353 voees
680 3285 798 3376 pryolp
815 3284 941 3374 booopa
959 3308 1020 3354 non
1038 3288 1179 3356 videntur
1196 3310 1287 3378 posse
1303 3288 1356 3358 hic
1446 3264 1448 3268 ⁷

178 3404 262 3472 reddi
278 3427 397 3490 mopua
420 3412 546 3475 dicendi
561 3415 611 3495 oi,
631 3432 727 3500 qnam
753 3411 813 3479 hoc
829 3412 890 3479 iam
908 3413 983 3479 satis
1000 3411 1116 3480 dictum
1132 3433 1201 3480 esse
1217 3414 1356 3483 videatur

178 3526 209 3592 in
224 3531 410 3616 antegressis
430 3530 494 3622 (vs,
517 3533 576 3620 bt)
595 3555 603 3596 z
622 3546 652 3600 el
676 3537 882 3621 loquebantur
906 3538 1034 3626 verbum
1055 3537 1119 3601 Dei
1142 3557 1213 3602 cum
1234 3539 1355 3620 fidrreia

177 3647 266 3735 (pero
291 3659 486 3743 παρρησιας).
505 3658 583 3725 Cum
605 3661 758 3748 praesenti
782 3661 850 3727 looo
875 3659 1008 3728 conferri
1026 3673 1127 3750 potest
1150 3662 1181 3731 id
1206 3663 1289 3753 quod
1309 3663 1354 3730 le·

177 3775 256 3862 gitur
268 3779 301 3844 in
319 3781 380 3868 Ep.
406 3781 444 3848 ad
468 3785 560 3850 Rom.
589 3786 679 3853 XV:
701 3791 766 3856 l9:
786 3810 816 3851 er
831 3784 958 3874 berupto
975 3812 1106 3876 σημειων
1131 3815 1184 3853 και
1206 3813 1349 3880 repertur.

180 3935 348 3948 ..κὴ-

183 4037 227 4132 Ν1)
244 4025 289 4088 Oo
307 4024 387 4115 λογῳ
407 4024 439 4090 be
462 4053 569 4114 prover,
592 4030 673 4096 ahio
689 4058 741 4097 και
788 4057 857 4122 φιας
892 4033 1010 4123 hepone,
1044 4033 1115 4098 αλλ’
1145 4022 1352 4113 prenotato

178 4118 304 4202 detorpeat
328 4141 362 4180 ro
387 4143 550 4210 propropter
572 4148 623 4198 της
646 4149 741 4188 ανασ-
786 4124 964 4210 Πνευματος
1003 4151 1052 4189 και
1083 4123 1249 4212 δυναμεως.
1287 4129 1350 4191 Koa

178 4225 289 4280 τασεως
317 4204 504 4289 eberuoooorr,
531 4215 663 4304 καθαπερ
688 4241 739 4279 και
786 4239 844 4300 orry
861 4214 964 4290 ἁπλως
981 4213 1121 4302 burupet,
1137 4215 1216 4280 altior
1234 4217 1351 4307 pepulp

180 4292 298 4370 ssooltoo
329 4297 419 4387 hepar·
450 4302 569 4368 Katre
598 4329 738 4396 κηρυγμα
785 4287 957 4392 berupto»
987 4322 1014 4374 S.
1037 4322 1129 4388 Chrys,
1151 4323 1244 4376 Homil.
1266 4325 1303 4376 Xl
1323 4325 1349 4375 in

180 4408 235 4469 μου
251 4411 305 4452 ουκ
320 4413 350 4456 ev
364 4392 474 4469 uerbere,
490 4396 673 4487 ανθρωπινης
687 4423 739 4462 oo·
786 4411 844 4463 Act.
856 4412 1038 4478 Apostolorum
1051 4413 1083 4464 ad
1096 4412 1122 4463 h.
1133 4413 1150 4464 l.
