3074 5054
449 370 587 437 ennon
625 369 724 448 xnr,
766 368 886 439 unns.
929 372 1074 440 uu-ua.
1291 354 1357 455 asso

135 602 139 611 ·
183 535 357 630 Christiani
371 562 451 627 inter
467 556 694 626 Antiochenses
717 542 807 646 (nido
824 557 983 646 μαθηται),
999 560 1126 628 minime
1141 559 1211 627 ideo
1228 559 1353 641 deiecti,

182 687 381 770 replebantur
404 679 613 774 (επλνρουντο)
637 682 749 770 gaudio
772 683 907 771 Spiritus
929 683 1032 751 Sancti
1057 682 1171 773 (χαρας
1190 707 1242 747 και
1260 683 1357 747 Hucu-

181 833 269 895 ματος
287 805 375 898 ἁγιὸυ
391 827 447 895 per
463 804 645 872 flendiaden
671 825 728 894 pro
744 828 843 896 χαρας
860 829 914 870 τευ
929 806 1109 893 flacopertus
1133 807 1244 895 ἁγιευ).
1263 806 1356 873 Intel-

180 932 278 1020 ligitur
296 931 442 1020 gaudium
460 928 549 1007 illud,
565 927 649 1016 qnod
665 928 835 1017 Apostolus
850 928 889 996 ad
905 928 1199 998 Thessalonicenses
1215 929 1356 998 scribens

180 1058 264 1146 (Cap.
290 1057 300 1124 l
321 1076 328 1118 :
351 1054 383 1136 6)
410 1066 500 1122 vocat
521 1057 677 1138 pendium
701 1055 845 1138 Spiritus
873 1054 1001 1138 Sancti,
1029 1055 1051 1120 i.
1078 1076 1107 1121 e.
1136 1054 1225 1122 cuius
1249 1065 1356 1123 auctor

181 1190 221 1247 est
237 1179 372 1268 Spiritus
391 1178 534 1246 Sanctus.
553 1177 601 1245 Gi.
617 1177 714 1279 Bom.
733 1175 807 1246 XlV
828 1199 835 1241 :
859 1178 898 1243 l7
916 1186 946 1242 et
962 1176 1033 1245 Gal.
1052 1176 1082 1244 V
1102 1197 1109 1240 :
1127 1177 1183 1244 PB.
1239 1222 1241 1227 2

358 1478 530 1554 CAPUT
582 1476 837 1553 badinton!
889 1475 1173 1584 QUARTUM.

182 1678 367 1730 Aucnnnnnuu.
386 1677 483 1729 Paulus
500 1679 527 1728 et
543 1676 676 1729 Barnabas
688 1677 782 1740 leonii,
802 1676 847 1728 nbi
865 1675 964 1728 diutius
976 1677 1178 1738 commorantur,
1192 1675 1358 1741 quampluri-

210 1774 263 1813 mos
274 1759 383 1812 ludaeos
394 1759 428 1811 ad
444 1759 523 1810 iidem
535 1759 710 1812 Christianam
728 1759 879 1822 adducunt,
894 1759 946 1810 Deo
965 1773 1012 1824 per
1029 1757 1101 1809 varia
1117 1757 1240 1808 miracula
1258 1757 1358 1810 confir-

210 1843 295 1895 mante
308 1841 463 1905 doctrinam,
475 1855 553 1908 quam
566 1842 682 1907 Apostoli
695 1831 890 1908 praedicabant
899 1840 950 1892 Sed
961 1832 992 1892 e'n
1002 1854 1043 1892 res
1054 1840 1202 1893 incredulos
1213 1855 1245 1893 ex
1256 1841 1357 1894 ludaeis

208 1927 272 1979 male
284 1926 376 1988 babet;
396 1938 478 1992 quare
496 1926 630 1989 Evangelii
647 1925 820 1992 praeconibus
832 1937 923 1976 necem
935 1923 1127 1986 machinantur,
1139 1937 1178 1974 νε.
1193 1926 1266 1976 t-s.
1281 1924 1356 1985 Quod

208 2021 265 2060 oum
277 2008 395 2074 Apostoli
409 2008 616 2070 intellexissent,
630 2008 739 2073 digressi
750 2007 828 2068 inde,
842 2008 985 2073 Lyaooniae
995 2009 1113 2059 civitates
1125 2006 1243 2071 Lpstram
1253 2009 1279 2058 et
1290 2008 1356 2060 Der·

208 2091 257 2143 hen
279 2091 395 2154 adeunt,
410 2091 515 2157 ibique,
537 2093 568 2142 nt
588 2091 660 2142 etin
683 2091 804 2143 universa
825 2091 930 2154 regione
950 2091 1165 2152 circumiacente,
1186 2091 1356 2154 Evangelium

208 2172 373 2238 praedicant,
393 2186 432 2224 νε.
449 2174 473 2224 6,
496 2173 595 2236 hystrie
615 2172 711 2223 Paulus
730 2173 881 2238 qnempiam
899 2173 931 2224 ab
950 2176 1024 2224 utero
1042 2173 1131 2224 matris
1142 2158 1264 2224 claudum
1276 2176 1356 2227 verbo

208 2255 311 2306 sanItati
331 2255 462 2315 restituit,
483 2269 521 2306 νε.
536 2255 610 2305 7-9.
628 2254 686 2315 Quo
707 2255 832 2307 miraculo
850 2255 1004 2320 Lystrenses
1017 2259 1124 2322 stupore
1142 2256 1223 2308 veluti
1240 2257 1356 2323 abrepti,

208 2336 294 2389 lovem
312 2339 338 2388 et
354 2337 512 2388 Mercurium
532 2336 647 2410 humana
663 2339 750 2404 specie
766 2337 876 2389 coelitus
893 2338 925 2390 ad
941 2353 968 2389 se
981 2339 1144 2391 descendisse
1156 2339 1317 2403 exclamant;
1332 2346 1359 2392 et

209 2435 268 2474 mox
281 2422 347 2473 lovis
358 2422 477 2474 sacerdos
488 2461 493 2483 ,
506 2421 590 2473 allatis
602 2423 715 2474 victimis
726 2462 731 2484 ,
745 2422 826 2474 Panlo
838 2426 864 2474 et
875 2423 1022 2482 Barnabae,
1042 2428 1175 2490 tamquam
1193 2424 1255 2487 diis,
1275 2425 1358 2475 sacri-

209 2505 284 2558 ficare
294 2509 382 2572 parat,
395 2519 433 2556 vs.
449 2506 555 2556 t0—t3.
569 2505 637 2568 Sed,
650 2507 809 2570 recognita,
822 2506 932 2572 impium
951 2510 1022 2559 hunc
1033 2507 1118 2557 zelum
1131 2507 1247 2572 Apostoli
1259 2519 1358 2558 conve-

209 2589 297 2638 niente
308 2588 425 2638 oratione
445 2587 655 2652 reprimunt,vs.
668 2586 776 2637 ll-li.
796 2587 863 2638 Dum
878 2587 942 2637 haec
961 2590 1077 2651 aguntur
1094 2587 1206 2652 Lystris,
1220 2585 1250 2639 εὸ
1262 2601 1358 2652 snper-

208 2669 318 2720 veniunt
334 2667 367 2719 ab
385 2667 521 2719 Antiochia
539 2654 650 2719 Pisidiae
667 2671 693 2720 et
710 2671 743 2719 ah
761 2669 848 2720 iconio
866 2668 954 2720 ludaei
974 2670 1082 2735 quidam
1101 2669 1230 2734 Apostolis
1250 2669 1356 2720 intensi.

208 2751 323 2812 Quorum
342 2751 479 2803 calumniis
496 2750 594 2801 seducti
616 2751 768 2815 Lystrenses
789 2749 842 2803 nna
861 2765 920 2802 cum
943 2751 1045 2802 ludaeis
1061 2750 1172 2803 Paulum
1188 2750 1358 2802 tumultuarie

208 2832 337 2899 lapidibus
349 2834 480 2894 obruunt,
493 2831 691 2899 lapidatumqne
706 2837 780 2885 extra
792 2833 926 2886 civitatem
940 2833 1062 2895 trahunt,
1077 2848 1115 2884 rs.
1128 2835 1168 2884 t8.
1183 2833 1219 2883 lhi
1238 2832 1356 2895 Paulum,

208 2929 253 2980 pro
270 2920 373 2967 mortuo
393 2916 528 2976 relictum,
549 2927 609 2965 cum
627 2914 722 2966 novelli
735 2929 768 2966 ex
787 2915 970 2980 Lystrensibus
982 2915 1121 2967 Christiani
1134 2915 1244 2981 sepelire
1255 2915 1357 2976 volunt,

207 2999 249 3052 ille
259 3001 347 3052 subito
355 3000 509 3052 miraculose
523 2999 555 3051 ad
568 3014 596 3051 se
608 3014 727 3052 reversus
739 3004 899 3067 senatusque
911 3002 1025 3065 assurgit
1035 3039 1041 3062 ,
1051 3003 1131 3067 atque
1140 3002 1166 3051 in
1179 3000 1270 3052 urbem
1281 3000 1357 3053 redit.

209 3083 333 3136 Postridie
346 3083 470 3136 unicum
483 3083 602 3135 Bernaba
621 3083 723 3136 Derhen
742 3085 924 3150 proficiscitur,
937 3098 977 3136 νε.
990 3085 1031 3136 tt).
1051 3084 1089 3136 lbi
1108 3098 1168 3136 cum
1185 3085 1357 3150 Euangelinm

208 3165 415 3230 praedicassent,
432 3169 602 3218 revertuntur
615 3166 734 3230 Lystram
746 3207 752 3229 ,
766 3167 899 3228 iconium,
911 3169 937 3218 et
946 3166 1110 3218 Antiochiam
1121 3167 1232 3219 Pisidiae
1242 3205 1249 3228 ,
1260 3168 1358 3234 ubique

208 3248 322 3300 novellos
345 3247 505 3299 Christianos
533 3247 567 3298 ad
594 3249 816 3314 perseverantiam
845 3248 1032 3312 exhortantes,
1061 3253 1087 3301 et
1110 3249 1221 3314 singulis
1244 3250 1359 3302 ecclesiis

209 3330 374 3394 presbyteros
394 3320 590 3396 praeficientes,
609 3344 639 3381 vs
665 3330 772 3380 20-23.
792 3330 856 3381 inde
877 3329 987 3394 digressi
1004 3334 1142 3382 transeunt
1161 3331 1297 3392 Pisidiam,
1309 3345 1359 3382 νε-

207 3413 336 3480 niuntque
352 3414 379 3464 in
394 3414 555 3479 provinciam
575 3413 766 3479 Pamphiliam‚
781 3414 981 3480 praedicatoque
999 3415 1027 3465 in
1048 3414 1105 3466 eius
1124 3414 1274 3479 provinciae
1293 3413 1359 3465 urhe

207 3495 290 3563 Perga
308 3497 466 3562 Evangelio,
480 3497 541 3549 hino
561 3497 765 3563 proficiscuntur
780 3497 920 3561 Attaliam,
938 3511 1005 3564 quae
1022 3497 1103 3549 altera
1117 3497 1284 3563 Pamphyliae
1296 3498 1360 3548 urbs

207 3583 245 3631 est
256 3579 289 3631 ad
299 3592 370 3631 mare
383 3580 445 3642 sitn;
460 3583 541 3645 atque
553 3579 615 3630 inde
628 3580 753 3644 navigant
764 3579 929 3632 Antiochiam
942 3579 1048 3645 Syriae,
1061 3579 1132 3631 unde
1144 3580 1259 3646 primum
1270 3579 1358 3631 solve·

207 3665 275 3723 rant,
290 3663 461 3726 Evangelium
481 3661 610 3712 Gentibus
629 3662 813 3728 praedicaturi.
828 3662 943 3727 Apostoli
961 3675 976 3713 a
994 3663 1079 3727 prima
1090 3661 1134 3713 illa
1150 3662 1360 3727 peregrinatione

210 3743 375 3796 Antiochiam
387 3745 509 3806 reduces,
523 3744 623 3795 diutius
636 3744 671 3795 ihi
686 3749 888 3807 commorantur,
902 3758 941 3796 vs.
954 3744 1062 3797 att-et.

222 3907 252 3970 l.
283 3903 413 3968 Factum
433 3913 477 3968 est
501 3904 748 3983 columbarii,
768 3906 855 3989 etot.
876 3903 1015 3969 lconinm
1034 3923 1130 3991 quum
1148 3903 1360 3992 peruenissent

178 4026 336 4118 Apostoli,
367 4047 423 4116 pro
452 4047 539 4094 more
566 4027 759 4118 synagogam
789 4028 975 4095 ludaeorum
1005 4027 1135 4114 ingressi
1166 4040 1239 4095 sunt
1264 4031 1360 4095 simul

175 4149 268 4239 (κατα
292 4174 326 4213 το
351 4149 454 4229 unroh
474 4149 580 4238 ibique
597 4154 644 4214 ito
663 4146 783 4239 (οὕτως)
800 4151 823 4218 i.
841 4171 870 4218 ε.
896 4161 978 4217 tanto
1003 4170 1072 4217 cunr
1099 4149 1201 4216 fructu
1221 4152 1359 4237 Erange

176 4270 249 4339 lium
268 4271 485 4361 praedicarunt
512 4267 686 4356 (λαλησαι),
705 4283 742 4338 ut
757 4275 900 4340 crederet
924 4271 1012 4351 (ὥστε
1033 4273 1206 4356 πιστευσαι)
1228 4270 1359 4338 Christi·

176 4415 235 4485 qne
267 4393 448 4485 religionem
487 4394 727 4483 amplecteretur
756 4395 882 4486 copiosa
915 4393 1079 4462 multitudo
1111 4392 1295 4461 ludaeorum
1328 4401 1359 4466 et
