3074 5054
506 351 644 418 CAPUT
684 351 748 430 lx,
786 349 907 417 VERS.
945 348 1068 414 8-10.
1303 347 1368 412 ⁶.)le

181 540 340 608 abstinuit.
360 541 399 608 Et
414 539 504 607 facile
520 541 677 609 oredimus
700 539 925 626 chrysostomo
948 537 1140 617 affirmanti,
1158 535 1285 605 Saulum
1304 547 1366 602 tres

182 666 251 732 illos
264 667 332 734 dies
356 667 388 732 in
411 666 638 734 ferventissima
663 667 841 756 precatione
866 665 1017 753 exegisse.
1037 665 1181 731 Creditur
1198 664 1290 729 etiam
1307 661 1368 729 lnoc

180 788 283 855 triduo
299 788 338 856 ab
355 789 425 877 ipso
441 788 566 856 Christo
583 789 711 857 edoctus
729 789 825 856 luisse
849 788 1066 875 Evangelicam
1090 787 1283 866 doctrinam;
1304 805 1364 874 qua

180 911 221 978 de
240 931 274 977 re
297 911 337 977 ad
352 911 477 979 Galatas
492 911 584 1001 (Cap.
604 914 618 979 l
638 932 645 974 :
668 913 722 998 la)
746 911 886 979 scribens
906 937 913 977 ε
935 913 1041 996 Neque
1065 915 1168 995 einim,
1188 911 1305 999 inquit,
1325 912 1364 977 ab

178 1036 307 1098 bomine
323 1037 430 1118 occepi
446 1003 528 1099 iliud
544 1034 775 1125 (Evangelium)
792 1056 891 1119 erepere
911 1037 1011 1099 didici
1016 1085 1028 1116 ,
1045 1037 1099 1099 sed
1119 1055 1180 1118 per
1203 1037 1368 1100 revelatio-

179 1161 298 1222 tiouem
325 1158 403 1222 lesu
428 1157 576 1224 Cbristb.
600 1158 649 1224 De
673 1158 838 1225 Particulis
865 1181 907 1243 μη
931 1168 961 1224 et
981 1180 1034 1220 ουκ
1060 1158 1090 1222 in
1115 1156 1175 1224 boc
1198 1156 1364 1225 Versiculo

180 1281 310 1351 videsis.
333 1284 392 1351 Gr.
413 1303 482 1371 pag.
503 1284 580 1350 488.
603 1285 616 1350 1
639 1294 669 1350 et
685 1286 763 1351 tal.
784 1287 816 1351 l.

225 1515 280 1580 to.
299 1513 386 1578 Erat
401 1523 508 1578 nutem
526 1514 677 1578 Dumnaci
692 1515 823 1596 quidum
839 1515 1019 1597 discipulus
1027 1563 1039 1597 ,
1056 1508 1149 1598 etc).
1169 1511 1191 1576 i.
1208 1531 1236 1576 e.
1258 1511 1367 1576 Cbris·

177 1639 285 1702 tinnus
311 1636 444 1724 aliquis,
475 1636 600 1702 nomine
627 1634 761 1707 Ananias
789 1636 929 1724 (upon).
961 1637 991 1701 ls
1020 1635 1136 1703 dieitur
1163 1634 1242 1701 inira
1271 1635 1364 1724 (Cap.

176 1760 276 1826 XXII
297 1785 304 1826 :
326 1759 384 1848 lb)
403 1764 454 1825 vir
472 1763 643 1825 secundum
668 1763 765 1843 lepem
787 1763 999 1827 testimoniam
1022 1760 1137 1824 babens
1161 1757 1198 1823 ob
1223 1759 1367 1824 omnibus

178 1883 429 1950 cohabitantibus
445 1886 589 1951 ludaeis.
605 1883 728 1970 Quibus
744 1883 847 1950 verbis
861 1883 996 1950 Ananias
1013 1883 1065 1949 ille
1082 1881 1270 1948 describitur
1287 1894 1364 1949 tam·

180 2026 275 2093 quam
298 2007 359 2085 vir,
381 2007 431 2073 cui
449 2006 554 2074 ludaei
579 2007 766 2074 Damasceni
791 2006 929 2073 universi
947 2004 1158 2073 testimonium
1182 2003 1368 2092 praeberent

179 2130 261 2196 vitae
277 2130 463 2220 inculpatae.
491 2133 540 2198 Ex
562 2131 674 2199 iisdem
699 2130 802 2197 verbis
819 2130 911 2196 etiam
936 2128 1135 2216 colligimu5‚
1152 2127 1304 2194 Ananiam
1330 2146 1369 2194 ex

180 2252 295 2320 ludaeo
319 2252 433 2320 laetum
458 2252 554 2320 luisse
571 2254 795 2321 Christianum.
814 2254 960 2320 Ceterum
978 2272 1038 2318 non
1056 2249 1272 2339 improbabilis
1290 2271 1368 2340 quo-

179 2378 324 2446 rumdam
352 2380 530 2447 coniectura
561 2392 623 2459 est,
653 2380 805 2447 Ananiam
834 2379 920 2446 illum
947 2379 1043 2446 luisse
1068 2376 1280 2454 sacerdotem,
1312 2378 1365 2465 qui

179 2501 448 2569 Damascenorum
473 2501 723 2569 Christianorum
748 2523 854 2570 curam
880 2501 1028 2590 genered.

228 2635 259 2688 et
273 2626 357 2689 dimit
373 2627 415 2690 od
432 2627 523 2691 illum
538 2628 694 2691 Dominus
711 2623 824 2715 (lesus)
840 2627 874 2689 in
890 2627 974 2704 nisu,
991 2623 1076 2702 etc).
1092 2624 1151 2691 Gr.
1169 2644 1198 2685 eo
1215 2625 1361 2713 ὁραματι,

181 2745 220 2814 de
237 2769 298 2835 quo
315 2749 385 2816 vide
402 2771 481 2838 quae
505 2750 638 2818 dioimus
662 2751 742 2817 iulra
765 2750 805 2816 ad
820 2751 897 2839 Cap.
917 2752 949 2817 X
967 2770 975 2811 ε
996 2751 1029 2817 5.
1045 2787 1088 2798 —
1105 2752 1184 2814 Ecce
1201 2770 1255 2832 epo
1273 2749 1367 2816 relert

182 2870 372 2938 Hebraicum
404 2889 483 2955 rnna,
510 2874 568 2940 nisi
592 2874 730 2962 quadiu
755 2894 791 2940 eo
816 2875 993 2940 Pronomen
1017 2872 1048 2937 in
1072 2874 1261 2938 Accusatioo
1284 2873 1368 2960 cogi·

182 2994 309 3062 tandum
327 3005 384 3062 est.
411 2996 528 3063 Sensus
545 3009 590 3064 est
606 3018 612 3059 :
631 3009 862 3082 praestosum,
882 3007 1007 3085 paratus
1029 2994 1067 3062 ad
1092 2995 1266 3084 peragenda
1287 3016 1365 3084 quae

182 3121 292 3188 iubere
309 3121 363 3188 tibi
381 3121 544 3210 placuerit.

217 3375 237 3440 ¹)
254 3376 330 3429 Hom.
346 3379 406 3429 xlx
424 3380 451 3430 in
468 3381 525 3431 Act.
536 3379 585 3445 Ap.
601 3392 606 3427 :
620 3368 751 3457 Kureyr-
797 3390 891 3430 uorou
907 3389 960 3429 του
973 3367 1123 3455 Χριστου,
1138 3391 1201 3432 επει
1217 3392 1267 3432 και
1281 3370 1366 3446 odron

183 3475 315 3530 νωσκεν,
345 3467 448 3533 inquit,
472 3451 579 3519 ἑαυτου
610 3481 659 3520 επι
690 3482 752 3532 τοις
796 3451 1077 3537 (Αηῃηῑειεμδιδαξεν
1096 3455 1364 3545 peuuorouoodeu,

183 3566 362 3633 γινομενας,
377 3540 611 3636 εξωμολογειτο,
627 3571 748 3633 ηυχετο,
795 3543 941 3632 εβαπτισε
959 3543 991 3609 de
1009 3571 1111 3632 porco.
1133 3583 1145 3609 «
1166 3565 1367 3615 corcomenon

183 3633 348 3725 παρεκαλει
370 3657 421 3698 τον
446 3633 535 3700 Θεον.
566 3652 594 3703 h.
616 3667 639 3704 e.
662 3674 674 3700 «
694 3654 751 3705 Suu
796 3658 830 3696 ec
855 3640 1017 3707 Compluris
1048 3645 1176 3710 apostolis
1198 3647 1302 3697 uocauit
1327 3646 1368 3698 oct

182 3733 432 3796 postcummun,
446 3734 625 3800 confitebatur,
638 3737 748 3798 orabat,
795 3729 867 3779 arrisit
878 3729 914 3779 od
926 3728 1005 3779 Pauli
1016 3730 1224 3782 institutionem?
1237 3731 1305 3792 Quia
1314 3744 1367 3782 non

182 3814 297 3879 ropabat
310 3816 400 3866 Deum.
415 3835 426 3860 o
796 3811 931 3876 oportebat
949 3811 1023 3862 illum
1038 3828 1088 3878 per
1104 3814 1237 3876 domines,
1259 3817 1303 3866 sed
1317 3829 1368 3880 per

217 3895 237 3961 ¹)
261 3895 288 3947 S.
314 3897 403 3963 Chrys.
430 3898 505 3950 Hom.
532 3901 580 3951 xx
605 3902 632 3951 in
656 3902 712 3954 Aer,
743 3918 749 3953 :
796 3895 883 3958 ipsum
914 3892 1047 3945 Christum
1081 3897 1192 3948 institui.
1220 3896 1293 3950 Nam
1324 3896 1368 3948 bie

182 3962 220 4027 Τι
238 3958 365 4042 bunone,
384 3981 484 4047 inquit,
502 3963 609 4030 nudarat
624 3992 684 4032 των
701 3994 751 4032 uc·
797 3974 929 4042 (Ananias)
941 3975 1009 4026 nibil
1024 3978 1112 4041 ipsum
1123 3979 1226 4041 docuit,
1244 3980 1290 4031 sed
1302 3985 1366 4031 toro·

182 4075 321 4144 poponem
348 4054 526 4120 αποστολων
544 4050 622 4120 ‘oure
649 4058 751 4122 eunie-
797 4057 1022 4121 lumbalmwvt‘l·

183 4166 254 4221 ceu,
274 4168 340 4208 oure
361 4145 518 4210 απεστειλε
538 4171 610 4237 προς
630 4172 682 4222 την
698 4173 751 4213 του

183 4231 316 4297 Παυλου
331 4237 514 4322 colurneam
533 4242 577 4301 tn
594 4263 647 4302 ουκ
663 4263 751 4329 errem
831 4273 850 4338 n
868 4272 968 4326 videsis
979 4275 1072 4328 aaron.
1083 4276 1117 4328 au
1128 4290 1172 4328 an.
1186 4276 1248 4328 our.
1261 4275 1302 4337 aa,
1315 4275 1330 4342 s
1341 4279 1365 4328 r.

184 4319 226 4387 δι’
242 4326 407 4414 ανθρωπων
424 4329 577 4417 εναγεσθαι
587 4377 596 4408 ‚
615 4326 696 4391 aliu
712 4326 752 4394 δι’
798 4355 887 4409 Lopin,
900 4356 934 4408 ad
948 4355 974 4407 h,
987 4356 1004 4408 1,
