3074 5054
468 367 605 433 CAPUT
635 365 716 443 Vll,
754 364 874 432 VERS.
913 368 1061 435 tto-58.
1295 373 1359 438 not

191 559 341 648 (osanna),
360 564 410 628 ani
437 578 548 625 nomen
574 569 639 624 erat
664 557 787 625 Saulus,
815 560 845 624 is
870 557 1032 625 homicidii
1049 558 1143 626 huius
1160 559 1269 626 sceleri
1286 579 1360 626 aon-

190 685 347 765 santiebat,
366 696 399 752 ut
417 685 484 773 ipse
501 684 589 751 dese
608 692 737 749 testatur
759 682 847 772 (Aet.
865 684 961 749 XXll
978 708 986 749 :
1006 684 1065 772 20)
1085 710 1092 748 ε
1116 684 1196 750 Cum
1212 688 1362 770 sundere·

190 821 238 873 tar
252 811 381 892 sanpuis
405 807 563 891 Stephani
588 808 675 873 testis
692 809 757 890 tui,
777 805 896 895 inquit,
914 827 968 889 epo
986 809 1165 892 adstabant,
1185 818 1216 873 et
1231 830 1361 875 aoaasen-

188 935 312 1012 tiebam,
331 946 362 1000 et
377 933 589 998 custodiebam
605 934 789 997 uestimenta
805 932 1069 1014 interficientium
1085 936 1189 1000 illum.

227 1060 392 1139 Dicuntur,
423 1069 545 1125 notante
573 1056 739 1124 Kuinoelio
762 1056 801 1124 ad
826 1056 859 1124 h.
880 1057 1068 1136 1.,νεανιαι,
1095 1083 1174 1137 oeae,
1193 1081 1358 1137 νεανισκοι,

186 1186 272 1252 etiam
289 1186 329 1266 ii,
345 1184 397 1274 qui
423 1184 461 1251 ad
477 1194 605 1251 aetatem
622 1183 744 1249 virilem
761 1193 986 1271 pervenerunt,
1004 1185 1081 1265 vini,
1101 1186 1154 1273 qni
1171 1184 1273 1253 adhue
1290 1197 1362 1252 sunt

184 1308 363 1375 florentibus
390 1309 491 1375 annis.
519 1307 671 1388 DavideS,
696 1319 850 1374 certamen
876 1328 948 1374 aum
973 1309 1117 1377 Goliatho
1143 1311 1359 1398 ingressurus,

183 1453 199 1499 a
222 1434 270 1500 Fi.
298 1431 432 1521 losepho
452 1431 597 1522 (Antiqq.
617 1434 678 1500 Vtt
697 1454 705 1494 ι
726 1435 758 1499 9.
785 1431 818 1513 i)
836 1442 963 1500 vocatur
985 1455 1158 1513 νεανισκος,
1183 1456 1254 1502 aum
1280 1446 1362 1502 esset

181 1557 244 1622 iere
268 1557 392 1643 triginta
412 1576 509 1623 annos
534 1567 634 1623 natus.
660 1557 722 1623 Dio
746 1556 872 1622 Cassius
896 1556 980 1643 (Lib.
1008 1558 1064 1644 56)
1088 1560 1361 1638 Caesareanum

180 1682 246 1748 tere
266 1692 347 1747 esset
363 1681 564 1768 quadraginta
579 1701 676 1748 annos
700 1690 808 1761 natue,
827 1679 902 1748 diait
921 1703 997 1748 neon.
1024 1682 1076 1749 Sia
1100 1693 1130 1749 et
1145 1683 1254 1750 Cinara
1270 1681 1362 1772 (Phi-

179 1804 258 1894 lipp.
285 1807 318 1871 i.
346 1805 403 1890 ii)
423 1804 610 1885 Antonium,
636 1804 688 1893 qni
713 1805 907 1893 trigesimum
930 1826 1045 1872 annum
1066 1808 1224 1895 attigerat,
1243 1811 1363 1874 adoles-

178 1942 301 1996 centem
317 1931 497 1997 nominat...
520 1929 741 1998 phavorinus:
761 1952 912 2006 νεανισκος
935 1936 988 1995 an'
1009 1956 1081 1996 ετων
1102 1956 1285 2026 εικοσιτριων
1309 1931 1363 2008 ἕως

177 2075 254 2117 &Titii
270 2076 609 2146 TPtdliOdl'dil'EO'O'dpbil),
628 2079 646 2128 η
662 2077 892 2145 tedoapotttottttt
909 2051 983 2130 ἑνος.

224 2299 280 2366 58.
299 2300 346 2364 Et
363 2301 545 2384 lapidabant
567 2300 788 2389 Stephanum).
808 2303 873 2367 lam
897 2321 990 2388 supra
1008 2302 1066 2382 (vs.
1086 2304 1140 2386 57)
1158 2299 1276 2369 dietum
1293 2302 1361 2369 iuo-

178 2433 229 2488 nat
251 2424 434 2506 lapidabant
454 2424 671 2507 Stepbanam5
689 2445 746 2491 nea
767 2436 867 2492 tamen
892 2424 990 2491 oratio
1016 2425 1199 2512 tautologiae
1222 2437 1286 2506 est;
1305 2425 1360 2492 sed

177 2546 223 2612 ibi
249 2551 437 2612 nominatur
465 2546 672 2636 suppliciunt,
697 2548 780 2636 qaod
801 2569 861 2633 quo
882 2550 973 2612 modo
996 2546 1152 2635 Stephano
1181 2549 1357 2628 intulerint,

177 2666 290 2734 deinde
302 2670 506 2736 describitur.
522 2672 629 2759 ltaque
645 2671 768 2738 mallem
782 2670 940 2740 avoaibus
955 2690 962 2732 :
979 2682 1009 2736 et
1026 2681 1116 2736 testea
1133 2673 1358 2756 deposnerunt,

177 2811 289 2887 novam
307 2792 455 2860 inchoate
472 2795 668 2861 sententiani.

226 2919 423 2984 invocantem
447 2931 476 2985 et
500 2921 680 3006 dicantem).
706 2919 786 2985 Cum
808 2930 931 2986 ventum
956 2931 1037 2987 esset
1059 2920 1098 2986 ad
1122 2920 1358 3009 lapidationem,

176 3041 244 3105 sibi
258 3039 434 3129 Stephanus
458 3044 619 3109 invocabat
643 3040 889 3129 (επικαλουμενον
910 3045 1063 3133 Pantiaip.
1090 3042 1193 3132 Med.)
1209 3046 1278 3113 soil.
1296 3049 1360 3111 Do-

178 3166 301 3230 minum
329 3166 453 3245 Iesum,
483 3177 517 3232 nt
545 3168 642 3233 series
670 3167 819 3234 orationis
847 3166 949 3234 donat.
982 3195 995 3226 α
1024 3170 1110 3235 Patet
1137 3168 1231 3249 ltine,
1260 3169 1361 3257 inquit

179 3289 285 3356 Estius
301 3289 348 3379 (in
368 3288 429 3357 loa.
445 3289 540 3358 diffie.
555 3291 594 3358 ad
607 3291 639 3357 h.
656 3292 707 3377 1.),
727 3311 820 3380 quam
837 3292 932 3373 mala,
952 3293 1014 3360 nno
1032 3293 1126 3381 impie
1142 3292 1268 3382 quidam
1285 3293 1360 3360 olim

179 3414 352 3491 senserint,
371 3414 472 3481 solutu
489 3416 613 3482 Patrem
630 3435 698 3482 esse
713 3435 731 3482 a
748 3416 838 3483 nohis
859 3415 1063 3483 invocandam
1080 3436 1136 3504 pen
1152 3416 1284 3497 Filium,
1298 3438 1360 3485 non

178 3550 280 3606 auten
305 3539 409 3627 ipsum
434 3541 568 3620 Filium3
595 3560 665 3607 nant
689 3540 741 3608 hie
764 3540 847 3607 olane
872 3552 1001 3608 testatur
1025 3542 1145 3618 Luaas,
1169 3539 1361 3629 Stephanum

180 3663 380 3729 inuocantem
405 3663 520 3730 dixisse
548 3689 555 3731 :
582 3667 717 3730 Domine
741 3666 836 3745 Jesu,
864 3676 923 3732 eto.
950 3693 963 3722 »

227 3790 362 3855 iiome'ne
382 3787 484 3877 iesu).
504 3791 562 3859 Gn.
581 3791 675 3880 Kopai
700 3790 807 3871 Inooa,
830 3790 883 3856 ubi
908 3791 999 3864 Inaoo
1020 3803 1066 3857 est
1089 3791 1120 3856 in
1140 3791 1308 3868 Vocatium,
1328 3801 1361 3857 ut

180 3911 280 3978 Mane.
301 3913 315 3978 1
335 3936 343 3978 :
362 3913 406 3979 ii
429 3923 460 3979 et
482 3912 582 4000 Apoa.
601 3913 699 3979 XXll
719 3934 726 3975 ε
747 3915 808 3991 9.0;
831 3912 872 3980 of.
892 3914 950 3981 Gr.
970 3934 1039 4002 pag.
1058 3917 1113 3983 to.
1135 3917 1165 3981 i.
1187 3917 1268 3982 Eum
1293 3915 1361 3983 Ste-

180 4033 304 4124 phanus
320 4035 459 4114 invocat,
479 4056 571 4124 quem
587 4035 679 4102 modo
696 4034 866 4122 gloriosum
882 4037 1020 4118 viderat,
1038 4048 1091 4104 ant
1105 4035 1208 4104 adhue
1223 4037 1357 4118 videbat,

181 4164 220 4221 nt
241 4157 355 4223 sentiae
378 4154 500 4223 videtur
524 4157 683 4237 Ecclesia,
703 4176 782 4245 quae
800 4159 846 4225 sia
862 4159 944 4225 canit
963 4181 970 4222 :
992 4159 1070 4226 Cum
1089 4182 1242 4226 sanorum
1258 4165 1360 4245 anepi-

182 4282 321 4344 tantinm
344 4280 468 4345 turbina
490 4291 687 4364 quateretur,
714 4282 800 4347 inter
819 4284 978 4348 aethereos
1003 4286 1095 4348 aulae
1115 4286 1251 4350 coelestis
1269 4286 1360 4351 sinna

183 4402 291 4467 diuina
307 4403 338 4466 ei
354 4404 484 4467 claritas
501 4406 604 4486 fulsit.
