3074 5054
493 365 630 433 CAPUT
664 366 717 448 Χ,
756 363 878 433 VERS.
916 365 1038 431 7-tt.
1291 365 1357 431 279

187 561 260 645 quid
276 570 334 624 est.
351 557 384 625 Si
401 575 504 622 sermo
521 555 561 622 sit
576 557 614 619 de
638 577 691 639 re,
710 578 851 630 εκστασις
867 574 947 644 quae
963 553 1015 622 hio
1031 553 1164 634 dicitur,
1179 552 1359 643 intelligitur

183 695 275 752 status
291 684 338 764 is,
357 682 389 748 in
405 701 467 769 quo
489 679 582 746 homo
605 680 881 768 supernaturaliter
904 700 921 746 a
945 700 1001 746 suo
1024 699 1156 768 corpore
1179 679 1267 769 quasi
1284 678 1359 746 alie·

184 822 283 892 natur,
297 821 329 876 et
344 809 462 897 rapitur
475 806 512 874 ad
530 807 821 897 contemplationem
838 825 943 872 rerum
959 805 1199 892 intelligibilium
1215 817 1267 872 aut
1283 806 1359 872 ima-

180 938 302 1026 ginum,
322 954 401 1024 quae
418 945 483 1000 tum
505 932 653 1000 divinitus
675 934 777 1000 animo
801 932 868 998 eius
891 930 1039 998 induntur
1062 941 1115 997 aut
1137 929 1355 998 informantur.

224 1187 371 1252 ll—ld.
398 1184 444 1248 Et
467 1184 549 1247 uidit
564 1184 681 1247 coelum
705 1191 872 1264 opertum,
891 1178 978 1260 etc).
997 1181 1033 1246 ln
1056 1199 1091 1245 ea
1116 1180 1228 1247 exstasi
1245 1179 1358 1246 cousti-

178 1320 279 1390 tutus,
305 1309 410 1376 animo
432 1305 515 1373 videt
538 1307 659 1398 (Θεωρει)
693 1304 814 1372 coelum
841 1324 950 1393 magno
975 1304 1060 1373 hiatu
1081 1305 1175 1371 veluti
1198 1317 1357 1393 apertum,

176 1433 313 1522 indeque
341 1433 592 1516 conceptaculum
616 1434 773 1517 quoddam
801 1433 918 1517 (σκευος
941 1454 983 1493 τι.
1008 1429 1090 1497 Vide
1113 1449 1207 1518 supra
1224 1429 1262 1497 ad
1279 1430 1355 1519 Cap.

176 1559 252 1624 IX:
275 1553 327 1633 lli)
349 1558 434 1622 velut
456 1559 588 1621 linteum
615 1577 768 1638 maguum
784 1551 836 1634 (ὡς
853 1554 953 1622 adorno
979 1551 1138 1642 μεγαλην),
1157 1565 1289 1642 quatuor
1305 1574 1358 1621 ex-

176 1681 385 1748 tremitatibus
402 1699 537 1769 superne
557 1679 733 1766 alligatum,
752 1678 869 1746 demitti
894 1678 925 1744 in
945 1687 1070 1744 terram.
1097 1678 1357 1767 Conceptaoulum

176 1802 239 1870 hoo
262 1802 400 1892 speeiem
425 1801 576 1868 referebat
598 1802 730 1890 ingentis
747 1801 909 1869 cuiusdam
925 1801 1123 1868 linteaminis.
1149 1803 1307 1891 Erantque
1324 1804 1355 1869 iu

175 1927 288 1995 eodem
313 1936 454 1994 contenta
471 1930 576 1992 omniu
598 1949 714 2011 ponera
738 1927 849 2010 (παντα
868 1951 906 1990 τα
923 1946 993 1994 oum
1010 1927 1162 2011 Articulol
1180 1928 1356 2018 quadrupe·
1403 2008 1405 2013 ,

176 2053 273 2133 dum,
292 2052 467 2141 reptilium,
486 2064 516 2119 et
531 2052 717 2130 volatilium,
732 2052 871 2141 adeoque
887 2051 1031 2119 animalia
1053 2053 1167 2121 munda
1189 2054 1357 2122 immundis

176 2176 326 2244 admixta.
341 2215 385 2224 -
402 2177 486 2242 lnter
506 2176 667 2257 animalia,
694 2197 772 2265 quae
795 2177 909 2246 munda
925 2197 1003 2266 quae
1018 2177 1177 2245 immunda
1194 2199 1357 2247 censeren-

177 2312 246 2378 tur,
270 2300 398 2368 dooetur
420 2300 548 2366 Levitic.
574 2301 639 2377 XI,
665 2311 695 2366 et
717 2302 888 2367 Deuteron.
913 2302 1004 2369 XlV.
1023 2340 1067 2349 -
1083 2301 1132 2368 Ad
1154 2303 1282 2369 Levitic.
1307 2306 1354 2371 Xl

178 2408 295 2492 uidesis
323 2425 490 2502 Larinum,
519 2425 571 2512 qui
597 2425 628 2490 in
646 2437 831 2509 orpumeuto
856 2425 1025 2514 praemisso
1046 2426 1113 2493 eius
1135 2430 1356 2497 commentario

177 2550 212 2616 in
229 2548 289 2617 hoo
313 2560 422 2638 eaput,
449 2550 540 2615 etiarn
563 2549 624 2636 agit
640 2548 678 2615 de
698 2550 814 2616 ratione
838 2550 973 2639 impositi
997 2549 1119 2617 ludaeis
1144 2553 1299 2641 praecepti
1317 2553 1355 2620 de

177 2673 361 2740 abstinendo
383 2673 421 2739 ab
445 2671 677 2740 immundorum
699 2673 878 2741 animalium
902 2695 968 2742 esu.
996 2674 1029 2741 S.
1055 2675 1191 2742 lustinus
1212 2675 1352 2762 (Quaest.

177 2801 223 2866 89
251 2798 289 2865 ad
317 2797 527 2881 Orthodoxos)
549 2808 665 2876 censet,
689 2798 719 2862 in
744 2797 797 2863 illo
821 2797 997 2865 linteamine
1021 2797 1158 2866 exhibita
1179 2798 1275 2867 luisse
1299 2801 1356 2869 im-

179 2923 295 2991 munda
318 2935 434 2990 tantum
458 2922 619 3001 animalia,
646 2943 707 2989 non
731 2942 804 2988 vero
833 2923 924 2989 etiarn
953 2924 1083 3006 munda3
1111 2925 1165 2993 sed
1192 2927 1353 2996 uobiscum

178 3048 296 3115 faciunt
312 3047 345 3114 S.
368 3048 579 3133 Hieronymus
595 3047 637 3127 (in
654 3048 730 3136 Cap.
750 3047 793 3114 58
818 3047 1015 3131 Ezechielis),
1035 3062 1064 3114 et
1079 3049 1231 3138 Origenes
1246 3051 1352 3133 (llum.

178 3174 201 3239 ἢ
227 3172 257 3236 in
281 3172 357 3259 Cap.
377 3173 397 3238 2
415 3172 530 3238 Genes.
556 3170 654 3260 (apud
669 3173 764 3237 Corn.
786 3172 936 3261 aLapide
951 3173 988 3241 ad
1005 3174 1075 3240 Act.
1094 3176 1126 3240 X
1145 3195 1152 3236 ε
1176 3173 1247 3256 ta);
1265 3188 1357 3263 atque

178 3294 264 3361 lruno
281 3292 469 3361 intellectum
487 3295 620 3382 postulat
636 3296 796 3383 appositus
813 3295 883 3362 voci
900 3318 999 3359 παντα
1016 3296 1175 3364 Articulus
1191 3295 1303 3378 (rouro.
1318 3323 1356 3362 τα

177 3414 373 3509 τετραποδα,
391 3443 421 3480 κ.
440 3442 468 3483 τ.
489 3416 519 3480 λ.

228 3667 372 3733 ta-lt.
398 3667 444 3729 Et
462 3669 548 3749 [octo
568 3675 612 3730 ost
636 3669 863 3746 coccoloum,
889 3665 979 3747 atel.
1006 3669 1125 3736 Vocem
1149 3668 1201 3736 hio
1222 3669 1357 3758 intellige

179 3791 370 3868 montaum,-
394 3788 514 3855 scilicet
536 3790 700 3854 uidebatur
716 3789 777 3855 sibi
799 3791 910 3857 Petrus
933 3790 1040 3858 audire
1064 3811 1170 3858 rocem
1193 3792 1231 3858 ad
1256 3812 1289 3858 se
1311 3791 1358 3859 di-

178 3915 279 3982 centis
298 3939 306 3979 :
325 3914 426 3997 Surpo
449 3914 561 3993 Petro,
579 3926 683 3981 macte
707 3927 735 3979 ot
752 3937 882 3999 vescere,
903 3916 986 3982 nullo
1004 3916 1082 3983 facto
1099 3915 1276 3983 animalium
1293 3916 1356 3984 dis·

179 4039 329 4107 crimine!
348 4039 397 4106 Ad
414 4059 504 4126 quam
522 4039 732 4106 invitationem
749 4041 860 4107 Petrus
876 4043 939 4106 sibi
954 4041 1118 4106 uidebatur
1142 4039 1352 4129 respondere:

179 4163 289 4241 Absit,
305 4162 464 4242 Domine,
478 4173 512 4230 ut
525 4160 584 4230 hoc
599 4162 725 4229 faciant
743 4167 817 4249 putu
834 4162 901 4244 (ὁτι)
919 4164 1087 4232 discrimen
1100 4164 1241 4232 ciborum
1254 4164 1355 4233 adhuc

182 4344 355 4354 ...-.---

214 4444 234 4510 ¹)
251 4444 295 4496 Sic
306 4443 339 4495 ad
352 4458 379 4496 se
391 4444 540 4510 loquentem
552 4443 736 4510 compellabat,
750 4448 884 4512 tamquam
899 4446 1027 4511 ignotum.
