3074 5054
138 164 204 233 518
478 165 614 234 ACTUS
637 163 973 246 APOSTOLORUM,

135 355 297 447 (ηκουσα).
323 359 427 448 Aac).
455 395 499 407 -
524 355 606 424 Vide
631 353 702 424 heic
723 355 805 424 dista
827 354 865 423 ad
887 356 966 445 Cap.
992 356 1067 424 lX':
1092 359 1128 424 7.
1150 359 1324 448 -Pergit

138 481 252 550 Paulus
271 505 280 548 a
300 482 339 548 nt
359 479 422 549 dixi
449 505 456 548 :
481 480 634 562 Domine,
656 483 735 568 qnid
755 483 902 568 sociem?
923 478 967 570 (τι
988 504 1120 564 nosnos,
1144 495 1211 551 wat
1238 496 1323 551 meet

134 608 166 673 its
175 608 282 674 doen?
298 604 368 673 side
380 607 438 674 Gr.
453 608 616 694 pag.'500.
636 602 684 692 β).
701 606 857 674 Dominus
872 616 974 674 antem
987 604 1066 673 dixit
1077 604 1116 673 ad
1129 626 1180 673 me
1195 628 1203 671 z
1220 607 1322 697 Surge

134 750 171 799 ac
186 729 354 820 (αναστας,
372 740 536 819 opgcstaan
553 727 663 819 zijndc)
688 728 764 797 vade
788 731 992 810 Damascum
1012 741 1042 796 et
1061 729 1103 798 ibi
1122 729 1247 799 dicetur
1263 733 1320 800 tibi

138 854 177 923 de
193 854 338 924 omnibus
358 855 448 944 (deser
462 857 515 920 zat
532 865 577 920 tot
591 876 613 920 o
627 857 800 940 pesprolserc
814 858 942 922 worden
961 877 1036 921 coer
1051 855 1153 941 oties),
1169 878 1252 943 poce
1268 850 1321 946 (ὧν

139 997 197 1069 pro
213 977 251 1057 ἁ,
266 997 323 1066 pen
338 976 573 1060 Attraetionem)
599 977 651 1042 tibi
664 989 833 1063 praecepto
848 990 924 1045 stent
937 980 1083 1063 socienda
1099 977 1254 1060 (τετακται
1272 1005 1321 1046 σοι

139 1124 282 1182 ποιησαι,
300 1112 365 1168 scot
380 1122 402 1167 cc
417 1102 542 1167 bevoleo
558 1103 585 1166 is
601 1111 630 1165 tc
645 1102 749 1188 doen).

187 1350 331 1418 11-16.
358 1350 402 1414 Et
414 1367 486 1414 com
501 1366 565 1412 oon
580 1347 739 1423 viderem,
759 1343 851 1433 ete).
877 1344 982 1432 Pergit
999 1342 1169 1433 Apostolus
1188 1365 1196 1411 ε
1215 1344 1321 1431 Quum

138 1474 213 1540 vero
232 1491 293 1539 non
311 1469 446 1538 viderem
468 1491 548 1554 prce
574 1475 646 1559 (απο
663 1466 702 1535 de
718 1489 828 1552 caeso,
847 1479 881 1535 nt
897 1488 967 1558 pag.
983 1466 1065 1556 482)
1076 1468 1246 1552 splendore
1261 1477 1322 1557 (της

139 1592 241 1685 deinc)
258 1595 341 1663 illins
357 1593 436 1663 lueis
449 1597 494 1682 (q.
513 1591 546 1660 d.
561 1614 660 1678 qoem
672 1593 817 1658 laederem
832 1593 937 1657 ocotos
957 1593 1044 1656 itlius
1060 1592 1138 1656 tucis
1152 1593 1322 1674 splendore

139 1724 186 1789 sic
198 1721 406 1805 perstrictos,
424 1728 459 1784 ot
476 1719 558 1784 citit
574 1719 702 1783 omnino
725 1718 887 1802 viderem),
905 1736 1004 1780 mono
1024 1716 1136 1781 ductes
1160 1714 1322 1806 (χειραγω-

138 1848 293 1936 γουμενος)
310 1844 348 1909 ob
364 1845 405 1909 iis
420 1843 477 1927 qui
490 1860 613 1908 mecum
629 1850 720 1906 erent
743 1838 813 1921 (ὑπο
836 1862 895 1902 των
919 1861 1068 1904 evocarer
1086 1838 1163 1927 μοι),
1189 1842 1321 1909 Damas-

140 1991 212 2039 cum
230 1969 311 2036 veni.
327 1967 396 2036 lllie
410 1977 514 2036 antem
530 1965 665 2035 Ananias
685 1964 828 2055 qnidam,
845 1968 898 2032 cir
913 1969 955 2033 od
973 1967 1067 2052 Lapis
1086 1988 1233 2034 normam
1247 1971 1322 2054 pios

140 2099 230 2187 (ανηρ
247 2090 379 2170 ευσεὲηῷ
393 2117 473 2157 κατα
496 2115 546 2157 το)
570 2089 688 2178 νυμον),
714 2090 795 2159 bono
820 2091 995 2158 testimonio
1011 2092 1049 2157 ab
1065 2095 1212 2160 omnibns
1231 2097 1322 2161 inda·

137 2222 310 2289 ditantibus
323 2221 453 2287 isidoris
469 2219 540 2307 (ὑπο
556 2238 676 2282 παντων
688 2238 748 2280 τω)
761 2239 979 2281 κατοικουντων
992 2213 1168 2303 laudator),
1185 2216 1218 2285 h.
1235 2239 1265 2286 3.
1281 2219 1320 2286 ab

139 2344 285 2414 omnibns
313 2342 436 2411 iudaeis
462 2341 665 2410 Damascenis
688 2343 924 2407 commendatus
948 2343 1219 2432 (μαρτυρουμενος.
1250 2344 1321 2413 vide

137 2469 176 2538 ad
193 2470 269 2558 Cap.
296 2469 328 2535 X
348 2492 356 2536 ε
375 2466 678 2553 2t)ad.1nevenit‚
696 2477 727 2533 et
749 2465 872 2533 adstans
894 2464 970 2534 mihi
994 2485 1087 2534 caeco
1104 2465 1182 2534 dixit
1201 2492 1208 2534 :
1227 2466 1321 2536 Saule

136 2593 245 2674 frates,
259 2595 379 2678 respice
396 2587 606 2680 (eradicatam
622 2593 661 2658 Et
684 2611 741 2680 ego
765 2590 907 2681 protinus
922 2589 1015 2680 (carp
1034 2615 1071 2680 τῃ
1085 2589 1175 2683 opp),
1195 2603 1322 2682 recepto

136 2716 205 2784 visu
222 2719 350 2800 respexi
365 2719 399 2782 ire
416 2738 487 2782 edm
503 2712 664 2803 (ανεόλεψα
687 2739 729 2790 εις
753 2714 868 2796 aaron).
893 2716 975 2783 Tum
993 2715 1046 2783 ille
1065 2736 1072 2777 τ
1091 2717 1179 2783 Deus
1197 2728 1322 2806 patrum

138 2852 317 2909 nostrorum
334 2843 505 2926 assumpsit
527 2839 784 2932 (προεχειρισατο)
801 2850 844 2922 te,
863 2851 896 2907 nt
911 2861 1116 2929 cognosceres
1133 2841 1321 2910 voluntatem

139 2966 224 3046 eiuS,
239 2975 269 3031 et
284 2962 408 3031 videres
425 2965 544 3032 lustum
556 2962 622 3054 (ros
641 2960 777 3045 δικαιον,
793 2964 862 3031 soil.
884 2965 985 3032 lesum
1004 2960 1164 3044 Messian)
1180 2964 1322 3034 audires·

139 3110 200 3180 qne
225 3109 333 3157 vocem
357 3110 396 3157 ex
416 3109 471 3157 one
495 3089 581 3170 eius,
607 3089 679 3180 qnia
703 3089 741 3158 ad
758 3088 858 3180 (προς)
875 3109 981 3156 omnes
1004 3086 1147 3156 homines
1171 3090 1261 3157 testis
1278 3091 1321 3159 ilii

138 3214 201 3282 eris
222 3235 331 3280 eorum
356 3234 435 3300 pace
458 3212 528 3302 (ὡν)
551 3213 653 3282 vidisti
679 3224 710 3281 et
731 3212 856 3281 audisti.
876 3214 914 3279 Et
937 3232 1020 3279 nnnc
1044 3210 1118 3300 qnid
1144 3213 1322 3281 cunctans?

136 3337 286 3428 agedum,
308 3349 355 3421 et,
382 3339 524 3407 invocato
553 3338 678 3406 nomino
698 3337 834 3416 Christi,
861 3336 1030 3427 baptizator
1053 3347 1083 3404 et
1101 3336 1219 3405 abluite
1249 3358 1321 3428 pec-

139 3475 207 3532 cata
223 3468 300 3532 enat

183 3585 264 3666 Δοξα
282 3587 342 3657 hos
358 3589 426 3657 loeo
442 3588 481 3657 de
496 3591 664 3674 splendore
677 3587 804 3664 dicitnr,
825 3594 859 3653 nt
882 3590 896 3654 t
920 3589 994 3653 Cos.
1013 3586 1076 3654 XV
1096 3610 1104 3653 :
1123 3587 1187 3666 to,
1203 3587 1260 3654 it.
1278 3624 1320 3636 —

136 3715 285 3797 Ananias,
296 3714 634 3797 Iudaeo-Christianos,
644 3715 743 3803 legem
756 3715 925 3783 Mosaioam
938 3713 1081 3801 religioso
1094 3711 1198 3781 adhuc
1211 3713 1311 3782 obses

167 3980 186 4045 ¹)
203 3980 269 4032 Via.
282 3995 352 4032 scer.
368 3981 423 4034 Vox
435 3963 555 4052 ευσεβης
569 3996 620 4036 non
633 3984 702 4049 lagi·
749 3965 873 4054 ευσεβης
896 3995 945 4034 nec
963 3963 1094 4052 ευλαβης
1116 3981 1144 4033 in
1167 3986 1292 4036 connato

136 4103 179 4150 tur
190 4097 218 4148 in
228 4096 289 4151 cod·
302 4099 332 4150 A·
345 4098 395 4151 pro
404 4077 525 4168 ευσεβης
535 4101 575 4150 est
583 4095 610 4150 in
620 4096 701 4152 (Μὰ.
750 4068 857 4133 recepit.
870 4065 962 4118 Nescio
973 4079 1007 4117 an
1020 4069 1102 4128 recta;
1119 4067 1287 4158 pntavaninss

751 4151 878 4202 terutsam
899 4160 989 4200 vocem
1010 4161 1025 4198 3
1049 4147 1116 4200 Luca
1140 4147 1176 4200 lbi
1198 4153 1279 4218 script

136 4213 200 4267 BGH
216 4228 266 4268 vox
278 4198 416 4280 ευλαῧης.
430 4215 641 4271 Tischandorfius
658 4233 707 4273 nec
753 4229 842 4283 fuisse.
