3074 5054
254 413 319 477 32⁹2
555 418 557 422 '
591 412 725 480 Actus
760 412 1096 491 APOSTOLORUM,

443 682 634 757 CAPUT
665 684 917 759 bhcltlhtr
970 684 1235 759 TERTlUM.

248 857 602 938 111111111111111111
614 883 710 936 Paulus
721 886 747 933 11
758 881 888 932 Barnabas
900 880 1013 946 Spiritus
1026 882 1115 933 Sancti
1129 855 1233 934 oraculo
1246 882 1429 948 designantur,

291 969 336 1033 qui
354 969 572 1033 praedicationem
583 966 717 1032 Evangelii
729 967 798 1016 inter
812 964 906 1016 Gentes
918 965 1077 1030 suscipiant,
1090 979 1129 1016 vs.
1146 967 1218 1016 l-3.
1231 967 1322 1032 ltaque
1335 968 1430 1019 Antio-

281 1049 338 1100 chia
355 1050 476 1115 proiecti,
495 1051 593 1102 abeunt
610 1049 769 1109 Seleuciam,
790 1061 857 1114 quae
876 1046 1027 1099 Antiochiae
1044 1049 1251 1113 promontorium
1263 1053 1318 1111 est,
1341 1049 1432 1115 ibique

283 1146 422 1184 conscensa
434 1134 495 1184 navi
507 1133 640 1184 vehuntur
652 1133 678 1183 in
692 1130 804 1182 insulam
819 1130 950 1195 Cyprum,
964 1134 990 1181 et
1004 1131 1140 1196 appellunt
1152 1132 1184 1182 ad
1196 1132 1323 1183 celebrem
1337 1132 1431 1183 urbem

283 1215 439 1267 Salaminem
450 1255 456 1271 .
469 1230 536 1282 quae
548 1218 595 1268 sita
609 1220 666 1267 erat
679 1216 705 1265 in
717 1216 773 1266 eius
785 1214 886 1264 insulae
899 1214 985 1264 littore
997 1214 1125 1266 orientali.
1140 1215 1311 1279 Evangelicae
1323 1216 1431 1281 praedi·

283 1299 390 1350 cationis
406 1299 541 1350 exordium
555 1300 590 1350 ibi
605 1300 703 1350 iaciunt
722 1299 750 1349 in
769 1298 908 1362 synagogis
926 1297 1095 1360 ludaeorum,
1110 1303 1136 1349 et
1147 1299 1265 1349 minister
1279 1299 1330 1349 illis
1341 1300 1433 1350 aderat

283 1383 393 1434 loannes
410 1382 525 1444 Marone,
541 1397 580 1433 vs,
599 1382 673 1433 4-5.
695 1381 825 1432 Salamine
846 1380 944 1442 relicta,
961 1384 1040 1431 totam
1059 1395 1136 1446 porro
1157 1383 1267 1433 insulam
1289 1388 1432 1448 peragrant

285 1479 367 1531 usque
378 1465 411 1516 ad
422 1467 515 1518 urbem
526 1467 582 1518 eius
593 1464 756 1531 metropolim
769 1462 886 1529 Paphum
897 1503 902 1524 ,
916 1477 984 1529 quae
995 1465 1043 1514 sita
1058 1469 1114 1515 erat
1125 1466 1151 1515 11
1165 1465 1317 1516 occidentali
1329 1467 1432 1517 insulae

283 1547 377 1599 littore.
400 1548 437 1598 lbi
458 1548 565 1612 Sergius
583 1547 694 1607 Paulus,
715 1544 870 1606 Proconsul,
885 1544 994 1595 Paulum
1013 1550 1039 1597 11
1058 1546 1202 1597 Barnabam
1223 1547 1255 1598 ad
1268 1562 1296 1598 se
1308 1549 1430 1611 arcessit,

282 1629 357 1681 valde
368 1631 476 1696 cupiens
486 1629 577 1681 audire
588 1629 748 1692 doctrinam,
763 1640 841 1694 quam
854 1627 1049 1691 praedicabant.
1071 1627 1143 1678 Hanc
1155 1641 1214 1679 cum
1226 1629 1265 1678 illi
1277 1635 1430 1694 exponunt,

281 1713 392 1764 Iudaeus
411 1713 532 1778 quidam,
545 1711 801 1777 pseudo-propheta,
816 1709 898 1774 Sergii
915 1709 987 1760 Pauli
1001 1699 1149 1772 ¹familiaris,
1165 1710 1293 1776 apostolis
1304 1711 1430 1762 adversa-

283 1799 335 1856 tur,
354 1799 515 1861 conaturque
526 1794 708 1846 Proconsulem
727 1797 843 1845 avertere
861 1807 876 1844 a
894 1793 946 1844 fide
963 1793 1057 1845 Christi
1075 1794 1250 1860 suscipienda.
1266 1794 1316 1845 Sed
1329 1794 1432 1846 falsilo—

284 1891 366 1942 quum
378 1877 449 1928 hunc
460 1877 556 1929 Paulus
567 1877 639 1928 duris
651 1876 737 1927 verbis
749 1863 879 1941 increpat,
891 1880 918 1927 et
935 1875 1068 1927 oculorum
1086 1877 1208 1928 caecitate
1219 1878 1341 1942 percutit.
1354 1877 1431 1938 Quod

282 1971 341 2009 cum
358 1959 465 2024 Sergius
476 1959 595 2022 vidisset,
609 1973 639 2010 11
651 1959 774 2010 miraculo
786 1962 939 2020 commotus,
953 1959 1129 2023 evangelicam
1144 1959 1289 2010 doctrinam
1302 1959 1354 2010 fide
1370 1974 1430 2011 am-

282 2041 413 2107 plectitur,
428 2057 464 2092 11.
477 2043 551 2092 6-11.
565 2042 626 2093 Post
637 2042 700 2092 haec
712 2041 793 2106 Paphi
811 2055 904 2092 navem
924 2041 1010 2092 denuo
1023 2041 1202 2093 conscendunt
1214 2041 1310 2092 Paulus
1321 2043 1431 2108 eiusque

282 2126 389 2176 comites
406 2132 432 2177 et
450 2126 476 2175 in
496 2127 584 2176 Asiam
603 2125 730 2177 Minorem
750 2126 889 2190 navigant,
906 2126 1064 2192 solvuntque
1077 2127 1187 2190 Pergae,
1200 2141 1267 2192 quae
1281 2129 1431 2192 provinciae

284 2207 442 2274 Pamphiliae
453 2208 515 2259 urbs
527 2212 566 2259 est
585 2209 723 2259 maritima.
738 2209 785 2260 Hic
796 2222 811 2259 a
823 2210 902 2261 Paulo
912 2214 938 2261 11
950 2210 1068 2261 Barnabo
1080 2209 1227 2275 digreditur
1238 2211 1348 2262 loannes
1359 2213 1430 2263 Mar-

282 2306 341 2352 cus,
355 2292 557 2358 Hierosolymam
571 2307 733 2354 reversurus,
749 2308 785 2343 vs.
799 2294 840 2344 13.
853 2293 893 2343 1111
907 2307 967 2345 1111
978 2308 994 2345 1
1005 2295 1087 2358 Perga
1099 2296 1207 2345 cuulad
1220 2297 1370 2360 provinciae
1382 2297 1430 2346 Pi-

283 2377 362 2428 sidiae
382 2376 473 2428 urbem
493 2375 674 2440 Antiochiam,
696 2377 740 2428 ubi
760 2377 856 2428 Paulus
875 2377 917 2428 die
938 2377 1043 2429 Sahhati
1071 2379 1099 2428 in
1121 2392 1251 2443 synagoga
1273 2380 1429 2433 ludaeorum

283 2460 426 2511 orationem
438 2459 529 2523 habet,
544 2474 596 2526 qua
613 2460 698 2511 lesum
717 2460 881 2512 Nazarenum
901 2475 956 2512 esse
974 2463 1130 2527 promissum
1149 2464 1268 2514 ltlessiam
1282 2464 1391 2529 probat,
1404 2471 1432 2518 et

281 2548 430 2609 praesentes
444 2544 605 2607 adhortatur,
618 2549 648 2596 ut
663 2545 776 2596 oblatam
795 2547 828 2597 ab
849 2559 879 2597 eo
897 2547 1074 2598 remissionem
1095 2532 1260 2612 peccatorum
1279 2553 1305 2600 et
1316 2549 1429 2600 salutem

282 2625 481 2691 amplectantur,
494 2641 532 2678 vs.
543 2627 648 2678 ra-ta.
662 2628 747 2679 Finita
764 2629 895 2690 oratione,
909 2629 1005 2680 Paulus
1018 2634 1124 2693 rogatur
1135 2635 1164 2680 ut
1180 2633 1300 2696 sequenti
1314 2631 1430 2683 Sabbato

282 2709 372 2763 eadem
383 2710 415 2761 de
427 2723 454 2761 re
465 2711 560 2761 iterum
573 2711 653 2771 dicat;
669 2711 744 2762 multi
756 2715 843 2762 autem
853 2725 886 2763 ex
897 2713 929 2762 iis
941 2714 985 2778 qui
996 2712 1105 2763 Paulum
1115 2713 1141 2762 in
1154 2726 1285 2777 synagoga
1297 2714 1430 2765 dicentem

281 2792 432 2854 audierant,
446 2792 524 2844 fidem
536 2793 612 2844 dictis
622 2792 790 2854 adhibentes,
809 2793 892 2845 soluto
904 2794 940 2844 ibi
952 2799 1098 2857 conventu,
1112 2795 1221 2845 Paulum
1240 2799 1265 2845 et
1283 2795 1429 2847 Barnabam

282 2876 455 2936 conveniunt,
470 2888 535 2940 quos
552 2875 589 2925 illi
601 2875 633 2926 ad
647 2875 865 2940 perseverantiam
878 2875 1060 2937 adhortantur,
1073 2890 1111 2926 vs.
1125 2875 1215 2925 lta-ta.
1229 2876 1355 2941 Sequenti
1365 2891 1430 2929 vero

283 2958 395 3010 Sabbato
413 2960 482 3010 cives
501 2959 652 3010 Antiochiae
673 2959 727 3010 lere
747 2961 878 3020 universi,
896 2959 1012 3026 adeoque
1030 2964 1056 3011 et
1074 2959 1189 3011 Gentiles
1202 2973 1296 3022 magno
1316 2974 1430 3017 numero

282 3042 458 3099 conveniunt,
471 3043 654 3106 Evangelicum
667 3056 813 3094 sermonem
832 3042 957 3093 audituri.
975 3042 1049 3102 Quod
1068 3043 1174 3106 indigue
1189 3042 1301 3092 serentes
1315 3042 1429 3094 ludaeo-

280 3139 339 3176 rum
352 3125 397 3190 qui
409 3124 517 3176 aderant
528 3125 658 3191 plerique,
672 3125 751 3176 Paulo
768 3125 864 3176 dicenti
876 3124 1058 3187 adversantur,
1070 3125 1157 3176 verbis
1173 3124 1345 3188 blasphemis,
1359 3139 1429 3190 quae

281 3207 403 3266 docebat,
416 3211 610 3272 persequentes.
624 3210 707 3265 Quare
720 3207 816 3257 Paulus
833 3211 859 3258 et
876 3207 1022 3269 Barnabas,
1036 3209 1120 3258 missis
1138 3206 1307 3258 antiochenis
1326 3207 1430 3259 ludaeis

257 3351 259 3356 ¹
282 3292 312 3339 ut
322 3288 437 3351 indignis
446 3328 456 3347 ,
465 3288 586 3355 deinceps
598 3289 767 3352 Evangelium
783 3289 934 3354 praedicant
952 3286 1126 3341 antiochenis
1136 3289 1299 3350 Gentilibus,
1313 3303 1427 3355 quorum

257 3360 259 3366 ’
282 3372 373 3436 plures
384 3371 557 3422 Christianam
566 3372 716 3434 religionem
728 3372 889 3436 suscipiunt,
902 3385 940 3423 vs.
953 3370 1059 3422 11-19.
1074 3372 1192 3423 Excitata
1203 3376 1291 3423 autem
1301 3385 1316 3423 a
1325 3372 1429 3425 ludaeis

281 3455 460 3519 persecutione
472 3455 499 3504 in
512 3454 621 3505 Paulum
631 3459 657 3505 et
668 3455 827 3516 Barnabam,
841 3453 866 3504 hi
880 3461 1010 3518 coguntur
1021 3455 1054 3506 ab
1072 3455 1225 3506 Antiochiae
1241 3455 1339 3506 finibus
1351 3469 1428 3508 sece-

279 3537 355 3600 dere,
367 3542 393 3589 et
409 3538 542 3600 iconium,
556 3538 699 3603 Lyaconiae
711 3537 861 3603 provinciae
873 3537 1021 3600 civitatem,
1034 3538 1246 3604 proficiscuntur,
1259 3552 1298 3588 ve.
1317 3540 1427 3590 lio-52.

255 3749 259 3758 ,
292 3702 367 3769 lnde
390 3700 511 3770 abhoc
532 3705 756 3792 capiteusquc
780 3703 818 3770 ad
842 3702 934 3770 finem
957 3703 1048 3782 libri,
1067 3705 1167 3771 Lucas
1191 3704 1255 3770 lere
1274 3725 1335 3770 111
1362 3706 1427 3792 agit

246 3826 305 3892 nisi
334 3827 372 3894 de
398 3828 491 3896 rebus
515 3828 608 3916 gestis
624 3849 641 3895 a
657 3829 753 3895 Paulo
765 3845 777 3907 ,·’
792 3827 853 3895 hoc
870 3839 933 3905 est,
952 3827 990 3893 dc
1007 3827 1183 3916 praedicato
1204 3827 1243 3894 ab
1263 3847 1299 3894 eo
1321 3830 1426 3895 Evau-

244 3948 323 4035 gclio
349 3950 428 4016 inter
452 3952 602 4019 Gentiles.
622 3952 666 4016 Ea
683 3970 768 4038 ergo,
787 3970 866 4038 quac
883 3962 1067 4038 sequuntur,
1086 3952 1273 4019 constituere
1290 3967 1428 4038 possunt

248 4072 341 4138 veluti
366 4074 491 4140 alteram
516 4074 587 4141 libri
612 4085 749 4162 partem,
776 4094 855 4162 quae
880 4072 932 4140 hic
955 4074 1094 4163 incipiat.

294 4313 324 4377 1.
350 4312 458 4377 Erunt
481 4324 585 4377 autern
609 4313 812 4397 inoculatio,
839 4335 918 4397 quae
936 4325 1005 4381 erut
1020 4315 1221 4394 Antiochiae,
1249 4319 1425 4401 prophetae

249 4430 278 4501 11
301 4437 438 4502 11111111
444 4486 457 4520 ,
483 4439 517 4502 ia
533 4437 643 4521 quitos
659 4440 844 4519 Borrtuhcs,
864 4435 954 4522 etc..).
973 4438 1115 4507 Graeca:
1134 4462 1211 4510 ησαν
1232 4436 1267 4504 δε
1281 4480 1326 4492 -
1343 4468 1425 4508 κατα
