3074 5054
477 417 617 488 CAPUT
652 420 701 500 11,
733 416 855 490 Vltus,
892 415 1039 485 2648.
1312 418 1357 484 ot

145 606 320 694 piorum,
353 583 542 696 impiorum,
576 608 644 676 sinc
675 607 856 676 discrimine
892 627 999 675 omnes
1031 604 1258 674 descendebant
1289 615 1360 674 ante

176 727 292 798 Christi
310 742 454 799 mortem.
470 734 516 799 Ed
532 753 606 799 vero
623 733 714 801 etiarn
731 731 847 800 Christi
864 731 997 799 animam
1015 729 1231 811 descendisse,
1246 727 1359 797 Catho-

177 856 255 924 licae
276 859 437 927 Ecclesiae
463 858 603 928 doctriua
628 872 692 942 est,
711 881 791 950 quae
814 870 879 928 tum
897 880 935 927 ex
954 858 1109 950 praesenti
1126 858 1161 926 S.
1180 857 1359 948 Scripturas

178 981 265 1062 loco,
282 994 348 1066 tum
373 1005 410 1054 cx
435 983 553 1075 Ephes.
580 987 711 1068 1V2tt,
732 997 763 1053 et
780 987 794 1052 1
812 988 896 1054 Petr.
916 987 962 1054 111
982 1007 991 1050 2
1013 988 1054 1055 19
1080 984 1260 1053 firmissime
1274 1005 1359 1053 conr-

178 1107 357 1194 probatum.

222 1253 277 1298 uec
291 1236 380 1299 dubis
403 1245 547 1301 sunctum
566 1246 655 1301 teum
674 1238 781 1302 cidere
803 1233 1069 1323 correeptioeeue).
1089 1236 1176 1303 Sicut
1192 1235 1356 1326 superiora

179 1356 270 1423 verba
286 1355 402 1424 Christi
420 1361 565 1424 animum
581 1369 738 1448 spectant,
757 1360 798 1427 ita
814 1359 893 1427 baec
910 1360 949 1426 ad
975 1359 1042 1427 eius
1058 1382 1174 1445 corpus
1197 1360 1360 1429 referenda

176 1491 260 1547 sunt.
284 1483 372 1547 Dore
395 1481 487 1572 (aaa)
510 1484 645 1552 Hebraei
670 1484 813 1553 dicebaut
837 1486 928 1552 etiam
946 1483 984 1551 dc
1001 1488 1195 1552 concedendo
1211 1498 1264 1554 aut
1284 1509 1360 1571 pern

176 1608 329 1673 mittendo
345 1604 391 1695 (v.
410 1628 441 1695 g.
459 1609 541 1678 Gen.
560 1608 703 1699 XXXI),
718 1619 748 1675 et
763 1608 892 1676 verbum
909 1610 1018 1674 cidere
1041 1609 1149 1700 (usp)
1172 1609 1361 1678 adhibebant

178 1728 268 1796 etiam
296 1728 334 1796 dc
362 1734 567 1815 cooperiendo.
595 1734 631 1798 ln
654 1731 778 1800 Psalmo
806 1731 983 1812 Hebraico,
1008 1750 1046 1798 ex
1071 1752 1132 1819 quo
1161 1743 1261 1800 sumta
1288 1744 1361 1800 sunt

178 1852 253 1921 haec
280 1853 392 1936 verba,
414 1857 500 1923 varia
527 1856 580 1924 bic
607 1857 699 1925 lectio
727 1856 865 1924 occurrit
893 1857 924 1923 in
953 1855 1053 1924 Codd.
1084 1856 1175 1925 MSS.
1205 1858 1284 1925 Nam
1314 1856 1357 1925 ibi

178 1976 290 2064 legitur
315 1989 346 2046 ct
371 1990 481 2065 ῆψτᾳη,
508 1981 651 2071 (sauctus
680 1979 764 2066 tuoe)
793 1979 824 2045 in
853 1978 987 2060 Plurali,
1018 1989 1048 2045 et
1075 1990 1170 2067 appetam
1198 1977 1358 2068 (sanctum

179 2099 283 2191 tutem)
305 2103 337 2168 iu
360 2102 532 2190 Singulari3
558 2114 589 2170 at
614 2123 689 2170 vero
713 2102 868 2192 posterior
891 2100 972 2183 baec
1000 2103 1092 2170 lectio
1121 2103 1217 2171 multo
1241 2104 1358 2172 maiore

179 2225 301 2293 testium
319 2246 448 2293 numero
473 2238 607 2317 praestat
628 2227 746 2316 priori,
766 2227 805 2294 ab
827 2225 963 2315 antiquis
987 2226 1183 2295 versionibus
1200 2248 1359 2296 commen-

178 2346 325 2426 detumet
341 2350 545 2439 postulatura
562 2362 724 2434 contextu3
743 2360 777 2418 ut
792 2349 869 2418 adeo
885 2349 998 2437 ambigi
1016 2362 1165 2440 nequeat,
1184 2365 1254 2421 utra
1271 2352 1360 2421 alteri

182 2471 222 2538 sit
238 2472 466 2561 praeferenda².

223 2595 437 2664 Titelmannus
461 2596 693 2687 paraphrastice
709 2596 792 2664 huuc
812 2618 937 2666 versum
953 2597 1000 2663 sio
1016 2597 1154 2686 exponit.
1177 2597 1359 2664 «Divinitas

180 2716 308 2786 enimin
326 2721 434 2787 mortis
451 2720 554 2788 triduo
570 2733 600 2788 ct
621 2723 746 2811 corpori
764 2733 794 2788 et
809 2723 946 2803 animae,
965 2741 1154 2811 quamquam
1170 2721 1209 2788 ab
1226 2720 1358 2788 invicem

180 2841 345 2927 separatis,
364 2863 488 2931 semper
504 2863 631 2910 manens
656 2844 758 2923 unita,
777 2855 944 2933 utrumque
960 2842 1162 2911 inhabitando
1184 2843 1357 2924 custodiet,

179 2961 218 3030 ad
234 2963 402 3032 faciendam
419 2977 491 3056 post
506 2965 600 3034 tridui
618 2978 740 3057 tempus
758 2968 931 3056 praevisam
947 2966 986 3034 ad
1002 2966 1134 3034 invicem
1152 2967 1356 3050 vciinionem',

180 3107 260 3177 quae
282 3090 363 3157 sicut
377 3092 511 3160 animam
528 3091 567 3159 ab
583 3091 723 3172 inferno,
743 3092 784 3159 ita
800 3103 830 3160 et
846 3113 959 3180 corpus
985 3091 1112 3159 reducet
1128 3113 1146 3160 a
1161 3092 1319 3182 sepulcro.
1340 3120 1353 3151 ι

226 3356 281 3423 28.
306 3359 490 3422 eotasmibi
504 3358 611 3442 fecisti
626 3359 695 3422 ciac
707 3360 805 3440 vitoe,
822 3353 912 3443 etc).
929 3355 1085 3425 Hebraico
1098 3366 1144 3424 est
1162 3344 1277 3436 *tamin
1291 3345 1362 3424 edo*-

181 3481 262 3548 cebie
273 3503 323 3547 mc
335 3482 525 3571 experientia
542 3484 626 3547 oium
638 3479 753 3570 (Hebu.
768 3483 830 3560 und
843 3479 875 3545 in
887 3479 988 3568 Sing.)
1001 3484 1098 3564 vitoe,
1114 3479 1148 3547 h.
1165 3501 1193 3547 e.
1210 3470 1360 3548 redeundi

181 3613 315 3669 amortc
330 3603 368 3670 ad
385 3603 498 3684 vitam,
513 3622 592 3692 quae
608 3605 661 3668 oie
686 3613 732 3669 est
749 3622 805 3691 per
822 3606 1158 3670 resuscitationem-
1174 3605 1236 3671 Pro
1253 3603 1363 3669 Latino

181 3751 253 3794 cum
263 3734 345 3815 socie
358 3731 539 3800 lctuGraecc
552 3741 598 3796 est
606 3752 683 3815 μετα
694 3753 748 3793 του
761 3751 926 3819 προσωπου
940 3753 1009 3807 σου,
1018 3729 1072 3798 ubi
1081 3733 1360 3817 perot-notatcpttd,

182 3852 265 3941 quod
274 3853 410 3921 vicinum
423 3861 470 3920 est
482 3853 598 3920 notioni
611 3854 817 3941 Praepecum.
826 3853 958 3920 Sensum
971 3853 1137 3922 verborum
1145 3853 1360 3921 Titclmannus

215 4149 234 4215 ¹)
252 4149 342 4202 Exstat
362 4150 464 4202 erudita
480 4150 626 4203 dissertatio
643 4150 749 4203 aTheo·
795 4150 1269 4216 mino,auctorc.llntverpiae,1586.

181 4231 240 4294 logo
254 4232 331 4298 Belga
348 4234 508 4298 conscripta,
526 4234 567 4284 cni
581 4234 673 4285 titulus
688 4237 746 4285 est:

182 4317 219 4367 De
229 4316 354 4368 descensu
366 4317 426 4386 Jesu
439 4316 533 4368 Cbristi
545 4317 577 4368 ad
591 4316 697 4384 inferos,
715 4330 749 4367 ex
826 4314 846 4382 ¹)
863 4315 903 4368 Cl.
921 4315 976 4367 lob.
990 4316 1112 4387 Berndc
1129 4315 1201 4369 Rossi
1227 4314 1290 4370 Ver.
1302 4315 1360 4366 lect.

182 4397 305 4463 Symbolo
324 4398 507 4464 Apostolorum
522 4403 549 4451 et
568 4399 652 4451 Sacris
664 4398 750 4463 Scrip·
794 4397 828 4449 ad
840 4397 866 4449 h.
879 4399 909 4461 l.,
920 4400 1028 4466 eiusque
1042 4400 1228 4466 snpptemeuta
1242 4401 1278 4451 ad
1293 4397 1359 4452 Var.

182 4481 247 4532 turis
258 4479 333 4544 libor,
344 4479 455 4534 Henrico
464 4482 542 4546 Vico,
553 4480 687 4534 Oosthovii
696 4481 748 4533 Do·
795 4479 853 4533 lect.
866 4479 899 4532 ad
912 4479 938 4531 h.
951 4480 969 4530 l.
