3074 5054
189 381 253 451 lla
540 385 675 455 ACTUS
709 387 1036 471 APOSTOLORUM,

186 593 449 662 congressumque
475 592 546 640 cum
574 572 631 654 iis,
661 575 820 644 victoriam
848 588 1033 666 reportasse.
1063 614 1107 630 -
1134 575 1236 661 Quod.
1251 588 1354 644 eutem

185 698 289 764 Moses
305 696 358 764 hio
372 696 513 764 landatur
533 706 690 787 tamquam
707 712 818 785 potens
835 704 871 768 iu
887 704 1006 779 oerhie,
1021 701 1052 769 id
1076 722 1136 769 non
1154 711 1268 790 pugnat
1283 722 1356 770 oum

186 820 286 888 Exod.
311 822 381 891 lV:
409 824 469 903 lu,
494 821 547 889 uhi
577 825 788 906 impeditioris
812 838 843 892 et
869 829 1020 893 tardioris
1042 829 1168 910 diripuere
1189 826 1287 895 luisse
1308 825 1357 894 di-

185 947 280 1026 citnr,
302 965 397 1033 quum
422 944 482 1012 hoc
506 966 566 1012 non
592 946 755 1035 impediat,
781 951 947 1038 quominus
970 951 1083 1039 aliquis
1107 950 1134 1015 vi
1157 959 1187 1015 et
1207 949 1356 1037 gravitate

185 1079 216 1135 et
231 1069 319 1159 oopia
335 1067 457 1136 dicendi
475 1069 643 1158 plurimum
659 1071 769 1140 valeat.

228 1311 284 1377 ⁶25.
312 1308 393 1375 Cum
409 1322 514 1377 autem
529 1314 715 1396 impleretur
729 1313 770 1394 ei,
791 1308 877 1391 eto).
896 1308 977 1377 Vide
994 1308 1094 1377 Exod.
1113 1313 1142 1378 ll
1159 1338 1167 1380 ε
1188 1313 1244 1380 ll.
1261 1310 1355 1398 Αυτῳ

183 1444 230 1500 est
251 1434 381 1501 Dativus
403 1435 580 1502 Commodi.
605 1435 744 1505 Verbum
765 1432 953 1523 πληρουσθαι
974 1433 1027 1502 hie
1049 1434 1233 1503 sumendum
1254 1447 1301 1504 est
1318 1456 1355 1504 eo

184 1556 376 1645 significatu,
395 1579 457 1646 quo
474 1579 567 1648 supra
580 1558 672 1650 (Cap.
691 1561 722 1627 ll
741 1585 749 1626 :
771 1559 805 1648 l)
821 1558 958 1626 eiusdem
981 1560 1194 1649 Compositum
1211 1557 1355 1646 συμπλη-

184 1681 320 1772 ρουσθαι.
339 1682 448 1771 ltaque
471 1703 581 1751 seusus
603 1694 649 1751 est
667 1708 675 1750 :
693 1705 789 1770 quum
808 1686 930 1750 adesset
946 1686 998 1750 illi
1012 1681 1123 1773 (vitae)
1140 1695 1262 1769 tempus
1276 1707 1355 1771 quo·

182 1809 335 1891 dropiuto
363 1828 543 1892 annorum·
566 1810 599 1873 h.
625 1830 654 1876 e.
680 1828 776 1896 quum
801 1819 889 1875 natus
916 1818 997 1875 esset
1019 1827 1115 1875 anuos
1139 1806 1352 1897 quadraginta.

183 1931 283 1997 Etiam
300 1929 360 1999 hoc
377 1929 455 2020 (vid.
474 1950 568 2019 snpra
592 1951 623 2019 p.
645 1930 741 2019 170),
760 1951 855 2020 quum
879 1931 1021 2019 nuspiam
1037 1931 1068 1997 iu
1085 1931 1255 2020 Scripturis
1272 1942 1355 1998 vete-

183 2056 227 2123 ris
238 2055 426 2123 Testamenti
444 2055 606 2134 referatur,
625 2054 799 2145 Stephanus
815 2076 853 2122 ex
868 2055 1020 2122 maiorum
1036 2074 1164 2122 suornm
1188 2053 1354 2121 traditione

183 2180 338 2248 didicerit.
362 2179 491 2246 Locutio
513 2175 606 2265 ανεβη
629 2203 678 2243 επι
704 2202 755 2254 την
778 2176 904 2270 nerpdruu
928 2202 1021 2243 αυτου
1044 2179 1139 2245 refert
1165 2177 1352 2246 Hebraiuam

182 2299 228 2377 int
259 2298 293 2378 ts
324 2297 420 2389 nqiq,
447 2321 526 2390 quae
549 2301 657 2370 eodem
684 2322 777 2369 seusu
809 2303 919 2390 legitur
953 2303 1065 2368 lenem.
1095 2301 1223 2367 XXXll
1255 2327 1263 2368 :
1294 2303 1351 2369 55.

181 2423 296 2491 Sensus
312 2434 358 2491 est
376 2450 384 2492 :
406 2427 499 2492 Venit
514 2427 544 2490 ei
558 2428 593 2491 in
608 2437 761 2510 mentem,
779 2426 847 2493 Deo
863 2446 918 2493 oor
934 2426 1000 2493 eius
1016 2435 1156 2493 movente
1172 2423 1250 2516 (vid.
1270 2424 1353 2492 inira

182 2546 220 2613 ad
237 2567 284 2614 vs.
304 2550 373 2637 uu),
390 2561 442 2629 ut,
461 2550 569 2616 relicta
584 2549 652 2616 nula
668 2548 856 2630 Pharaonis,
872 2553 1070 2634 prospiceret
1084 2543 1351 2638 (επισκεψασθαι),

180 2692 271 2755 opem
284 2675 395 2757 ferret,
410 2675 616 2758 popularibus
632 2676 697 2739 suis
712 2673 795 2764 (τους
810 2668 958 2764 adripere
974 2669 1095 2760 αὐτου),
1113 2672 1287 2737 Ieroilitis.
1307 2706 1353 2719 —-

180 2794 271 2879 Quod
287 2794 340 2862 hio
362 2795 496 2863 breviter
510 2817 528 2863 a
544 2796 700 2886 Stephano
724 2794 849 2876 dieitur,
874 2787 964 2869 idemj
979 2795 1055 2862 illud
1078 2794 1261 2885 explicatius
1284 2793 1353 2861 dio·

180 2929 244 2985 tum
269 2939 337 2986 esse
360 2932 464 3008 putem
487 2921 525 2989 ab
548 2921 697 3010 Apostolo
714 2921 745 2987 iu
762 2921 901 3010 Epistola
923 2921 961 2988 ad
984 2919 1143 2987 Hebraeos
1158 2917 1250 3009 (Cap.
1268 2919 1318 2985 XI
1339 2942 1348 2984 e

180 3038 327 3128 ul-do)
343 3042 393 3110 his
407 3043 509 3112 verbis
529 3070 536 3112 :
555 3047 635 3111 Fide
651 3046 779 3130 Moyses
793 3046 927 3128 proudis
947 3047 1066 3128 soclus,
1088 3045 1213 3126 mepaoit
1234 3062 1267 3107 se
1284 3062 1352 3106 esse

179 3164 283 3246 (ilium
305 3167 393 3248 filiae
422 3168 601 3232 Pharaonis
608 3218 620 3251 ,
643 3170 743 3252 acopis
767 3170 882 3252 clipeus
903 3167 1015 3251 'offlipi
1034 3187 1105 3231 cum
1124 3166 1238 3250 populo
1265 3164 1348 3246 Dei,

179 3309 273 3373 quom
297 3291 480 3374 temporalis
504 3295 624 3376 peccati
649 3294 761 3357 hahere
789 3294 1031 3369 iucunditatem
1056 3292 1192 3354 maiores
1220 3289 1353 3353 divitias

177 3416 347 3481 aestimans
370 3418 518 3481 thesauro
533 3417 781 3500 Aeppptiorum,
802 3416 1032 3500 improperium
1058 3413 1179 3480 Christi
1183 3437 1199 3496 ,-
1215 3413 1350 3495 ospicio·

178 3541 230 3605 hot
252 3544 335 3606 euim
363 3543 398 3608 iu
424 3545 726 3608 remunerationem.
756 3540 877 3626 Quibus
902 3539 1007 3606 'verbis
1032 3538 1198 3628 Apostolus
1226 3537 1348 3620 innuit,

177 3666 297 3733 Mosem
312 3666 411 3734 aulam
428 3666 598 3734 Pharaonis
614 3667 866 3755 consortiumque
881 3665 1105 3754 Aegyptiorum
1121 3685 1182 3732 uon
1198 3662 1236 3730 ad
1252 3662 1349 3730 breve

176 3798 316 3878 tempus,
338 3789 393 3858 sed
420 3792 660 3880 inperpetuum
691 3791 872 3880 reliquisse,
902 3801 936 3856 ut
962 3788 1110 3878 deinceps
1138 3789 1218 3854 inter
1245 3806 1349 3875 popu·

176 3913 255 3982 lares
272 3935 345 3983 suos
360 3917 453 3983 vitam
468 3925 583 4004 ageret.
601 3918 709 4006 ltaque
725 3937 785 3984 nou
804 3925 921 4005 putem,
936 3913 1032 3981 verbo
1048 3911 1267 3999 επισκεψασθαι
1284 3909 1349 3978 hoc

176 4036 244 4106 loco
268 4038 490 4107 subiiciendam
515 4060 583 4107 esse
606 4040 761 4107 notionem
784 4041 958 4118 visitandi,
978 4057 1057 4125 quae
1072 4034 1213 4103 videatur
1228 4053 1348 4101 couno-

175 4172 255 4242 tare,
279 4173 412 4229 mentem
434 4163 531 4230 hlosis
554 4161 666 4242 fuisse,
686 4172 756 4251 post
774 4162 911 4228 visitatos
935 4159 1099 4250 populares
1123 4176 1216 4238 suoS,
1240 4155 1347 4224 redire

173 4282 212 4350 ad
227 4284 328 4352 aulam
342 4285 526 4354 Pharaonis.
545 4287 697 4353 Existimo
712 4296 833 4365 autem,
852 4283 1067 4371 επισκεψασθαι
1084 4280 1275 4349 reddendum
1291 4281 1347 4352 hio

173 4429 241 4476 esse
271 4435 279 4477 :
309 4421 344 4477 ut
369 4421 583 4494 succurreret,
615 4430 676 4499 quo
703 4429 796 4478 sensu
823 4408 950 4476 verbum
978 4408 1039 4477 hoc
1066 4407 1190 4497 legitur,
1208 4408 1346 4498 exempli
