3074 5054
182 403 247 467 550
553 398 687 466 AGTUS
711 397 1042 478 Arbsuouttttuat,

179 594 264 679 jores
280 601 384 670 erant,
402 589 600 657 mittebantur
623 589 686 655 sere
706 590 870 678 quotannis
896 609 967 656 cum
992 590 1123 678 imperio
1141 592 1181 669 ii,
1208 591 1261 678 qui
1278 593 1361 657 Con-

181 716 314 784 sulatum
330 716 361 782 in
379 714 464 782 Urbe
477 715 656 803 gessissent,
675 714 729 782 sed
747 715 777 781 in
791 719 987 799 praetorias,
1006 716 1058 803 qui
1076 717 1193 782 Romae
1209 717 1361 782 Praetura

181 839 276 908 iuncti
293 839 434 905 fuissent.
459 837 667 904 Prooonsnles
691 847 721 904 et
742 840 964 927 propraetores
987 859 1183 906 communem
1205 837 1362 906 habebant

180 963 443 1038 iurisdictionem,
461 961 517 1029 sed
532 962 776 1030 Proconsulibus
797 963 887 1029 etiam
914 964 956 1029 rei
976 964 1117 1030 militaris
1134 972 1269 1051 potestas
1286 984 1361 1052 per·

182 1088 276 1156 missa
292 1096 373 1163 erat,
392 1096 426 1151 ut
440 1083 627 1151 exercitibus
644 1094 804 1173 preessent
819 1095 911 1174 atque
927 1085 1008 1153 bella
1023 1097 1177 1174 gererent.
1197 1088 1359 1183 augustus

182 1222 300 1288 autem,
322 1226 518 1274 cumrerum
540 1206 655 1293 potitus
678 1219 777 1287 esset,
809 1208 985 1297 provincias
1010 1208 1115 1274 divisit
1130 1208 1161 1274 in
1178 1230 1358 1291 caesareas,

180 1352 259 1422 quae
283 1331 502 1398 consularibus
529 1330 769 1417 responderent,
795 1333 825 1398 et
845 1335 1037 1411 senatorias,
1063 1352 1142 1420 quae
1166 1353 1226 1397 non
1252 1332 1361 1399 differ-

181 1467 249 1522 rent
264 1476 281 1523 a
297 1456 488 1523 Praeterita.
514 1450 550 1523 lu
573 1454 736 1543 utriusque
756 1456 879 1544 generis
896 1456 1073 1544 provincias
1092 1455 1291 1522 mittebantur
1308 1477 1360 1522 se-

181 1581 317 1647 natoriae
351 1581 505 1669 dignitatis
533 1583 607 1663 viri,
636 1590 666 1647 et
695 1581 747 1669 qui
776 1582 928 1648 caesareis
963 1593 1145 1671 praeerant,
1175 1580 1362 1649 dicebantur

179 1706 427 1790 Proproetores,
459 1729 707 1798 αντιστρατηγοι,
738 1706 829 1772 etiam
858 1708 953 1791 tepata'
981 1705 1145 1789 caesara,
1172 1717 1202 1771 et
1226 1705 1359 1794 praediti

180 1840 266 1895 erant
287 1829 394 1896 eodem
416 1830 564 1920 imperio,
583 1851 645 1918 quo
667 1829 875 1917 Prooonsnles
896 1830 1088 1918 temporibus
1106 1830 1222 1897 liberae
1238 1831 1361 1918 Reipu-

180 1950 289 2018 blicae.
309 1953 371 2038 Qui
388 1953 507 2020 veroin
525 1953 700 2042 provincias
716 1953 886 2019 senatorias
902 1953 1112 2032 mittebantur,
1132 1954 1152 2018 ii
1177 1954 1358 2032 antoanam,

180 2075 212 2143 b.
239 2096 267 2142 e.
298 2077 507 2143 Prooonsnles
534 2076 778 2166 appellabantur.
806 2077 840 2142 ln
867 2076 1035 2165 provinciis
1065 2087 1166 2143 autem
1193 2078 1248 2155 iis,
1280 2097 1361 2164 quas

179 2201 336 2287 Augustus
353 2201 477 2267 Senatui
493 2201 677 2289 Populoque
693 2202 832 2270 Romano
853 2200 1010 2280 attribuit,
1029 2211 1094 2267 erat
1110 2201 1201 2265 etiam
1218 2201 1357 2288 Cyprus.

178 2323 240 2389 Dio
256 2325 343 2390 CaSS.
364 2325 422 2403 dt,
441 2345 474 2413 p.
494 2327 571 2393 523.
590 2327 719 2390 Leunoi.
737 2325 810 2388 Τοτε
827 2320 926 2400 d'our,
945 2324 1064 2413 inquit,
1078 2347 1197 2398 καιτην
1214 2324 1358 2415 Kuapoa,

177 2471 228 2509 και
255 2470 307 2521 την
335 2445 491 2511 Petitarum
519 2472 571 2522 την
592 2445 811 2538 Ναρβωνισιαν
833 2443 968 2511 caedere
995 2471 1037 2532 τῳ
1067 2444 1174 2534 drapo),
1198 2453 1237 2521 ὡς
1261 2445 1357 2533 μηδεν

175 2593 233 2634 των
255 2569 355 2635 ὃπλων
378 2596 471 2637 aaron
499 2569 651 2660 δεομενας.
675 2576 740 2638 Koa
768 2575 862 2648 οὑτως
889 2575 1053 2637 ανθυπατοι
1075 2598 1125 2635 και
1149 2597 1176 2647 ες
1196 2597 1293 2637 εκεινα
1316 2600 1357 2638 τα

175 2695 240 2769 ebra
256 2698 426 2783 πεμπεσθαι
442 2695 580 2788 apianae.
600 2699 632 2766 b.
651 2719 680 2765 e.
706 2701 794 2764 Tatta
817 2702 915 2782 ipitar
935 2710 966 2764 et
989 2699 1129 2783 Cyprum
1147 2710 1178 2765 et
1194 2703 1356 2765 Galatiam

176 2821 408 2909 Norboaesr'am
430 2825 517 2889 dedit
536 2827 654 2908 populo
681 2823 879 2912 (Augustus),
903 2836 1011 2908 utpote
1032 2847 1110 2910 quoe
1133 2828 1236 2908 ipsias
1252 2832 1359 2894 armis

176 2964 239 3008 ttoa
268 2947 460 3030 indipereat.
490 2950 592 3033 Atque
620 2951 665 3012 ita
696 2949 901 3015 Prooonsnles
928 2970 1047 3034 qaoque
1075 2953 1116 3014 ad
1145 2950 1217 3015 ilias
1247 2961 1357 3031 pentes

175 3071 261 3133 mitti
282 3083 461 3154 coeperant.
487 3098 501 3129 »
530 3071 578 3137 Ct'.
605 3070 747 3137 Fisoiteri
774 3071 984 3137 Protasioaes
1005 3070 1043 3138 de
1070 3071 1154 3138 vitiis
1181 3071 1356 3140 leuicorum

174 3193 215 3259 N.
234 3195 273 3260 Τ.
292 3194 404 3262 Prolus
424 3197 484 3274 ts,
502 3195 520 3283 S
537 3195 595 3262 IV.
979 3178 980 3183 ἵ

220 3320 301 3398 Hic,
320 3322 483 3386 accersitis
510 3322 661 3387 Bernaba
676 3332 706 3386 et
722 3321 840 3404 Satrio,
860 3323 1073 3401 desiderabat,
1093 3322 1178 3400 etc).
1202 3323 1325 3391 Graece
1346 3350 1354 3388 :

177 3443 364 3520 επεζητησεν,
382 3445 472 3508 vaide
499 3445 700 3510 desiderabat
726 3444 834 3511 audire
863 3445 1032 3511 barnabam
1056 3455 1085 3511 et
1108 3445 1235 3512 Saulnm
1256 3465 1358 3513 novae

176 3565 333 3633 doctrinae
367 3586 547 3654 praecones.
587 3570 672 3636 Nora
712 3568 764 3635 illa
803 3568 941 3636 doctrina
982 3567 1095 3634 dicitur
1125 3568 1253 3634 verbane
1292 3571 1360 3636 Dei

177 3691 207 3778 (ὁ
231 3686 317 3777 λογος
337 3713 390 3753 του
413 3687 516 3773 aeto),
541 3711 607 3758 rem
637 3693 684 3759 sio
711 3693 887 3759 nominante
921 3695 1022 3770 Luca,
1046 3713 1105 3758 non
1132 3713 1204 3758 vero
1228 3694 1353 3781 Sergio.

177 3814 269 3880 Hunc
281 3815 381 3881 Lucas
397 3812 494 3907 ardpa
510 3838 631 3879 careaco
648 3820 752 3883 cirtam
768 3821 968 3901 prudentem,
985 3820 1224 3902 iateiiipeatern,
1244 3831 1353 3901 vocat3

176 3938 267 4017 forte,
285 3950 318 4006 ut
334 3939 485 4026 significet
501 3960 624 4007 oausam
642 3961 697 4006 cur
714 3941 839 4029 Sergius
856 3941 1013 4008 doctrinae
1033 3943 1122 4009 istius
1139 3944 1356 4032 Pseudo-pro·

179 4062 289 4152 phetae
304 4085 365 4131 non
382 4066 576 4153 acquisceret
595 4085 725 4154 eamque
741 4077 916 4155 suspectam
933 4066 1072 4134 baberet.

220 4313 253 4378 8.
272 4313 444 4379 desistebat
460 4323 565 4378 catera
588 4314 656 4381 tttts
676 4314 825 4396 Elymas,
843 4311 931 4393 etc).
951 4312 1095 4378 brevitati
1114 4311 1215 4378 studet
1232 4313 1353 4392 Lucas3

178 4457 238 4522 quo
257 4434 292 4502 tit
306 4448 340 4502 ut
364 4457 423 4502 non
450 4455 519 4502 raro
536 4435 640 4503 dicere
657 4435 793 4514 omittat,
808 4455 886 4522 quae
910 4455 947 4501 ex
965 4435 1044 4500 serie
1061 4433 1246 4500 narrationis
1262 4434 1356 4502 facite
