3074 5054
477 389 616 458 corut
652 391 717 472 lll,
754 388 877 458 vitas,
905 392 937 456 l.
1247 387 1286 453 8l

112 590 192 661 tem,
213 579 417 667 integritatem
443 581 539 660 vitae,
559 580 758 660 modestiam,
778 591 808 647 et
828 578 1017 668 singularem
1042 575 1206 665 quamdam
1223 595 1290 644 mo-

112 724 182 770 rum
209 703 408 785 suavitatem,
439 724 498 794 qua
527 705 640 773 novelli
668 704 836 772 Christiani
866 723 938 791 erga
966 701 1112 771 concives
1139 721 1213 768 suos
1240 701 1288 767 usi

115 823 242 890 luerint.

158 948 312 1014 Dominus
335 959 442 1015 eutem
456 943 506 1027 (δε
523 947 576 1015 hic
591 946 815 1015 continuandae
836 947 967 1015 orationi
983 930 1129 1027 inservit)
1147 948 1291 1032 quetidie

111 1072 257 1155 oupedot,
275 1052 397 1138 Graece
416 1096 424 1138 :
443 1072 620 1162 προσετιθει,
638 1071 787 1150 addebat,
806 1070 876 1137 scil.
895 1070 1050 1138 Ecclesiae
1066 1070 1097 1136 in
1114 1069 1165 1138 die
1179 1072 1292 1137 Pente·

111 1206 214 1263 costes
237 1195 402 1277 collectae,
428 1219 496 1270 τους
523 1199 728 1282 σωζομενους,
758 1199 815 1281 qui
836 1197 916 1261 solvi
942 1196 1059 1280 fiebant
1086 1196 1151 1284 (qui
1174 1215 1209 1262 se
1224 1215 1294 1262 sau·

111 1321 242 1408 recent),
270 1339 384 1408 nempe
410 1319 515 1387 divino
546 1319 641 1387 adiuti
670 1319 786 1387 auxilio
809 1340 827 1386 a
849 1319 1009 1408 Synagoga
1038 1319 1237 1399 recedentes,
1263 1330 1294 1387 et

110 1443 236 1513 Christo
259 1465 371 1513 nomen
391 1444 510 1513 dantes
529 1445 671 1534 Apostoli
697 1443 933 1534 praedicabant,
954 1443 1009 1513 sed
1024 1444 1179 1513 Dominus
1198 1445 1292 1509 adde-

109 1569 180 1649 tat,
200 1567 281 1655 ‚quia
308 1589 408 1654 oeque
434 1571 490 1654 qui
507 1571 635 1652 plectat
663 1580 709 1634 eat
734 1569 874 1654 uliqttid,
899 1588 999 1652 neque
1027 1571 1082 1654 qui
1107 1569 1209 1650 ripae,
1238 1567 1293 1631 sed

109 1696 166 1778 qui
187 1697 418 1760 incrementum
440 1697 497 1761 det
518 1695 615 1760 Deos.
642 1695 656 1761 l
681 1693 754 1759 Cor.
783 1693 830 1760 lll
857 1717 865 1760 ε
892 1693 926 1760 7.

157 1822 194 1885 io
210 1819 365 1908 idipsum)
381 1821 501 1889 Graece
520 1848 527 1884 ε
547 1843 594 1883 επι
611 1842 644 1883 το
661 1843 748 1883 αυτο.
769 1818 832 1887 Sed
847 1819 886 1886 alt
903 1818 953 1887 his
975 1819 1104 1888 vocibus
1127 1820 1157 1885 in
1181 1819 1293 1909 pleris-

109 1963 174 2032 que
189 1942 357 2011 Codicihus
374 1946 474 2034 Caput
489 1945 614 2012 tertium
638 1942 815 2024 inchoatur,
834 1953 865 2010 et
886 1944 961 2032 quin
982 1945 1024 2011 ita
1045 1943 1209 2031 legendum
1232 1945 1291 2024 sit,

109 2086 173 2133 non
191 2077 237 2134 est
254 2087 312 2134 cur
334 2066 525 2135 dubitemus.

461 2486 636 2562 CAPUT
688 2489 954 2563 TERTIUM.

111 2751 307 2803 Aaouuauruu.
323 2751 484 2804 Hominema
495 2753 632 2805 nativitate
641 2753 774 2817 claudum,
782 2753 815 2805 ad
826 2757 927 2820 portam
936 2753 1035 2820 Templi
1047 2753 1191 2816 sedentem,
1200 2752 1293 2804 Petrus

147 2835 251 2888 sanitati
262 2835 391 2897 restitmt,
401 2849 439 2887 vs.
453 2837 529 2886 t-tt
544 2852 550 2898 ;
565 2839 592 2888 et
603 2836 730 2903 populum
742 2851 772 2888 eo
786 2837 910 2888 miraculo
927 2837 1069 2889 attonitum
1086 2835 1191 2897 edocet,
1213 2824 1294 2886 sana·

147 2919 244 2970 tionem
262 2918 334 2970 illam
357 2931 410 2970 non
432 2918 481 2969 sihi
500 2919 666 2970 tribuendam
687 2933 760 2980 esse,
777 2919 823 2970 sed
843 2920 900 2971 lesu
921 2919 1073 2980 Nazareno,
1093 2931 1173 2983 quem
1190 2918 1260 2969 Deus
1279 2929 1295 2966 a

147 3002 255 3054 mortuis
272 3003 427 3054 revocasset.
448 3001 642 3053 Christicidium
662 3002 713 3052 illis
733 3001 890 3067 exprobrat,
911 3014 1007 3068 eosque
1023 3000 1174 3054 cohortatur
1189 2999 1222 3050 ad
1235 3011 1296 3064 poe·

148 3083 301 3148 nitentium,
314 3087 342 3136 et
353 3087 383 3136 ut
396 3083 424 3135 in
438 3097 549 3150 persona
570 3084 627 3136 lesu
650 3087 793 3149 agnoscant
811 3085 969 3150 promissum
988 3083 1122 3146 Messiam,
1134 3097 1173 3134 vs.
1186 3082 1295 3134 tt-ao.

162 3287 195 3354 l.
219 3288 280 3350 Επι
307 3310 341 3350 το
368 3311 442 3351 αυτο
469 3298 516 3355 est
543 3287 595 3355 hio
619 3311 701 3368 utta,
724 3291 840 3368 oimttl,
858 3298 892 3355 ut
918 3286 1017 3377 (apud
1044 3283 1149 3373 LXX)
1171 3287 1192 3354 ἢ
1214 3285 1292 3373 Reg.

115 3410 254 3490 11:14,
279 3409 333 3478 uhi
358 3433 404 3474 επι
425 3433 458 3474 το
481 3434 555 3474 curo
578 3411 745 3501 respondet
768 3410 1038 3496 hebraicorum.
1060 3408 1178 3478 Eodem
1202 3408 1295 3476 modo

114 3533 238 3602 Flavius
260 3533 418 3623 Josephus
439 3533 583 3625 (Antiqq.
609 3535 688 3605 XVl
713 3561 721 3603 ε
748 3537 788 3612 8,
813 3535 847 3620 6)
872 3534 910 3602 de
936 3532 1062 3601 Herode
1084 3542 1114 3599 et
1137 3530 1293 3599 Archelao

114 3657 241 3747 scripsit
260 3683 268 3725 :
287 3680 335 3722 em
354 3682 388 3723 το
411 3681 483 3722 auro
507 3656 678 3750 παρηλθον,
697 3661 763 3725 atttd
786 3661 924 3743 profecti
946 3668 1032 3724 sunt.
1058 3656 1199 3726 Verbum
1220 3679 1296 3720 ανα-

115 3759 229 3867 βαινειν
252 3781 369 3873 (llebr.
388 3776 478 3866 tha),
497 3784 701 3865 adscendere,
719 3781 870 3848 llehraeis
887 3779 1014 3848 solenne
1031 3790 1096 3846 erat
1116 3778 1155 3846 de
1177 3780 1216 3846 iis
1240 3779 1295 3868 qui

114 3923 154 3971 ex
173 3903 371 3995 depressiore
393 3898 519 3992 regione
540 3905 570 3970 in
597 3904 760 3972 editiorem
783 3903 967 3993 pergebant,
991 3923 1022 3969 v.
1041 3923 1072 3990 g.
1095 3922 1133 3969 ex
1155 3904 1294 3991 Aegypto

146 4278 165 4345 1)
183 4279 237 4330 lam
247 4276 316 4329 Beda
329 4273 488 4341 (Retractin
500 4272 571 4325 hunc
584 4270 679 4336 locum)
726 4269 788 4322 tidie
809 4270 947 4323 Ecclesiae.
969 4290 981 4316 «
1000 4271 1037 4322 Ae
1057 4270 1169 4334 deinde,
1192 4271 1293 4336 inquit,

112 4361 227 4422 monuit,
240 4361 269 4410 in
280 4357 377 4409 Graeco
388 4358 424 4408 ita
436 4355 487 4420 legi
505 4369 537 4406 :u
553 4354 680 4406 Dominus
725 4354 806 4406 altera
825 4356 942 4407 narratio
960 4355 996 4407 ita
1011 4355 1121 4420 incipit:
1137 4355 1165 4405 ln
1178 4354 1293 4420 idipsum

111 4447 199 4497 autem
220 4441 334 4508 augebat
356 4441 401 4507 qui
421 4438 486 4491 salvi
507 4438 602 4490 fierent
615 4450 680 4503 quo·
725 4439 813 4489 autem
831 4437 923 4489 Petrus
940 4441 967 4489 et
982 4438 1104 4502 loannes,
1118 4441 1167 4490 ete.

1156 4541 1174 4597 6
