3074 5054
178 361 219 428 ld
608 358 926 428 PROLEGOMENA

174 550 345 638 acceperim
377 548 527 637 quaedam
552 548 671 618 tandem
701 569 738 616 cx
766 551 831 617 suis
858 561 911 616 aut
936 549 1068 617 aliorum
1100 551 1225 639 scriptis
1253 551 1349 619 doen-

113 668 114 671 ’
175 657 286 734 mentis
309 655 461 723 hahuerit.
489 657 527 723 Et
549 657 588 723 ad
616 669 806 746 postremum
834 655 959 746 quidem
987 658 1112 724 notitiae
1132 657 1247 725 sontem
1265 669 1349 725 reto-

175 763 277 842 lcum,
293 764 371 830 inter
383 762 454 842 alia,
469 774 533 830 tum
548 764 693 852 epistolas
706 763 782 830 duas
795 765 886 854 (Cap.
901 764 964 832 XV
980 787 987 829 :
1003 766 1060 842 95,
1072 776 1200 853 sqq.,et
1212 766 1323 832 XXlll
1338 786 1346 828 :

175 869 247 958 26),
277 870 356 937 libro
388 871 522 938 Actuum
556 871 743 939 verbotenus
774 872 922 952 insertas,
953 882 1015 939 tum
1045 874 1147 952 Petri,
1182 872 1288 951 Pauli,
1319 883 1349 939 et

175 975 320 1065 Stephani
346 977 518 1056 orationeS,
538 998 617 1067 quae
640 997 657 1045 a
682 980 766 1046 Luca
789 980 970 1047 recitantur.

606 1223 642 1280 ⁷.
665 1219 920 1293 interpr-ems.

222 1379 317 1446 Pauci
344 1392 416 1447 sunt
442 1380 521 1447 inter
555 1382 698 1470 antiquos
729 1382 898 1470 scriptores
932 1380 984 1469 qui
1013 1380 1242 1468 interpretando
1270 1380 1352 1448 lihro

176 1488 309 1554 Actuum
340 1508 465 1577 operam
492 1509 579 1556 suam
608 1487 826 1578 impenderint.
856 1487 935 1554 Sunt
966 1498 1068 1555 autem
1095 1498 1287 1575 sequentes:

222 1596 255 1662 S.
287 1597 413 1663 loauuns
437 1598 690 1674 Cunusosrouus,
716 1597 806 1681 cujus
834 1594 864 1660 in
894 1594 977 1688 hunc
1001 1592 1115 1661 librum
1142 1607 1241 1663 exstat
1267 1615 1351 1662 com-

178 1702 346 1769 menterius
370 1700 580 1769 homeliticus.

222 1809 427 1874 Cnssroncnus
458 1808 564 1897 (Saea.
599 1808 656 1896 V),
688 1807 741 1895 qui
770 1807 898 1895 scripsit
930 1808 1176 1891 Compleetioaes
1205 1810 1239 1872 ia
1272 1809 1352 1873 Aeta

76 1938 81 1946 ·
178 1916 401 1998 Apostolorum
424 1912 615 2004 (Cassiodori
641 1933 735 2002 opera
760 1912 855 1981 edidit
878 1913 985 2003 Scipio
1002 1913 1146 1981 Maffeius
1163 1913 1350 1993 Florentiae,

181 2020 296 2106 itit).

163 2141 165 2144 ’
224 2131 343 2195 Antros
379 2130 532 2196 Druecuus
562 2127 668 2218 (Saea.
701 2127 779 2214 Vl),
812 2128 865 2218 qui
894 2126 1074 2216 paraphrasi
1108 2127 1226 2215 poetica
1254 2128 1352 2194 Actus

179 2236 402 2324 Apostolorum
426 2236 602 2303 illustravit.

223 2346 475 2409 Tuncnnunncrus
498 2342 604 2430 (8666.
630 2341 712 2430 ΧΙ),
739 2342 770 2408 in
795 2340 957 2428 Belgariae
980 2340 1260 2430 Archicpiscopus

224 2449 302 2516 Vna.
336 2449 417 2514 Bnnt
446 2448 506 2515 duo
538 2449 568 2514 in
598 2451 693 2516 Actus
730 2449 952 2537 Apostolorum
986 2467 1080 2536 opera
1115 2446 1229 2528 edidit;
1267 2448 1355 2536 prius

90 2562 93 2569 ”
180 2555 361 2623 inscribitur
392 2581 399 2622 :
437 2557 607 2640 Expositio
642 2578 737 2640 super
770 2557 852 2622 Acta
890 2556 1117 2638 Apostolorum
1154 2581 1162 2623 :
1200 2556 1355 2643 posterius

181 2664 254 2728 vero
278 2688 285 2729 :
304 2664 399 2727 Liber
422 2667 659 2728 retractationis
684 2668 718 2729 in
741 2665 841 2729 Actus
865 2663 1102 2745 Apostolorum.

228 2768 285 2834 llis
308 2767 438 2835 addatur
455 2768 575 2835 Cetea-a
593 2768 714 2836 Graeca
731 2772 766 2834 in
782 2769 865 2833 Aeto
886 2769 1124 2851 Apostolorum,
1144 2768 1356 2834 recentissime

183 2875 263 2943 edita
287 2876 412 2943 Oxonii.
443 2877 689 2943 Commentarius
715 2873 767 2942 hic
790 2875 987 2963 potissimum
1008 2875 1133 2963 quidem
1157 2896 1196 2942 ex
1218 2875 1356 2962 Chryso·

183 2981 273 3049 stomi
299 2977 436 3048 homiliis
461 2982 492 3047 in
508 2984 585 3050 Aeta
609 2981 766 3051 coniectus
791 2992 859 3061 est;
879 2981 932 3048 sed
947 2993 1046 3049 666666
1067 2982 1159 3049 etiam
1177 3002 1237 3049 non
1253 3001 1352 3071 pauca

184 3089 224 3154 ihi
257 3089 347 3155 citata
379 3089 521 3176 leguntur
551 3090 684 3157 aliorum
718 3090 846 3155 Petrum
874 3096 903 3153 et
934 3089 1122 3177 scriptorum
1156 3090 1354 3177 antiquorum

183 3194 262 3261 dieta
287 3196 317 3261 in
342 3195 424 3262 varia
444 3197 578 3262 Actuum
601 3195 824 3285 Apostolorum
848 3193 927 3262 loca.
954 3197 1001 3262 Ex
1025 3195 1173 3261 sententia
1198 3196 1355 3275 Crameri,

183 3303 312 3368 Catenae
344 3301 427 3370 illius
454 3302 599 3383 editoris,
632 3301 814 3371 Oecumcnii
847 3320 925 3389 opus
956 3302 988 3368 in
1019 3303 1096 3369 Acta
1134 3303 1356 3391 Apostolorum

185 3407 261 3474 nihil
290 3407 374 3475 aliud
403 3418 451 3475 est
477 3429 569 3497 quam
599 3407 683 3475 illius
711 3410 842 3474 Catenae
869 3409 1021 3497 epitome,
1047 3409 1077 3474 in
1106 3429 1165 3498 qua
1181 3420 1356 3477 auctorum

185 3514 309 3580 nomina
332 3524 501 3595 taceantur,
526 3526 555 3581 et
579 3525 723 3603 excerpta
749 3514 779 3580 in
804 3514 1013 3603 unumquasi
1031 3533 1146 3602 corpus
1165 3514 1355 3602 redigantur.

230 3621 314 3686 lnter
336 3621 505 3709 scriptores
533 3622 736 3700 recentioreS,
764 3621 816 3709 qui
845 3640 956 3709 nempe
984 3620 1160 3707 singulatim
1188 3621 1219 3686 in
1244 3620 1359 3688 librum

184 3728 318 3793 Actuum
342 3727 597 3793 oornmentarium
622 3725 810 3804 ediderunt,
836 3724 1055 3793 adnumerandi
1081 3737 1152 3794 sunt
1168 3738 1355 3816 sequentes:

230 3834 277 3899 Ex
299 3831 466 3900 Catholicis
493 3857 501 3899 :
529 3835 655 3900 loturus
683 3833 841 3902 Gauranos
869 3832 1013 3923 (Scholia
1042 3837 1078 3900 r‘a
1102 3836 1201 3900 Actus
1224 3836 1358 3919 Aposto-

186 3941 278 4024 litos,
297 3962 334 4004 en
346 3942 531 4024 praecipuis
555 3951 619 4006 tom
643 3939 837 4006 Graecorum
861 3962 955 4026 qaam
977 3942 1168 4008 Latinorum
1190 3946 1358 4010 sententiis

219 4223 239 4290 ¹)
256 4224 406 4276 omittimus
428 4222 470 4274 hic
498 4221 636 4287 scriptores
665 4234 752 4273 recen-
799 4222 938 4273 montanos
950 4220 1102 4288 ediderunt3
1114 4222 1146 4274 de
1160 4219 1259 4274 hisatio
1270 4233 1362 4288 oppor-

186 4307 264 4358 tiores
281 4306 326 4372 qui
344 4306 371 4356 in
390 4317 493 4366 ornnes,
511 4307 557 4355 aut
574 4305 681 4355 certain
695 4303 752 4369 ple·
798 4303 961 4357 tuniorclooo
978 4303 1072 4355 dicturi
1090 4317 1189 4367 sumus,
1202 4305 1224 4354 si
1235 4304 1288 4356 Deo
1301 4305 1360 4371 pla·

185 4400 279 4452 rosque
304 4387 368 4438 Novi
397 4385 554 4437 Testamenti
581 4384 660 4437 libros
682 4398 752 4437 6666-
798 4386 892 4437 cuerit.
