3074 5054
183 407 248 471 3ta
484 411 486 415 ’
520 405 654 473 ACTUS
689 405 1025 484 APOSTOLORUM‚

372 675 542 757 CAPUT
594 677 846 752 uncinoli
899 677 1164 752 TERTIUM.

177 872 368 929 Ancuuaurcu.
379 879 531 931 Antiochiae
543 877 639 930 Paulus
650 879 676 926 et
687 874 817 925 Barnabas
829 873 943 939 Spiritus
955 875 1044 926 Sancti
1058 847 1162 926 oraculo
1175 874 1358 940 designantur,

220 962 265 1027 qui
283 962 501 1026 praedicationem
512 960 646 1025 Evangelii
658 960 727 1010 inter
741 957 835 1009 Gentes
847 958 1006 1023 suscipiant,
1019 972 1058 1008 vs.
1074 959 1147 1008 l—3.
1160 959 1251 1025 ltaque
1264 960 1359 1010 Antio-

210 1043 268 1094 chia
284 1043 405 1109 proiecti,
424 1044 522 1095 abeunt
539 1043 698 1102 Seleuciam,
719 1054 786 1107 quae
805 1039 956 1092 Antiochiae
973 1042 1180 1106 promontorium
1193 1045 1246 1103 est;
1270 1041 1361 1107 ibique

212 1140 352 1179 conscensa
364 1127 424 1177 navi
436 1127 569 1178 vehuntur
581 1127 607 1176 in
622 1124 733 1175 insulam
748 1123 879 1188 Cyprum,
893 1127 919 1174 et
933 1123 1069 1188 appellunt
1081 1124 1113 1174 ad
1125 1124 1252 1175 celebrem
1266 1124 1360 1176 urbem

212 1209 369 1261 Salaminem
380 1249 385 1266 .
398 1224 465 1275 quae
477 1211 524 1262 sita
538 1209 633 1261 eratin
646 1209 702 1259 eius
714 1206 815 1257 insulae
828 1207 914 1257 littore
926 1208 1054 1258 orientali.
1069 1207 1239 1271 Evangelicae
1252 1208 1360 1274 praedi·

212 1293 319 1344 cationis
335 1292 470 1343 exordium
484 1293 519 1343 ibi
534 1293 632 1343 iaciunt
651 1292 679 1342 in
698 1291 837 1355 synagogis
856 1290 1024 1353 ludaeorum,
1039 1295 1065 1341 et
1076 1291 1194 1342 minister
1208 1291 1259 1341 illis
1270 1292 1362 1343 aderat

213 1367 325 1427 loannes
339 1376 454 1438 Marcus,
470 1391 509 1426 vs.
528 1375 603 1426 l-5.
624 1374 754 1425 Salamine
775 1373 873 1435 relicta,
890 1376 969 1424 totam
988 1387 1065 1439 porro
1086 1375 1197 1425 insulam
1218 1379 1362 1440 peragrant

213 1474 296 1525 usque
308 1459 340 1510 ad
352 1460 444 1511 urbem
456 1461 511 1511 eius
522 1457 685 1523 metropolim
698 1455 831 1522 Paphum,
846 1469 912 1522 quae
924 1458 972 1507 sita
987 1458 1080 1507 eratin
1093 1457 1244 1509 occidentali
1258 1459 1362 1509 insulae

213 1542 307 1593 littore.
328 1540 366 1591 lbi
388 1541 494 1605 Sergius
512 1540 623 1599 Paulus,
644 1537 799 1599 Proconsul,
814 1537 923 1588 Paulum
943 1542 968 1589 et
987 1538 1132 1589 Barnabam
1152 1539 1185 1590 ad
1198 1553 1225 1590 se
1237 1540 1360 1603 arcessit,

211 1623 287 1674 valde
297 1624 405 1689 cupiens
416 1622 506 1674 audire
517 1622 677 1685 doctrinam,
692 1633 770 1686 quam
783 1619 979 1684 praedicabant.
1000 1620 1072 1671 Hanc
1084 1633 1143 1671 cum
1156 1621 1194 1670 illi
1206 1627 1360 1687 exponunt,

211 1706 321 1758 iudaeus
340 1706 461 1772 quidam,
474 1703 730 1770 pseudo-propheta,
745 1701 828 1766 Sergii
844 1702 916 1752 Pauli
930 1692 1078 1764 familiaris,
1094 1702 1222 1768 Apostolis
1232 1703 1360 1754 adversa·

212 1793 264 1850 tur,
283 1792 444 1854 conaturque
456 1786 637 1839 Proconsulam
656 1789 772 1838 avertere
790 1799 805 1836 a
824 1786 875 1836 lide
892 1785 987 1837 Christi
1005 1785 1179 1851 suscipienda.
1195 1786 1246 1837 Sed
1259 1786 1361 1838 lalsilo—

213 1884 295 1936 quum
307 1870 378 1922 hunc
389 1871 485 1922 Paulus
496 1857 568 1921 duris
580 1869 666 1920 verbis
678 1855 808 1934 increpat,
821 1873 847 1919 et
864 1868 997 1920 oculorum
1015 1869 1137 1920 caecitate
1149 1871 1271 1934 percutit.
1284 1869 1360 1930 Quod

187 1986 189 1990 2
211 1965 271 2003 cum
288 1953 394 2017 Sergius
405 1952 525 2014 vidisset,
539 1965 568 2003 eo
581 1951 704 2002 miraculo
715 1954 869 2012 commotus
882 1951 1058 2015 evangelicam
1073 1950 1218 2002 doctrinam
1231 1951 1284 2003 fide
1299 1966 1360 2003 am-

212 2035 342 2100 plectitur,
357 2050 394 2086 vs.
407 2036 481 2085 G-th.
495 2035 555 2086 Post
565 2034 629 2085 haec
642 2034 722 2099 Paphi
740 2048 833 2085 navem
853 2033 940 2084 denuo
952 2033 1132 2085 conscendunt
1143 2034 1240 2085 Paulus
1251 2035 1360 2100 eiusque

212 2119 318 2169 comites
335 2125 361 2170 et
380 2119 406 2168 in
426 2119 513 2169 Asiam
532 2118 659 2170 Minorem
679 2119 818 2182 navigant,
835 2119 993 2184 solvuntque
1006 2119 1116 2182 Pergae,
1130 2133 1197 2184 quae
1210 2121 1360 2185 provinciae

213 2201 371 2267 Pamphiliae
382 2201 445 2252 urbs
456 2205 496 2252 est
514 2202 653 2252 maritima.
667 2202 714 2253 Hic
725 2215 740 2252 a
752 2203 832 2254 Paulo
841 2207 867 2254 et
879 2202 998 2253 Barnabo
1010 2202 1157 2266 digreditur
1167 2203 1278 2254 loannes
1289 2205 1359 2255 Mar·

212 2299 270 2346 cus,
284 2285 487 2351 Hierosolymam
500 2300 662 2347 reversurus,
678 2301 714 2336 vs.
729 2286 769 2337 ts.
783 2286 823 2336 llli
836 2300 897 2337 vero
908 2300 923 2337 a
935 2287 1016 2350 Perga
1028 2291 1093 2338 eunt
1104 2288 1136 2337 ad
1150 2288 1299 2353 provinciae
1312 2289 1360 2338 Pi-

212 2370 292 2420 sidiae
312 2369 403 2420 urbem
423 2367 603 2432 Antiochiam,
624 2369 669 2420 ubi
690 2369 785 2420 Paulus
804 2370 846 2421 die
867 2370 973 2421 Sabbati
1001 2371 1028 2420 in
1050 2384 1180 2435 synagoga
1202 2372 1359 2424 ludaeorum

213 2453 355 2504 orationem
368 2451 459 2515 habet,
473 2466 525 2519 qua
543 2453 628 2504 lesum
646 2453 811 2505 Nazarenum
831 2468 886 2505 esse
904 2455 1060 2520 promissum
1079 2456 1197 2506 blessiam
1212 2456 1304 2521 probat
1315 2497 1321 2520 ,
1334 2463 1362 2510 et

211 2541 359 2601 praesentes
373 2537 534 2600 adhortatur,
547 2542 577 2588 ut
593 2537 705 2589 oblatam
725 2539 757 2590 ab
778 2552 808 2590 eo
827 2540 1004 2591 remissionem
1024 2524 1189 2605 peccat-orum
1209 2541 1359 2592 etsalutem

212 2618 410 2685 amplectantur,
424 2635 462 2671 vs.
472 2619 578 2670 lu-lt.
591 2621 677 2671 Finita
693 2622 825 2683 oratione,
839 2622 935 2672 Paulus
948 2627 1053 2686 rogatur
1065 2627 1094 2673 ut
1110 2625 1230 2688 sequenti
1244 2623 1360 2675 Sabbato

212 2703 302 2756 eadem
313 2703 344 2754 de
357 2717 384 2754 re
395 2704 490 2754 iterum
502 2703 583 2764 dicat;
598 2704 674 2755 multi
686 2708 772 2755 autem
783 2719 815 2756 ex
827 2705 859 2755 iis
871 2706 915 2771 qui
926 2705 1035 2756 Paulum
1045 2705 1071 2755 in
1084 2719 1214 2769 synagoga
1227 2706 1360 2757 dicentem

210 2786 362 2848 audierant,
375 2786 454 2837 fidem
466 2786 542 2837 dictis
551 2785 719 2847 adhibentes,
738 2787 822 2838 soluto
834 2787 870 2837 ibi
882 2792 1028 2850 conventu,
1042 2787 1151 2838 Paulum
1169 2792 1195 2838 et
1212 2788 1359 2840 Barnabam

211 2869 385 2929 conveniuut;
399 2881 464 2933 quos
481 2868 517 2917 illi
531 2868 563 2919 ad
576 2867 795 2933 perseverantiam
808 2868 989 2930 adhortantur,
1002 2883 1040 2919 vs.
1055 2868 1144 2918 lu-la.
1159 2869 1284 2933 Sequenti
1295 2883 1360 2922 vero

213 2952 325 3004 Sabbato
343 2953 412 3003 cives
431 2952 582 3004 Antiochiae
603 2952 657 3004 lere
677 2953 807 3014 universi,
825 2952 942 3019 adeoque
960 2957 985 3004 et
1004 2952 1119 3004 Gentiles
1131 2965 1226 3016 magno
1246 2966 1360 3010 numero

212 3036 387 3092 conveniunt,
401 3035 584 3099 Evangelicum
597 3048 742 3086 sermonem
761 3035 887 3086 audituri.
905 3035 979 3095 Quod
997 3036 1104 3099 indigne
1119 3035 1231 3085 serentes
1244 3034 1359 3087 ludaeo-

210 3133 268 3168 rum
282 3119 326 3183 qui
338 3117 447 3168 aderant
457 3118 588 3183 plerique,
602 3118 681 3169 Paulo
697 3118 793 3169 dicenti
806 3118 988 3180 adversantur,
1000 3118 1087 3169 verbis
1103 3117 1275 3182 blasphemis,
1288 3132 1359 3183 quae

211 3200 332 3260 docebat,
346 3203 540 3265 persequentes.
554 3203 637 3258 Quare
650 3200 745 3250 Paulus
763 3205 789 3250 et
806 3201 952 3262 Barnabas,
966 3201 1050 3251 missis
1068 3200 1236 3251 Antiochenis
1255 3199 1360 3252 ludaeis

188 3345 189 3349 ἵ
212 3286 241 3333 ut
252 3281 381 3344 indignis,
395 3281 516 3348 deinceps
528 3282 697 3345 Evangelium
713 3281 864 3347 praedicant
882 3279 1056 3333 Antiochenis'
1066 3282 1229 3343 Gentilibus,
1243 3296 1357 3348 quorum

186 3354 189 3358 ’
212 3365 302 3429 plures
314 3363 486 3416 Christianam
496 3364 646 3428 religionem
658 3365 819 3429 suscipiunt,
832 3378 870 3414 vs.
883 3363 989 3415 ll-le.
1004 3365 1122 3415 Excitata
1133 3368 1220 3415 antem
1230 3364 1359 3417 aludaeis

210 3449 390 3513 persecutione
401 3448 429 3498 in
441 3448 550 3500 Paulum
561 3452 588 3499 et
598 3448 757 3508 Barnabam,
771 3446 796 3497 hi
810 3453 940 3511 coguntur
951 3448 984 3499 ab
1001 3447 1154 3499 Antiochiae
1171 3447 1269 3498 finibus
1281 3461 1358 3500 sece-

209 3531 284 3593 dere,
296 3535 322 3582 et
339 3531 454 3583 leonium
466 3571 472 3594 ,
486 3531 629 3596 Lyaconiae
641 3530 791 3596 provinciae
803 3531 934 3581 civitatem
945 3569 951 3592 ,
964 3531 1176 3596 proficiscuntur,
1188 3544 1228 3581 vs.
1246 3532 1358 3582 tto-52.

185 3738 190 3751 ι
222 3696 297 3763 lnde
320 3693 364 3764 ah
381 3695 441 3764 hcc
462 3698 562 3786 capite
587 3717 686 3784 usque
710 3696 748 3763 ad
772 3695 865 3762 finem
887 3696 978 3774 libri,
998 3697 1097 3763 Lucas
1120 3696 1184 3762 fere
1204 3717 1265 3763 non
1291 3698 1357 3785 agit

176 3820 235 3886 nisi
263 3821 302 3887 de
328 3821 421 3888 rebus
445 3822 538 3909 gestis
554 3841 571 3887 a
587 3822 707 3900 Panlo,
722 3821 782 3887 hcc
801 3831 863 3897 cst,
883 3819 920 3886 dc
937 3819 1113 3908 praedicato
1134 3819 1173 3886 ah
1193 3839 1229 3886 eo
1251 3822 1356 3888 llvau-

173 3942 253 4029 gelio
279 3944 358 4010 inter
382 3944 532 4013 Gentiles.
552 3944 597 4009 Ea
613 3963 698 4032 ergo,
717 3963 796 4031 quac
813 3953 997 4031 sequuntur,
1016 3944 1203 4012 constituere
1220 3959 1359 4030 possunt

178 4066 270 4133 veluti
295 4066 421 4134 alteram
446 4065 517 4134 libri
542 4078 679 4155 partem,
706 4087 786 4155 quae
810 4067 861 4134 hic
886 4066 1024 4154 incipiat.

222 4309 254 4372 l.
280 4306 388 4371 Erurtt
411 4317 515 4372 nutem
539 4307 574 4370 iu
596 4308 742 4390 ecclesia,
770 4327 848 4390 quoe
866 4317 936 4371 erut
951 4306 1151 4386 Antiochiae,
1179 4311 1357 4394 prophetae

179 4425 209 4494 et
230 4431 386 4514 doctores,
413 4433 447 4496 in
463 4431 572 4515 quitus
590 4432 774 4512 Barnabae,
794 4427 884 4514 etc).
903 4430 1022 4499 Graeca
1037 4455 1046 4496 z
1064 4454 1141 4504 ησαν
1163 4428 1197 4496 δε
1212 4472 1257 4484 -
1274 4460 1357 4500 κατα
