3074 5054
464 371 603 438 CAPUT
641 370 758 447 ΧΧΙΙ,
802 369 921 438 VERS.
965 371 1088 436 5-10.
1308 374 1373 439 bii

192 566 267 653 Cap.
283 568 339 635 V':
360 568 414 633 54.
434 562 601 630 -Verba
625 584 710 651 παρα
732 584 801 636 τους
822 557 917 634 deduc
939 558 1103 648 sepontini
1126 560 1278 649 iungenda
1298 573 1373 630 sunt

190 709 248 757 unu
278 710 351 757 cum
380 687 659 780 ανατεθραμμενος,
688 686 743 754 sed
767 706 838 753 eum
867 681 1122 772 πεπαιδευμενος,
1153 694 1188 753 ttt
1215 696 1309 775 patet.
1327 723 1372 734 -

189 815 281 878 Κατα
315 809 490 903 ακριὸειαν,
526 815 699 880 secuudum
731 821 875 876 ecoctam
905 808 1077 876 rationem.
1112 808 1194 876 Vide
1222 808 1261 875 ad
1293 809 1369 898 Cap.

189 938 298 1006 XXVI
318 958 325 998 ε
346 941 379 1004 5.
399 937 620 1028 -Ὑπαρχων
638 936 784 1025 exprimit
808 937 952 1019 effectum
978 933 1190 1022 praecedentis
1209 930 1373 997 πεπαιδευ-

190 1086 294 1150 μενος,
314 1074 345 1128 et
361 1060 577 1128 resolvendum
596 1072 641 1127 est
657 1059 861 1149 participium
876 1059 1024 1148 ὑπαρχων
1041 1057 1071 1123 in
1088 1056 1218 1124 verbum
1235 1057 1372 1124 Finitum

189 1189 354 1270 Temporis
370 1188 572 1270 imperfecti,
589 1184 660 1272 quia
678 1183 823 1272 pendete
840 1179 1076 1269 πεπαιδευμενος
1093 1183 1262 1272 Porticipin
1278 1184 1372 1250 'l'em-

190 1310 274 1399 poris
293 1309 465 1376 Praeteriti.

230 1435 315 1521 Quid
331 1435 371 1502 sit
388 1457 462 1526 αχρι
478 1433 608 1497 decaron
625 1434 798 1523 explicatur
811 1454 867 1522 per
886 1430 963 1500 iliud
979 1434 1055 1521 Cap.
1075 1432 1122 1499 lx
1142 1457 1150 1499 :
1172 1436 1186 1500 d
1207 1458 1214 1498 :
1236 1455 1370 1518 epuratur

188 1555 309 1633 απειλης
325 1582 377 1621 και
399 1581 490 1650 φονου
515 1580 556 1632 εις
578 1581 647 1631 τους
665 1557 867 1643 perduraretur
884 1557 1014 1648 Kopion.
1033 1593 1078 1606 -
1093 1556 1126 1621 Ὀ
1152 1579 1307 1649 αρχιερευς
1323 1557 1370 1622 in-

189 1681 334 1770 telligitur
357 1680 510 1771 Caiaphne
528 1682 558 1746 iu
583 1681 769 1748 Pontificatu
786 1701 951 1748 successor
968 1679 1115 1749 ionothau
1134 1680 1194 1762 (Fi.
1214 1682 1291 1747 los,¹
1305 1682 1369 1747 An·

188 1805 264 1894 tiqq.
292 1805 363 1874 Lib.
381 1807 511 1886 XVlli,
537 1805 613 1894 Cap.
634 1806 679 1873 tr
708 1829 715 1870 :
743 1807 788 1887 d),
815 1805 962 1894 deinceps
985 1825 1003 1872 a
1027 1803 1155 1874 Vitellio
1181 1824 1217 1870 eo
1240 1824 1369 1870 munero

186 1929 343 1997 abdicatus
366 1929 426 2010 (Fi.
454 1933 516 1998 Ins.
537 1930 614 1997 ibid.
634 1932 711 2019 Cap.
730 1931 783 1998 V:
803 1930 847 2012 5).
869 1929 1016 1997 leonthon
1043 1930 1094 1997 iiie
1117 1941 1192 1997 tuuc
1216 1931 1367 2018 temporis

186 2052 286 2120 adhuc
303 2064 461 2142 superstes
474 2054 585 2134 fuerit,
605 2075 699 2142 quum
713 2055 828 2121 Paulus
840 2065 949 2122 testem
966 2075 1037 2121 eum
1054 2052 1199 2143 appellet.
1219 2053 1267 2119 Cf.
1283 2053 1365 2121 dictu

184 2177 222 2246 ud
246 2179 323 2267 Cap.
352 2181 397 2246 IX
425 2205 433 2246 ε
459 2182 492 2248 9.
519 2219 563 2230 -
588 2180 906 2267 Hierosolymitunum
929 2180 1117 2267 Synedrinm
1141 2199 1285 2268 magnum
1315 2179 1366 2247 hin

184 2315 311 2372 vocatur
326 2329 361 2369 ro
380 2303 603 2398 upeodorapror.
624 2347 668 2356 -
684 2303 784 2386 Αξων,
804 2309 1017 2392 adducturus,
1039 2317 1076 2372 ut
1092 2309 1293 2372 adducerem.

229 2554 353 2618 6-tu.
375 2553 506 2617 Factum
524 2563 571 2617 rot
587 2562 712 2636 cutem,
734 2563 826 2618 ourrte
847 2574 915 2636 ure,
935 2549 1025 2638 ete).
1044 2554 1160 2620 Evenit
1182 2560 1301 2631 autem,
1321 2549 1362 2617 ita

186 2676 303 2763 pergit,
324 2676 532 2764 proficiscenti
557 2677 633 2743 mibi
656 2690 685 2745 et
705 2679 788 2745 circa
811 2678 973 2745 meridiem
990 2679 1029 2746 ad
1046 2681 1233 2746 Damascum
1250 2698 1365 2767 appro-

185 2799 343 2888 pinquanti
357 2849 365 2878 ‚
380 2813 416 2866 ut
432 2799 534 2867 subitb
558 2800 596 2867 de
620 2802 707 2869 coelo
730 2822 837 2890 magna
863 2805 918 2867 tur
941 2823 990 2869 mc
1014 2805 1271 2888 circumfutperet
1285 2802 1363 2893 (ape-

183 2947 289 2990 νετο...
316 2925 541 3014 περιαστραψαι
559 2949 633 3017 proc.
653 2928 792 3012 syntaxis
819 2940 865 2994 est
880 2937 914 2994 tlt
929 2929 1005 3016 Cep.
1025 2928 1094 2995 lV:
1114 2930 1163 3015 ὅ),
1178 2946 1277 3016 eaque
1294 2927 1363 2995 luce

184 3047 345 3136 perculsus
373 3051 479 3114 decidi
505 3048 634 3138 (επεσον)
663 3051 692 3116 in
723 3062 852 3131 terram,
884 3063 913 3129 et
941 3072 1047 3119 vocem
1075 3050 1177 3118 audiri
1207 3050 1361 3118 dicentem

182 3169 257 3237 mibi
277 3191 285 3232 ε
308 3171 420 3248 Saule,
445 3172 554 3254 Saule,
580 3195 637 3240 cur
664 3195 714 3241 me
743 3176 963 3265 persequeris?
991 3177 1056 3264 Ego
1081 3195 1155 3242 vero
1183 3174 1358 3264 respondi:

180 3294 259 3380 Quis
282 3314 335 3371 es,
361 3294 506 3362 domiue?
536 3299 573 3363 Et
595 3296 674 3365 dixit
695 3298 733 3366 ad
758 3319 807 3365 me
826 3325 833 3364 ι
854 3300 919 3387 Ego
947 3319 1017 3365 sunt
1046 3301 1132 3365 iesus
1159 3299 1357 3378 Nazarenum

108 3449 114 3461 ·
183 3438 275 3506 quem
298 3428 329 3486 tu
352 3421 549 3509 persequeris
573 3419 656 3502 (vide
679 3422 716 3489 ad
739 3424 815 3510 Cup.
840 3425 887 3490 tx
904 3449 911 3489 :
931 3422 978 3512 5).
1003 3422 1051 3488 liii
1075 3433 1176 3490 autem
1206 3421 1283 3501 viri,
1307 3423 1359 3510 qui

180 3562 302 3610 mecum
332 3556 436 3624 eraut,
462 3546 560 3611 iucem
588 3549 678 3612 itiam
706 3546 751 3628 (ro
774 3546 844 3638 φως)
870 3545 995 3635 quidem
1020 3548 1166 3612 uiderunt
1193 3546 1359 3628 (εθεασοντο

179 3665 270 3747 Aer.)
298 3687 334 3733 ae
363 3671 527 3752 terrefacti
553 3671 682 3753 [uerunt
710 3664 852 3761 (epipedon
880 3676 1037 3758 eperorrd.
1068 3670 1144 3735 Aer·
1175 3667 1225 3757 ᾖ),
1252 3688 1359 3737 vocem

177 3801 278 3856 autem
303 3791 369 3857 eius
386 3795 444 3877 ptri
459 3795 542 3857 milri
566 3795 748 3879 loquebatur
762 3792 831 3882 (του
848 3789 1012 3866 turtum
1028 3792 1093 3877 por)
1113 3812 1172 3859 nou
1190 3795 1359 3859 urrdieruut

179 3980 350 3990 -ψ

212 4080 229 4143 ι)
248 4079 314 4130 pm
337 4094 407 4131 m,
433 4081 516 4133 poppa
540 4093 590 4130 m
619 4067 743 4160 eppo&
790 4067 869 4119 verbe
881 4067 924 4118 illa
934 4066 961 4116 in
971 4069 1074 4118 textum
1086 4078 1138 4118 non
1153 4065 1258 4130 recepit.
1271 4064 1356 4131 Equi-

178 4175 309 4242 eyerorro
327 4168 451 4233 leguntur
463 4172 490 4222 in
500 4171 562 4224 Cod.
574 4173 639 4224 DEG
649 4175 744 4226 variis·
790 4157 849 4208 dem
872 4156 1062 4217 dflbiiffifflfifflr
1085 4168 1118 4205 ³¹¹
1142 4153 1231 4205 haberi
1254 4156 1355 4220 POSSissi

175 4265 228 4316 que
250 4251 403 4304 minuscutts
424 4258 450 4306 et
470 4257 604 4308 nonnnrus
627 4259 744 4325 antiquis
788 4261 836 4314 pro
854 4248 1007 4313 glossemate
1019 4262 1052 4298 ex
1063 4247 1125 4312 Cop-
1137 4245 1354 4315 1X27derivatu

176 4333 348 4384 versionibus.
360 4335 569 4390 Tischendorfius
580 4340 615 4405 (in
629 4340 743 4392 editione
789 4341 871 4392 quum
889 4326 942 4378 ῑΠῐῦ
954 4327 1082 4380 scribatur
1096 4339 1148 4378 11⁰⁰
1168 4310 1291 4406 Εμφθὲθῑ
1309 4337 1355 4391 sed

177 4427 225 4465 sua
245 4413 310 4466 Novi
332 4417 488 4471 Testamenti
508 4419 552 4472 Gr.
576 4423 646 4488 Lips.
669 4423 749 4490 tete).
789 4426 891 4471 errent.
