3074 5054
186 358 251 426 tuo
522 359 657 426 Actus
695 356 1031 439 APOSTOLORUM,

184 571 273 630 ruere,
289 569 346 640 pro
365 550 492 616 moueri
509 550 544 614 iu
561 550 668 633 aliquo
687 551 763 615 loco.
783 546 964 615 Locutionis
983 547 1077 616 huius
1093 549 1233 634 exempla
1250 548 1367 618 videsis

184 675 268 766 apud
290 673 499 743 Wetsteniunr
524 672 576 760 (ad
602 670 635 739 ir.
663 669 711 750 1.).
738 673 821 740 Usus
846 671 1090 761 Praepositionis
1113 695 1154 746 εις
1178 673 1367 762 repetendus

185 811 232 868 cst
259 799 320 868 hoc
347 798 436 877 loco,
466 809 501 866 ut
523 797 600 865 milri
625 796 766 875 videtur,
795 815 813 863 a
840 795 939 865 Verbi
968 818 1085 882 επεχειν
1113 795 1255 877 notione,
1286 815 1368 886 quae

184 934 305 993 motum
321 924 488 1010 quemdam
506 924 542 988 iu
558 922 660 987 locruu
679 929 834 988 connotat.

229 1174 285 1242 95.
313 1173 409 1238 Facto
426 1180 473 1236 est
488 1179 596 1236 aurem
613 1171 668 1236 illo
694 1181 852 1254 teurpore,
871 1167 963 1255 etc).
978 1170 1048 1255 Quo
1065 1179 1205 1259 tempore
1229 1171 1364 1251 PaulnS,

184 1298 289 1367 missis
312 1297 344 1364 in
365 1296 577 1365 Macedoniarn
601 1295 767 1363 Timotheo
792 1305 822 1362 et
845 1296 975 1376 Erasto‚
993 1294 1110 1384 Ephesi
1134 1295 1237 1363 adhuc
1262 1317 1365 1364 mora·

184 1423 287 1504 batur,
312 1424 421 1506 prucis
448 1422 518 1511 (ocu
541 1416 654 1509 ολιγος)
683 1417 725 1484 ibi
755 1418 870 1486 exstitit
897 1418 1047 1486 turnultus
1073 1416 1242 1508 (ταραχος),
1272 1424 1366 1487 causa

184 1549 377 1640 praedicatae
404 1546 562 1614 doctrinae
585 1545 778 1612 Christianae
803 1546 881 1634 (περι
904 1568 956 1620 της
982 1541 1082 1633 odon).
1100 1583 1149 1636 ··‚
1168 1546 1365 1634 Praepositio

183 1697 250 1767 περι
278 1674 360 1741 dicta
384 1671 436 1740 hic
464 1682 510 1738 est
537 1671 575 1738 de
602 1691 697 1737 etrusc
724 1681 877 1737 mouente.
905 1669 1022 1737 Eodem
1047 1691 1140 1738 sensu
1164 1692 1232 1760 περι
1254 1671 1365 1758 legitur

183 1799 276 1867 etiam
301 1800 387 1866 loan.
414 1797 491 1884 Cap.
517 1796 579 1861 X:
607 1796 664 1872 53,
690 1793 743 1861 ubi
770 1792 874 1861 ludaei
900 1792 1025 1860 Christo
1049 1792 1266 1882 respondent:
1287 1793 1364 1884 Περι

183 1919 278 1986 καλου
302 1942 390 2012 εργου
412 1943 447 1983 ου
470 1917 630 2004 λιθαζομεν
652 1940 704 1997 σε,
731 1914 813 1980 αλλα
831 1939 897 2006 περι
922 1914 1141 2008 βλασφημιας,
1169 1941 1221 1980 και
1249 1922 1295 1981 ὁτι
1325 1941 1363 1982 συ

184 2046 338 2138 evaporare
357 2067 417 2121 cru,
436 2067 529 2118 ποιεις
545 2066 672 2107 σεαυτον
689 2041 766 2109 (decu
776 2093 786 2125 ‚
803 2045 840 2109 ob
858 2044 973 2109 bouum
991 2065 1070 2128 opus
1093 2065 1156 2110 nou
1181 2046 1364 2129 lapidamus

184 2183 229 2250 te,
255 2171 308 2234 aad
327 2168 363 2233 ob
387 2167 631 2250 blasphemium,
651 2177 680 2232 et
702 2169 797 2252 prtia,
821 2168 912 2232 luoruo
931 2189 1003 2232 cum
1022 2169 1086 2246 eis,
1104 2169 1186 2251 facia
1210 2180 1238 2234 te
1257 2171 1363 2252 ipsum

182 2296 297 2359 lterum.
328 2289 389 2357 Ubi
418 2289 573 2356 Particula
602 2293 647 2353 ὁτι
675 2286 882 2379 αιτιολογικη,
912 2299 946 2356 ut
969 2299 1053 2357 notat
1084 2291 1282 2357 Hermannus
1310 2291 1362 2378 (ad

180 2415 289 2504 Vigeri
304 2416 380 2505 Cap.
407 2415 471 2494 lX,
487 2412 569 2479 Sect.
587 2413 647 2480 Vll
668 2437 676 2479 ε
697 2410 744 2499 l),
763 2432 819 2501 per
831 2411 1019 2479 Particulam
1035 2436 1086 2474 και
1103 2412 1361 2500 praecedentibus

181 2558 338 2620 connexa,
364 2535 497 2604 ostendit
520 2556 623 2603 ueram
647 2559 700 2599 του
725 2558 792 2626 περι
813 2535 1069 2623 significationem
1098 2536 1298 2605 causativum.
1318 2577 1360 2586 -

179 2665 215 2728 Ἡ
242 2659 311 2736 adue
339 2660 518 2747 intelligitur
545 2659 616 2739 illa,
646 2677 725 2748 quae
752 2679 846 2748 snpra
875 2661 951 2748 Cap.
981 2659 1092 2726 XVlll
1121 2685 1128 2725 :
1160 2661 1203 2727 25
1234 2672 1360 2728 vocatur

179 2789 197 2863 ἡ
226 2782 293 2861 idae
320 2807 373 2848 του
400 2784 531 2874 Κυριου.
561 2785 609 2850 De
637 2783 761 2850 notione
795 2782 881 2850 vocis
915 2778 983 2856 ὁᾶος
1011 2781 1071 2849 hoc
1103 2782 1191 2861 loco,
1224 2782 1295 2851 vide
1322 2784 1358 2852 ad

178 2906 257 2999 Cap.
284 2909 331 2975 lX
358 2927 365 2969 :
392 2909 426 2974 ἢ.

221 3153 277 3219 24.
304 3152 487 3215 Demetrius
503 3151 590 3214 cuim
606 3146 690 3239 (γαρ)
712 3151 844 3234 quidem
868 3153 1014 3233 uomiue,
1034 3143 1125 3233 ete.).
1148 3149 1282 3216 Enarrat
1300 3149 1357 3215 iarn

178 3278 291 3357 Lucas,
306 3296 323 3342 a
340 3296 474 3365 quonam
494 3288 523 3344 et
541 3297 602 3365 quo
624 3276 715 3345 uredo
732 3277 882 3344 excitatus
899 3277 992 3344 luerit
1008 3277 1059 3343 ille
1078 3275 1240 3344 turnultus.
1263 3277 1357 3344 Scili-

178 3410 225 3464 cet
244 3397 260 3487 (
280 3398 335 3489 αρ)
359 3399 484 3488 quidam
508 3402 633 3465 tremine
657 3400 808 3487 (ονοματι)
832 3400 1030 3480 Demetrius,
1056 3399 1142 3466 taber
1166 3400 1357 3486 argentarius

179 3522 436 3614 (oppoponeret),
456 3523 509 3613 qui
527 3524 711 3591 conficiebat
728 3523 840 3614 templa
864 3523 982 3591 Dianae
1006 3534 1167 3610 argentea,
1195 3535 1355 3612 quaestum

177 3666 237 3714 non
263 3646 420 3715 modicum
443 3644 516 3714 inde
539 3647 687 3714 afferebat
708 3646 880 3714 artificibus
905 3647 982 3714 suis.
1001 3686 1045 3696 —
1065 3648 1143 3713 Puta
1160 3648 1353 3715 Demetrium

178 3769 274 3837 luisse
298 3767 458 3837 dominun
484 3769 624 3837 cilicinae
648 3770 827 3848 cuiusdam,
854 3770 907 3837 ubi
932 3781 1090 3858 argenteas
1115 3770 1185 3838 illas
1202 3771 1357 3840 aediculas

47 3978 56 3990 ι
175 3890 214 3960 ab
238 3895 355 3958 hurum
380 3913 490 3959 uerum
519 3894 683 3978 opificibus
708 3892 786 3983 (τοις
809 3891 977 3982 reportate)
1001 3892 1195 3961 fabricandas
1221 3904 1354 3962 curaret.

220 4015 377 4084 Particula
400 4039 459 4109 γαρ
485 4015 537 4084 hic
561 4017 640 4085 valet
663 4021 825 4103 videlicet,
844 4021 978 4102 scilicet,
993 4028 1027 4084 ut
1043 4016 1153 4086 ltlattlr.
1176 4019 1209 4098 l,
1225 4039 1273 4086 vs.
1302 4021 1354 4087 t8.

179 4142 318 4228 Ονοματι
342 4151 389 4208 est
414 4141 548 4207 Dutivus
576 4143 771 4226 Relatiouis,
803 4142 841 4210 de
869 4163 934 4231 qno
961 4140 1029 4208 vide
1053 4140 1186 4231 adCap.
1207 4142 1354 4211 1V:5o.

182 4261 395 4354 Αργυροκοπος
410 4264 449 4332 ab
465 4288 594 4358 apycpou
611 4276 641 4332 et
663 4288 783 4331 κοπτειν
807 4265 932 4354 Belgica
956 4264 1036 4332 valet
1058 4286 1114 4331 eeu
1136 4267 1354 4350 ziluersluper.

181 4386 261 4457 Sunt
290 4387 480 4479 interpretes
514 4389 567 4479 qui
590 4382 731 4483 putant,
768 4412 857 4463 ναους
890 4410 1037 4478 αργυρους
1064 4382 1235 4477 Αρτεμῑδος
1264 4387 1357 4455 fuisse
