3074 5054
449 385 589 454 CAPUT
623 383 735 466 XVll,
773 385 894 454 VERS.
933 386 1080 453 aa-tt,
1294 385 1359 452 457

178 579 345 669 Apostolus
373 579 423 646 bio
451 578 569 646 directa
596 579 859 666 argumentatione
886 576 1042 645 idolorum
1078 576 1195 644 cultum
1231 573 1354 641 refellit.

177 706 400 792 Argumentum
417 703 485 769 eins
500 701 560 768 tale
575 712 622 770 est
636 723 644 765 τ
659 703 763 788 Quum
782 723 838 769 nos
855 701 997 770 homines
1009 711 1149 768 creatura
1166 699 1226 766 Dei
1244 698 1355 777 simus,

177 824 315 914 prolecto
339 844 399 891 non
421 823 570 891 debemus
591 823 781 905 existimare,
803 824 906 913 ipsum
928 824 1028 890 Deum
1047 842 1116 890 esse
1131 821 1249 911 aliquid
1265 819 1356 887 nobis

177 947 322 1028 iuferius,
352 957 386 1015 ut
409 958 455 1014 est
475 959 559 1014 muta
586 947 690 1037 aliqua
717 958 814 1013 statua
836 967 875 1013 ex
895 965 990 1027 auro,
1015 955 1141 1033 argento
1163 944 1211 1011 vel
1234 943 1356 1033 lapide,

177 1070 309 1138 humana
326 1081 391 1138 arte
408 1071 559 1138 conlecta.
579 1072 796 1138 -Postrema
821 1069 898 1137 haec
914 1069 1008 1136 verba
1028 1068 1169 1159 Apostoli
1188 1066 1358 1157 reprehen-

177 1196 295 1262 sionem
322 1195 481 1262 continent
507 1194 609 1261 cultirs
630 1193 828 1261 idololatrici.
853 1193 1042 1283 Xapaypari
1067 1192 1198 1258 Dativus
1220 1192 1358 1274 Apposi-

178 1322 275 1385 tionis
292 1329 357 1398 est,
378 1316 461 1383 etad
478 1315 640 1404 quodlibet
656 1317 749 1384 trium
767 1314 1014 1382 antecedentium
1032 1322 1170 1405 (χρυσῳ,
1186 1339 1203 1388 η
1219 1334 1355 1405 αργυρῳ,

176 1466 194 1516 η
210 1439 303 1531 lurp)
322 1439 517 1507 referendus.

221 1690 368 1756 50—51.
393 1689 439 1752 Et
464 1698 607 1769 tempora
624 1689 771 1771 quidam,
792 1696 880 1775 cta).
900 1688 1058 1752 Hactenus
1069 1682 1238 1773 Apostolus
1255 1680 1359 1747 varios

177 1814 351 1882 Stoicorum
375 1826 405 1880 et
427 1815 653 1902 Epicureorum
682 1833 806 1879 errores
829 1812 920 1879 tacito
947 1809 1207 1900 reprehenderat,
1233 1819 1263 1875 et
1286 1828 1356 1898 pos-

177 1949 273 2006 tremo
290 1939 358 2006 loco
382 1938 501 2006 directo
526 1951 629 2026 egerat
644 1949 750 2006 contra
771 1938 990 2009 idololatriam.
1008 1937 1134 2005 Transit
1150 1937 1210 2002 iam
1227 1934 1265 2003 ad
1282 1933 1356 2001 doc-

178 2064 287 2130 trinam
305 2063 461 2152 Evangelii
474 2063 701 2132 insinuandam.
721 2064 783 2133 Sed
794 2063 955 2132 absolvere
971 2084 1031 2131 non
1049 2063 1149 2153 potnit
1164 2081 1354 2141 sermonem,

179 2187 292 2276 quippe
315 2188 427 2254 irrisus
442 2186 481 2255 ab
500 2187 707 2269 auditoribus,
733 2209 829 2278 quum
852 2189 1040 2255 mentionem
1061 2188 1175 2254 laceret
1199 2205 1357 2252 resurrec-

178 2315 268 2382 tionis
293 2316 354 2403 (vs.
382 2316 449 2400 52).
473 2314 588 2381 Sensus
610 2325 683 2381 est:
703 2315 788 2381 llaec
813 2337 886 2399 arpo
909 2322 984 2406 (ουν)
1006 2313 1194 2402 ignorantiae
1215 2323 1357 2400 tempora

179 2438 262 2505 Deus
279 2437 426 2506 hactenus
444 2441 625 2522 rteplaorerat
640 2434 825 2530 (ὑπεριὸων),
852 2458 962 2528 passus
983 2449 1089 2522 peotes
1109 2458 1216 2502 ammos
1233 2436 1359 2518 ingredi

179 2564 243 2627 uias
261 2584 336 2628 suas
351 2561 437 2650 (ride
454 2563 531 2651 Cap.
549 2563 630 2630 XlV
649 2591 656 2627 :
679 2565 750 2643 aab
777 2583 860 2629 nunc
883 2582 956 2628 tero
982 2560 1160 2628 hominibus
1176 2579 1233 2648 per
1248 2557 1356 2624 minis-

179 2696 238 2752 tros
266 2707 340 2754 suos
365 2691 522 2772 praecipit
547 2685 790 2777 (aupapyella),
813 2697 846 2753 ut
864 2706 971 2754 omnes
996 2685 1112 2773 ubique
1136 2681 1355 2773 poenitentiam

178 2822 282 2896 agant,
301 2812 374 2899 quia
390 2810 472 2878 diem
497 2813 674 2892 constituit,
694 2833 755 2900 quo
773 2812 880 2879 orbem
904 2824 1056 2878 terrarum
1079 2811 1159 2877 iusto
1176 2807 1292 2876 iudicio
1309 2806 1357 2872 iu·

177 2924 333 3000 dicaturus
350 2945 398 3000 est
413 2937 447 3000 irt
461 2956 596 3019 persona
612 2935 669 3001 viri
688 2933 728 3015 (εν
746 2932 865 3026 oripi),
884 2956 977 3024 quem
997 2934 1064 3000 eius
1088 2932 1193 3000 iudicii
1221 2931 1354 2998 iudicem

177 3055 240 3122 lore
268 3056 454 3144 designarit,
484 3057 576 3124 dictis
604 3059 671 3125 eius
693 3061 790 3142 fidem
822 3063 965 3146 faciendo
991 3062 1078 3143 apud
1105 3081 1210 3124 caraea
1242 3060 1356 3143 (πιστιν

178 3201 346 3269 capungam
362 3179 455 3265 πασι)
473 3202 529 3270 per
545 3181 624 3259 hoa,
645 3183 763 3270 quoda
782 3185 911 3251 mortuis
928 3183 966 3252 ad
983 3185 1075 3250 vitam
1099 3203 1169 3248 eum
1186 3181 1353 3248 revocavit.

219 3306 374 3374 Particula
398 3329 450 3369 ουν
473 3328 534 3372 non
560 3319 606 3374 est
628 3307 680 3374 hic
701 3312 934 3390 concludentis,
953 3309 1008 3377 sed
1030 3308 1124 3392 veluti
1143 3310 1305 3392 perpolitis
1326 3306 1357 3372 in

177 3429 354 3498 narrando¹.
380 3433 558 3516 Tempora,
578 3452 657 3519 quae
686 3432 738 3499 hic
765 3433 924 3513 dicuntur,
947 3436 1043 3499 buius
1072 3435 1271 3516 iprroraotiae
1294 3436 1357 3519 (της

176 3553 326 3646 aprorum),
342 3556 553 3644 intelliguntur
570 3568 729 3646 tempora,
749 3557 864 3646 quibus
879 3569 1002 3645 gentes,
1022 3557 1192 3624 lsraeliticd
1208 3557 1355 3645 excepta,

177 3681 290 3770 passim
307 3680 428 3748 deditae
444 3693 532 3747 erant
549 3685 753 3749 idololatriac
769 3686 831 3772 (vs.
851 3682 926 3768 29);
947 3681 1030 3772 quod
1053 3683 1170 3749 crimen
1187 3683 1292 3772 (Rom.
1313 3683 1325 3747 l
1345 3705 1353 3746 ε

176 3805 229 3882 20)
247 3809 463 3888 ignorantiam
486 3809 553 3896 (την
579 3808 717 3896 apariat)
740 3819 830 3875 vocat
854 3808 919 3874 miti
942 3807 1109 3886 vocabulo,
1128 3826 1167 3872 ne
1189 3807 1248 3872 iam
1274 3825 1356 3873 nunc

175 3927 292 3995 duriori
314 3949 407 4009 usas,
433 3930 571 3998 novellos
595 3951 668 3998 suos
685 3932 842 4000 auditores
864 3931 1045 4021 imprudens
1062 3931 1243 4000 offenderet.
1262 3932 1354 3996 Tem-

177 4139 360 4150 ---...--

208 4274 226 4338 ¹)
245 4275 281 4325 De
293 4277 421 4340 potestate
438 4277 583 4330 particulae
601 4288 652 4328 aaa
670 4283 740 4334 dixi·
790 4282 941 4334 notionibus
970 4282 1032 4334 buio
1059 4281 1217 4334 Particulae'
1233 4280 1356 4346 subjectis

179 4370 238 4408 mus
254 4357 281 4406 iu
299 4357 480 4412 Grammatico
499 4361 657 4416 Graecitatis
674 4365 744 4418 Novi
789 4365 890 4430 egimus
903 4365 1009 4429 ibidem,
1022 4379 1082 4434 pag.
1096 4364 1153 4427 itt,
1166 4379 1221 4433 seq.

182 4441 352 4504 Testamenti,
382 4456 441 4509 pag.
467 4444 525 4496 469.
555 4447 588 4498 Et
614 4447 646 4499 de
674 4448 744 4501 lalsis
