3074 5054
494 403 632 471 CAPUT
666 402 717 480 X,
754 400 876 469 VERS.
915 400 1061 469 51-55.
1290 396 1356 462 287

181 597 296 665 scilieet
320 595 404 685 quod
427 595 531 662 nullus
555 606 602 661 est
622 594 689 660 Deo
714 611 919 682 personarum
941 599 1119 679 respectus,
1135 588 1190 656 sed
1210 598 1356 676 acceptus

180 720 221 787 illi
244 732 292 788 est
313 721 344 788 in
368 720 476 808 quavis
504 729 594 806 gente
621 717 765 805 quisquis
794 716 881 782 timet
904 735 995 795 eum,
1021 726 1050 781 et
1073 722 1157 780 recte
1175 711 1263 779 lactis
1283 731 1357 800 ope·

144 916 147 927 ¹
181 863 244 910 ram
263 843 326 911 dat.

221 969 353 1036 Locutio
371 968 414 1031 ee'
429 965 588 1043 αληθειας,
612 967 693 1034 sicut
716 966 768 1033 hic
780 965 965 1054 explicatur,
980 965 1020 1030 ita
1037 963 1148 1050 legitur
1163 965 1251 1029 lllarc
1266 964 1329 1029 Xll
1346 987 1354 1029 ε

178 1095 233 1160 52.
260 1093 366 1159 Dictio
389 1115 549 1181 apocopen
574 1087 741 1178 λαμβανειν
765 1115 864 1170 τινος,
883 1092 1040 1158 notionem
1058 1088 1151 1156 habet
1175 1109 1260 1169 eam,
1280 1109 1359 1178 quae

178 1215 285 1282 subest
302 1215 427 1282 Latinae
446 1242 454 1282 :
473 1219 632 1284 rationem
647 1219 757 1283 dobere
779 1217 934 1302 personae
950 1218 1140 1299 cuiuspiam.
1159 1214 1221 1283 Sed
1237 1235 1297 1282 non
1314 1225 1360 1282 est

177 1339 307 1429 proprie
330 1341 449 1408 Graeca
473 1339 525 1406 illa
545 1340 659 1420 dictio,
677 1340 733 1408 sed
758 1341 929 1419 Hebraica;
950 1340 1045 1406 refert
1061 1340 1143 1405 enim
1160 1351 1266 1407 notum
1283 1341 1360 1408 illud

176 1475 244 1544 taran
272 1471 349 1548 stirp,
371 1485 542 1547 personent
566 1464 746 1554 (alienius)
770 1470 908 1551 occepit,
939 1464 1023 1554 quod
1049 1464 1163 1531 dicitur
1188 1466 1223 1530 itt
1242 1466 1360 1532 molant

173 1597 304 1669 portem
321 1586 358 1653 de
375 1608 410 1654 eo
427 1589 479 1676 qui
498 1601 612 1654 tentore
627 1594 711 1676 favet
726 1593 843 1672 alicui,
862 1600 914 1658 aut
928 1592 1072 1673 partium
1096 1592 1201 1656 studio
1216 1591 1358 1673 ducitur,

176 1720 215 1776 ut
230 1709 298 1776 lob.
313 1711 393 1777 Xlll
414 1737 421 1778 ε
443 1715 496 1780 lll-
515 1714 614 1780 Porro
630 1713 669 1781 ad
686 1713 854 1780 dictionem
878 1736 1039 1805 npooetton
1057 1710 1225 1799 λαμβανειν
1243 1712 1361 1779 effictae

176 1845 252 1900 sunt
266 1855 360 1902 voces
377 1838 567 1926 compositae
590 1836 867 1930 προσωποληπτης,
883 1858 963 1926 quae
979 1838 1031 1906 hio
1048 1837 1177 1926 legitur,
1196 1849 1226 1906 et
1241 1862 1361 1930 προσω-

177 1955 340 2032 ποληπτεω
356 1959 477 2048 (laceb.
497 1962 527 2026 ll
547 1986 555 2026 ε
574 1960 623 2048 9),
639 1975 669 2030 et
684 1961 927 2053 προσωποληψια
945 1965 1048 2048 (Rom.
1069 1964 1099 2029 ll
1119 1990 1127 2030 t
1149 1962 1218 2052 ll).
1238 1965 1363 2027 Δικαιο-

176 2105 254 2158 συνη
275 2084 306 2149 in
330 2084 503 2152 Graecitate
528 2106 615 2153 sacra
632 2087 747 2155 dicitur
762 2100 792 2156 et
808 2089 846 2156 de
861 2100 943 2155 recte
964 2092 1060 2175 saetis
1084 2088 1249 2169 universe,
1268 2087 1362 2176 idque

177 2209 353 2276 secundum
369 2209 604 2298 amplitudinem
620 2213 869 2300 significationis,
884 2234 976 2302 quam
994 2212 1187 2302 respondens
1203 2233 1264 2278 vox
1281 2226 1363 2296 oppa}

178 2334 298 2421 passim
314 2334 345 2399 in
363 2334 395 2401 S.
415 2335 574 2424 Scriptura
593 2337 745 2404 Hebraioa
762 2337 891 2404 obtinet.
910 2338 1054 2405 Ceterum
1069 2358 1282 2421 personarum
1298 2357 1364 2400 res-

174 2469 305 2541 pectos,
326 2479 417 2546 quem
441 2460 553 2526 Petrus
577 2461 608 2525 in
630 2462 697 2527 Deo
721 2481 789 2528 esse
806 2473 913 2548 negat,
932 2481 969 2528 eo
993 2481 1087 2528 sensu
1111 2459 1280 2549 capiendus
1298 2470 1361 2539 est,

178 2592 216 2648 ut
237 2581 459 2670 intelligamuS,
485 2583 587 2650 Deum
613 2582 665 2650 hic
687 2583 748 2650 dici
772 2594 913 2672 paratum
938 2604 1007 2651 esse
1029 2584 1060 2650 in
1078 2584 1251 2650 Ecclesiam
1275 2603 1362 2649 suam
1393 2559 1396 2565 ¹

180 2705 322 2793 recipere
351 2727 457 2774 omnes
485 2708 516 2774 in
544 2700 702 2776 Christum
738 2709 865 2777 credere
899 2709 1056 2790 volenteS,
1086 2710 1153 2776 sine
1181 2708 1363 2777 discrimine

179 2829 300 2916 gentis,
315 2830 380 2896 sive
396 2831 535 2899 Gentiles
550 2834 629 2914 sint,
648 2833 713 2898 sive
730 2833 849 2900 ludaei.

229 2955 321 3020 Notat
343 2955 499 3042 stapleton
524 2958 570 3047 (in
595 2957 750 3025 Antidotis
777 2958 968 3047 Apostolicis
992 2956 1084 3025 adh.
1112 2956 1152 3045 l.)
1172 2983 1179 3023 :
1203 2957 1301 3023 «Nou
1318 2956 1364 3024 lo·

182 3078 291 3165 quitur
317 3082 355 3147 Β.
386 3084 513 3160 Petrus,
544 3085 666 3167 inquit,
697 3081 735 3149 de
763 3082 814 3148 illa
842 3082 1022 3171 acceptione
1049 3101 1253 3170 personarum
1283 3100 1363 3169 quae

181 3204 292 3270 vitium
318 3216 380 3285 est,
398 3216 428 3271 et
440 3207 574 3273 iustitiae
594 3207 775 3296 opponitur,
795 3207 883 3296 quasi
901 3206 1066 3295 aliquando
1083 3205 1263 3293 cogitaverit
1278 3206 1365 3271 Deus

183 3325 307 3394 duobus
336 3328 479 3395 similiter
513 3331 779 3418 promerentibus,
809 3330 953 3397 similiter
991 3350 1051 3396 non
1086 3328 1276 3407 retribuere3
1310 3326 1364 3394 sed

183 3449 325 3538 loquitur
352 3451 390 3518 de
418 3453 470 3519 illa
497 3455 686 3543 acceptione
704 3474 925 3543 personarum,
952 3473 1031 3543 quae
1058 3452 1097 3519 ad
1121 3452 1302 3519 electionem
1336 3461 1366 3516 et

185 3576 344 3665 optionem
363 3577 525 3665 gratuitam
542 3579 691 3667 pertinet3
712 3580 783 3667 quia
800 3579 923 3656 ludaei,
938 3577 997 3644 sub
1014 3598 1148 3666 quorum
1166 3596 1317 3665 persona,
1336 3587 1366 3642 et

186 3711 316 3790 propter
335 3721 413 3790 quos
428 3700 582 3769 adstantes
594 3703 651 3768 ista
668 3699 806 3790 loquitur
822 3703 946 3783 Petrus,
961 3722 1085 3790 semper
1102 3702 1364 3780 existimaverant,

187 3827 289 3892 Deum
314 3798 361 3892 sic
384 3826 484 3893 solum
510 3826 660 3915 populum
685 3825 869 3894 ludaeorum
894 3847 967 3916 prae
984 3826 1052 3892 aliis
1070 3826 1217 3913 elegisse,
1236 3836 1269 3891 ut
1286 3826 1366 3891 sicut

187 3949 262 4017 olim
286 3949 345 4017 soli
370 3950 474 4017 ludaei
498 3962 550 4016 aut
573 3970 680 4017 eorum
709 3950 857 4040 proselyti
872 3948 911 4017 ad
929 3949 1121 4036 Synagogam
1151 3948 1363 4038 pertinebant,

188 4073 234 4139 sic
258 4082 289 4138 et
312 4093 395 4139 nunc
418 4072 474 4139 soli
503 4071 607 4139 ludaei
631 4084 684 4140 aut
699 4093 806 4140 eorum
835 4071 984 4162 proselyti
1009 4071 1048 4139 ad
1072 4071 1245 4139 Ecclesiam
1270 4072 1366 4160 perti-

188 4209 314 4276 nerent,
344 4196 435 4264 etad
462 4196 661 4263 redemtionis
686 4168 741 4285 per
767 4197 926 4263 Christum
955 4196 1221 4284 participationem
1243 4196 1366 4288 (ceteris

190 4322 335 4390 omnihus
358 4321 516 4410 neglectis)
541 4321 670 4388 vocandi
695 4332 808 4388 essent.
827 4322 912 4389 Dicit
936 4322 1030 4410 igitur
1045 4323 1156 4388 Petrus
1172 4322 1210 4388 ad
1235 4323 1367 4389 instruc-

190 4449 305 4514 tionem
328 4446 513 4514 adstantium
536 4447 738 4527 ludaeorum,
754 4447 837 4514 etad
861 4447 1103 4514 consolationem
1126 4447 1316 4530 Gentilium,
1336 4470 1367 4514 se
