3074 5054
516 421 667 498 CAPUT,
685 421 783 500 Xlll,
821 421 942 491 Vnus.
983 425 1014 490 l.
1291 426 1356 492 325

175 636 229 686 την
249 635 343 676 ουσαν
364 609 525 684 εκκλησιαν
550 609 674 697 Belgica
699 610 785 679 reddi
811 623 967 701 possunt:
991 614 1033 676 Te
1049 615 1216 679 Antiochii
1231 636 1275 681 nn
1291 637 1356 680 wa·

176 755 235 799 ren
258 756 295 799 er
315 735 357 815 trj
377 737 415 799 de
437 736 614 817 oanwezipe
638 735 713 799 tert
735 738 782 800 als
807 736 988 819 Propheten
1010 756 1049 800 en
1076 736 1246 802 Leeraars.
1276 740 1359 803 Pro-

174 857 288 938 phetas
301 855 500 942 intelligimus
516 855 608 936 taleS,
627 855 734 944 quales
758 876 853 944 supra
879 856 929 940 (ad
953 857 1029 944 Cap.
1048 859 1095 923 Xl
1115 879 1123 920 :
1143 857 1197 936 ⁰27)
1215 879 1254 926 ex
1271 859 1357 926 Estio

176 978 420 1066 descripsimus3
440 982 590 1045 Doctores
607 990 708 1046 autem
726 1000 779 1047 eos
795 980 912 1068 cogita,
932 981 983 1068 qui
1002 980 1079 1047 illud
1100 981 1235 1070 Spiritus
1253 983 1356 1049 Sancti

177 1101 334 1168 charisma
349 1103 414 1167 sive
438 1102 553 1170 donum
570 1102 738 1184 habereut,
756 1114 790 1170 ut
812 1103 925 1170 docere
949 1116 1077 1191 possent
1101 1104 1208 1172 fideles
1226 1126 1357 1196 eaquae

177 1224 218 1292 ad
231 1224 438 1292 Christianam
454 1225 634 1313 religionem
648 1227 814 1315 pertinent.
830 1226 879 1293 (ll.
896 1227 1016 1294 Estium
1029 1227 1067 1293 ad
1082 1229 1095 1293 l
1108 1229 1182 1294 Cor.
1197 1228 1260 1294 Xll
1277 1251 1285 1292 :
1300 1231 1357 1307 28,

178 1361 208 1416 et
226 1348 344 1438 Ephes.
360 1350 406 1419 lV
425 1377 433 1417 ε
454 1354 508 1419 ll.
532 1351 666 1417 Eosdem
683 1371 757 1418 vero
775 1352 826 1439 qui
845 1350 897 1417 hic
913 1353 1123 1430 nominantur,
1143 1350 1289 1420 habuisse
1305 1353 1359 1419 ad-

179 1471 400 1540 ministrandae
425 1484 455 1538 et
478 1472 632 1539 curandae
649 1474 799 1540 ecelesiae
823 1472 1032 1540 Antiochense
1050 1472 1203 1554 officium,
1223 1493 1261 1540 ex
1277 1494 1361 1541 oom-

178 1606 261 1663 mate
277 1597 416 1684 sequenti
441 1593 705 1688 (letrnupyevrrnr
732 1594 764 1660 de
788 1619 887 1660 αυτων
911 1621 954 1682 τῳ
973 1598 1093 1687 Κυριῳ)
1110 1596 1279 1684 colligitur.
1299 1597 1361 1664 Re-

177 1730 346 1786 censentur
361 1739 434 1806 ergo
452 1718 503 1786 hic
518 1718 731 1788 Antiochense
748 1721 897 1787 ecclesiae
913 1719 1147 1787 administri.-
1164 1719 1197 1787 Si
1212 1719 1361 1807 Vulgatae

179 1844 345 1913 lectionem
372 1846 532 1934 sequaris,
566 1847 666 1912 Lucas
695 1844 747 1912 hic
775 1844 997 1932 significasset,
1031 1844 1127 1912 luisse
1158 1842 1360 1924 Antioohiae,

180 1979 304 2057 praeter
328 1971 517 2050 nominatos,
542 1971 620 2036 alios
644 1970 810 2038 nonnullos
834 1968 1002 2058 prophetas
1025 1979 1056 2035 et
1078 1968 1234 2035 doctores.

227 2094 410 2176 Barnabas,
429 2102 516 2185 etc).
544 2096 598 2161 Est
614 2095 779 2160 Barnabas
798 2094 849 2160 ille
866 2095 911 2173 is,
930 2092 968 2160 de
985 2112 1046 2181 quo
1063 2112 1166 2160 sermo
1191 2091 1249 2157 fuit
1265 2112 1361 2180 supra

180 2219 259 2307 Cap.
287 2220 333 2287 tv
353 2245 361 2286 :
384 2221 446 2299 36,
471 2239 539 2306 sq,
555 2221 601 2285 lX
621 2244 629 2286 ι
648 2221 709 2300 273
728 2220 775 2285 Xl
803 2244 810 2284 :
838 2220 900 2298 aa,
924 2239 995 2306 sqq.
1022 2228 1053 2283 et
1075 2219 1152 2306 Cap.
1178 2218 1241 2283 Xll
1269 2242 1277 2283 :
1303 2219 1360 2285 25.

180 2341 315 2424 Simon,
338 2343 446 2408 Latino
464 2346 647 2426 cognomine
675 2344 777 2408 dietas
800 2343 830 2432 (ὁ
849 2338 1022 2430 λεγομενος)
1036 2339 1150 2406 Simon
1174 2341 1289 2423 Niger,
1308 2359 1363 2428 ap·

181 2466 313 2556 peilatus
331 2467 371 2534 ita
388 2466 480 2542 luerit
495 2487 513 2534 a
528 2467 632 2534 colore
659 2466 763 2533 vultus
789 2476 841 2532 aut
867 2464 1069 2554 capillorum;
1100 2463 1360 2553 quemadmodum

120 2615 125 2622 ·
180 2593 299 2658 Flavia
321 2613 396 2675 pens
421 2593 558 2659 Romana
582 2613 599 2659 a
623 2592 738 2660 Flaviis
762 2592 843 2659 dicta
866 2590 943 2672 tait,
962 2611 1095 2679 quorum
1121 2590 1173 2678 qui
1191 2591 1312 2678 primus
1330 2589 1360 2656 id

181 2736 296 2782 nomen
321 2715 445 2797 hahuit,
470 2736 487 2782 a
511 2715 598 2782 tiaris
627 2716 748 2805 capillis
773 2714 848 2782 illud
875 2713 1001 2780 duxisse
1025 2712 1158 2780 videtur.
1177 2750 1221 2760 --
1247 2713 1364 2777 anr'ns

182 2845 395 2928 Cyrenensis,
426 2841 459 2909 h.
487 2863 516 2909 e.
542 2863 560 2909 a
584 2843 723 2929 Cyrene,
752 2841 924 2930 superioris
953 2839 1069 2926 Libyae
1092 2838 1170 2906 urbe
1194 2838 1362 2927 primaria,

180 2967 347 3035 oriundus.
374 2969 404 3033 ls
428 2966 506 3032 sorte
530 2966 610 3033 idem
634 2967 690 3033 luit
714 2987 786 3034 cum
810 2987 846 3033 eo
870 2968 987 3046 Laeto,
1013 2966 1103 3033 cuius
1127 2965 1242 3031 mentio
1272 2964 1307 3030 lit
1332 2965 1363 3030 in

180 3092 242 3179 Ep.
272 3089 312 3157 ad
333 3092 427 3157 Rom.
454 3091 529 3178 Cap.
557 3091 634 3158 XVl
654 3111 661 3150 :
682 3093 738 3158 hl.
754 3129 798 3139 --
814 3091 978 3155 Menalcan
995 3088 1058 3178 (est
1074 3088 1263 3155 Hebraicum
1288 3103 1363 3172 erpa

180 3214 217 3282 h.
244 3235 272 3281 e.
302 3216 490 3289 consolator,
520 3213 618 3280 forma
646 3215 796 3302 Particip.
825 3216 965 3281 [sintela
988 3211 1058 3300 uns)
1087 3212 1201 3279 dieitur
1229 3208 1363 3278 Herodis

178 3340 267 3428 (scil.
299 3337 444 3427 Antipae)
472 3337 660 3405 Tetrarchae
692 3362 872 3429 συντροφος,
903 3338 998 3425 Vulg.
1027 3340 1253 3417 collactaneas,
1284 3354 1363 3423 quae

179 3465 291 3532 Latina
306 3485 365 3531 vox
382 3463 552 3551 signifieat,
571 3463 790 3531 lllanahemum
807 3464 893 3530 illum
910 3462 1002 3529 simul
1019 3482 1090 3528 cum
1108 3460 1232 3527 Herode
1247 3460 1362 3547 Antipa

179 3586 292 3655 eodem
315 3589 393 3656 lacte
416 3587 512 3655 luisse
536 3589 697 3655 nutritum.
724 3587 785 3655 Sed
809 3589 928 3656 Graeca
957 3607 1016 3652 vox
1043 3585 1133 3651 latius
1160 3593 1259 3672 patet3
1290 3600 1361 3647 nam

179 3723 340 3802 praeterea
356 3724 441 3780 notat
456 3732 588 3801 puerum
605 3712 716 3792 talem,
742 3711 795 3800 qui
820 3729 891 3776 cum
908 3709 967 3775 alio
985 3708 1025 3774 sit
1041 3706 1216 3773 educatus.
1242 3705 1363 3792 Nempe

179 3836 322 3904 solebant
348 3837 429 3926 apud
457 3850 592 3914 veteres,
624 3835 708 3924 qnod
738 3845 842 3901 monet
873 3832 1043 3921 Raphelius
1071 3830 1130 3920 (ad
1160 3830 1194 3896 h.
1225 3828 1277 3914 l),
1309 3827 1362 3915 qui

179 3961 310 4030 ditiores
329 3971 426 4040 erant,
445 3961 551 4027 liberis
567 3960 633 4026 suis
649 3979 710 4025 non
727 3958 830 4025 solum
847 3958 1009 4045 magistros
1022 3966 1051 4023 et
1065 3954 1256 4044 paedagogos
1273 3950 1360 4028 dare,

179 4082 236 4153 sed
261 4085 352 4150 etiam
376 4083 565 4161 collusores,
582 4083 634 4171 qui
658 4081 719 4147 una
741 4100 811 4146 cum
838 4081 914 4169 ipsis
939 4079 1157 4146 educarentur.
1182 4073 1360 4141 Putaverim

161 4210 301 4288 autem,
319 4227 427 4274 vocem
443 4228 607 4296 συντροφος
623 4203 796 4293 posteriore
814 4202 874 4270 hoc
890 4202 1064 4291 significatu
1081 4200 1132 4268 hic
1149 4219 1217 4267 esse
1233 4216 1360 4264 sumen-

216 4470 236 4535 1)
262 4467 388 4535 Exempla
408 4466 570 4531 collegerunt
590 4465 748 4532 Raphelius,
761 4466 937 4526 wetstenius,
950 4467 977 4515 et
988 4461 1175 4516 Valckenarius
1187 4459 1228 4526 (ad
1241 4458 1268 4511 h.
1280 4457 1319 4525 l).
