3074 5054
462 397 600 513 GAl’UT
635 396 749 476 XXll,
787 395 909 467 VERS.
948 394 1096 461 dl-Qb.
1309 392 1369 458 bil

191 607 264 654 num
281 586 486 654 vooilorautos
505 588 638 673 :Auser
653 591 691 652 de
708 599 796 653 terra
820 587 945 652 iatbuno
960 585 1119 648 bominem
1136 581 1198 661 (τον
1215 603 1372 659 τοιουτου,

189 708 310 790 talomll
325 731 399 775 nara
418 712 524 776 ninere
540 733 604 777 aare
620 711 766 777 debebat!
785 711 889 796 Quum
914 718 1015 774 autem
1033 705 1083 773 isti
1103 706 1150 774 sio
1166 704 1375 773 vociferaren-

188 844 250 913 tur,
278 844 309 900 et
332 853 407 923 prae
430 833 589 902 iracundia
605 835 789 902 vestimenta
806 854 861 902 sua
879 832 937 900 hae
954 832 1025 899 illae
1040 831 1206 920 agitarent,
1224 850 1280 911 ao,
1299 850 1373 898 ooa-

187 981 278 1030 eussa
296 973 376 1029 terra
395 962 542 1052 pedibus,
565 963 723 1053 pulverem
749 965 898 1031 iaetareut
919 964 950 1029 in
976 967 1097 1038 abiem,
1115 961 1276 1028 Tribunus
1292 961 1373 1028 Pau-

131 1165 133 1170 ,
188 1085 250 1152 lum
275 1083 306 1151 iu
323 1095 422 1153 eastra
439 1085 510 1153 duoi
529 1087 635 1166 iussit,
651 1086 855 1173 praecipiens
871 1082 986 1173 (aanor)
1005 1087 1121 1170 stapris
1138 1105 1210 1150 eam
1228 1088 1373 1169 torqueri

185 1206 345 1295 (puertia
362 1211 557 1284 ανεταζεσθαι
574 1213 695 1296 aaran),
709 1223 744 1279 ut
755 1211 952 1300 intelligeret,
968 1229 1060 1299 quam
1073 1208 1113 1276 ob
1127 1228 1252 1276 eausam
1271 1228 1371 1297 popu-

187 1330 234 1399 lus
261 1332 309 1400 sio
336 1336 483 1399 continno
510 1332 734 1401 uociferaretur
761 1334 941 1426 (eaeqoraoe
961 1306 1120 1421 imperi.)
1143 1343 1254 1398 eontra
1278 1333 1371 1396 illane

188 1456 306 1544 (tara,
324 1455 456 1522 nativus
472 1457 680 1538 atrectatu).
875 1427 878 1432 ’

228 1577 406 1656 Tribunus,
424 1579 550 1667 ignarus
572 1579 711 1668 linguae,
737 1599 797 1669 qua
823 1580 938 1646 Paulus
960 1578 1059 1645 luerat
1082 1597 1179 1657 ustus,
1199 1577 1368 1645 orationem

187 1702 252 1768 atius
272 1701 400 1769 minime
420 1701 623 1771 intellexerat.
644 1703 813 1792 Suspioans
827 1714 927 1770 tamea
941 1723 979 1770 ex
994 1701 1160 1770 inconditis
1177 1701 1238 1767 illis
1255 1701 1369 1768 elamo-

186 1825 272 1893 ribus
295 1826 474 1917 ingentique
497 1827 647 1907 tumultu,
675 1847 819 1916 maguum
841 1825 968 1916 aliquod
985 1827 1104 1894 laoiuus
1120 1824 1159 1892 ab
1176 1845 1213 1892 eo
1230 1845 1299 1891 esse
1315 1824 1369 1891 ada

186 1949 331 2028 missum,
351 1969 407 2039 per
430 1949 524 2038 flagra
546 1951 612 2019 vult
634 1952 746 2020 abillo
767 1964 954 2043 extorquere
976 1973 1087 2021 causae
1110 1953 1177 2050 eius
1196 1952 1368 2020 ooalessio-

185 2092 267 2140 nem.
294 2076 328 2140 ln
353 2094 415 2164 quo
438 2076 499 2162 egit
522 2088 628 2144 eontra
653 2079 702 2146 ius
730 2081 916 2147 Romanum.
948 2080 1067 2168 Digest.
1095 2081 1131 2146 L.
1158 2081 1219 2158 48,
1251 2078 1298 2145 tit.
1326 2081 1368 2146 l8

184 2195 279 2285 (apud
297 2200 334 2262 de
353 2199 450 2263 Wette
466 2198 504 2265 ad
526 2196 559 2265 h.
579 2198 620 2287 l.)
644 2225 652 2267 :
678 2212 706 2267 et
730 2222 794 2268 noa
818 2223 920 2267 eoaea
943 2205 1110 2268 tormentis
1129 2203 1364 2286 incipiendum,

185 2322 275 2385 diona
293 2323 457 2405 damnatas
473 2325 649 2390 constituit.

227 2441 274 2505 Ου
297 2465 356 2533 pap
372 2444 496 2519 nabatea
512 2468 603 2510 aaran
620 2449 671 2521 ζῆν
689 2449 817 2536 proprie
834 2447 912 2514 valet
931 2470 938 2513 :
957 2468 1020 2514 aaa
1040 2449 1242 2514 conveniebat
1261 2459 1295 2514 ut
1314 2451 1368 2514 illa

184 2576 318 2655 uiueret,
336 2573 417 2663 qd.
436 2575 497 2642 iam
520 2574 636 2643 dudum
655 2587 721 2643 erat
736 2575 938 2644 oooideadus.
957 2577 1006 2642 De
1023 2596 1080 2643 usu
1099 2576 1260 2644 lodioativi
1280 2572 1363 2644 Modi

181 2697 211 2762 in
229 2696 459 2776 honoratione,
478 2698 547 2766 vido
565 2701 622 2768 Gr.
639 2720 709 2788 pag.
725 2702 804 2770 502.
819 2702 907 2768 2-
924 2700 1071 2767 Pricaeus
1089 2699 1131 2783 (iu
1148 2700 1257 2766 Critio.
1275 2719 1357 2767 saer.

179 2820 217 2888 ad
234 2819 266 2888 h.
283 2820 324 2910 l.)
343 2843 350 2884 :
378 2825 475 2890 «Nou
501 2844 577 2912 ego,
599 2828 723 2911 inquit,
751 2824 820 2892 heio
836 2825 986 2892 abiecisse
1004 2845 1057 2891 eos
1081 2825 1264 2892 vestimenta
1279 2825 1360 2892 exis·

180 2947 304 3022 amem,
329 2947 383 3014 sed
407 2949 523 3036 argutis
547 2961 576 3017 et
599 2949 830 3038 impatientibus
855 2950 998 3018 manibus
1026 2948 1085 3018 lnao
1106 2949 1177 3018 illae
1200 2951 1361 3018 iactavisse

179 3088 255 3136 ea...
284 3070 323 3136 Et
346 3091 385 3136 ne
409 3072 480 3161 quis
502 3070 581 3139 haue
597 3074 699 3139 Lunae
723 3093 791 3139 osse
808 3084 942 3140 mentem
959 3071 1098 3153 dubitet,
1117 3071 1226 3139 addam
1244 3092 1283 3139 ex
1299 3074 1361 3140 Lu·

178 3191 267 3259 eiuuo
289 3191 410 3274 locum,
435 3193 487 3261 ubi
506 3208 535 3261 et
552 3215 608 3262 vox
625 3219 832 3286 απορριπτειν.
856 3197 928 3285 Agit
944 3195 982 3264 do
1000 3196 1151 3264 histrione
1166 3196 1295 3263 Aiacem
1312 3197 1360 3262 ia-

178 3336 287 3384 santttn
300 3317 429 3385 saltante
444 3339 452 3380 :
467 3319 507 3382 To
520 3319 641 3410 beaupont
658 3321 739 3383 ἁπαν
756 3345 967 3410 συνεμεμῃνει,
982 3344 1034 3384 και
1053 3317 1171 3395 eandam
1184 3346 1237 3384 και
1254 3317 1358 3401 ebear,

177 3464 229 3504 aaa
245 3465 299 3517 τας
315 3438 439 3516 iubatae
455 3466 669 3534 απορριπτουν.
691 3445 738 3513 Ab
754 3444 966 3513 admirationis
987 3466 1116 3513 excessu
1135 3466 1261 3537 nempe,
1279 3456 1313 3514 ut
1327 3446 1358 3513 hi
1446 3518 1450 3535 Ι

177 3561 216 3629 ab
240 3561 430 3631 iracundiae.
447 3603 490 3614 -
508 3567 640 3630 ‘Patarea
665 3568 698 3635 S.
714 3567 938 3656 Chrysostamo
963 3571 1071 3657 (Hom.
1093 3572 1136 3637 48
1164 3571 1195 3637 iu
1210 3570 1297 3659 alat.)
1313 3584 1359 3638 est

176 3708 374 3754 εκτινασσειν.
385 3726 429 3737 -
441 3685 614 3771 Ανεταζειν,
631 3694 792 3777 inquirere
802 3720 813 3773 ,·
830 3691 941 3760 deinde
955 3714 1016 3777 per·
1029 3704 1186 3760 tormenta
1203 3700 1356 3781 qatoeatr‘o·

176 3833 248 3878 aem
264 3811 378 3878 babere
394 3818 432 3879 de
448 3817 571 3900 aliquo,
591 3827 625 3883 ut
645 3816 705 3884 hoo
729 3817 817 3897 looo,
836 3829 866 3885 et
889 3819 963 3907 Sap.
984 3820 1011 3885 ll
1031 3844 1039 3885 r
1062 3821 1102 3888 19
1121 3831 1151 3887 et
1167 3819 1212 3887 Vl
1232 3845 1240 3886 t
1261 3824 1293 3889 6.

218 4035 365 4103 25-30.
391 4037 435 4101 Et
457 4058 526 4102 cam
546 4042 774 4107 astrinuisaent
794 4061 865 4107 earn
890 4044 984 4126 laria,
1010 4043 1100 4133 eto).
1125 4044 1230 4129 Quum
1251 4056 1355 4111 autem

172 4151 237 4244 (de)
253 4155 367 4223 milites
385 4162 623 4242 protendissent
644 4162 862 4252 (aperiebam)
883 4184 954 4232 eum
978 4166 1139 4234 columnae
1156 4170 1197 4234 od
1212 4170 1355 4253 {lapella-

206 4357 224 4419 'l
243 4355 307 4405 Van.
338 4370 408 4408 uuor.
436 4357 484 4408 Pro
513 4363 676 4432 προετεινεν
700 4359 740 4408 est
785 4362 952 4425 ntausaans;
977 4368 1057 4431 atque
1080 4366 1144 4419 haee
1166 4368 1241 4421 lectio
1261 4370 1354 4422 ceteris

173 4453 346 4525 upoeratrar
369 4447 395 4498 in
420 4447 500 4503 codd.
527 4448 568 4499 BG
597 4450 739 4520 multisque
785 4441 986 4529 (apost-eume,
1008 4465 1220 4535 reponerentur,
1247 4468 1354 4537 προσε-
