3074 5054
174 380 241 448 282
513 382 649 451 AC'l'US
673 381 1007 463 APOSTOLORUM,

175 570 310 638 Simonis
325 572 505 639 nunciatum
520 583 620 653 essct,
633 572 743 640 adesse
757 573 842 640 viros
858 572 912 661 qui
928 575 1031 663 ipsum
1057 584 1262 662 quaererent,
1281 575 1357 659 Spi-

174 698 259 762 ritus
274 694 421 779 (sendus)
436 696 486 786 (rc
502 695 647 784 Πνευμα)
672 699 792 765 interna
814 698 970 766 locutione
991 701 1079 765 dixit
1096 701 1148 764 illi
1164 722 1174 759 :
1190 702 1272 765 Ecce
1287 705 1358 766 uiri

175 830 240 885 trec
266 833 425 906 quaeunt
451 833 497 902 te,
520 825 644 896 ζητουσι
669 846 703 886 σε
731 821 858 912 (vragen
882 843 957 890 naar
977 821 1031 908 u);
1054 845 1165 888 cerum
1192 846 1248 906 nne
1270 822 1357 912 (ulis

175 968 321 1020 αναστας.
349 946 431 1013 Vide
458 966 555 1035 supra
575 947 614 1014 ad
634 948 713 1016 Vlll
736 973 744 1012 :
770 947 829 1036 35)
845 951 994 1013 descende
1010 947 1049 1015 de
1071 947 1186 1015 solario
1207 947 1246 1014 ad
1270 949 1358 1015 viros

176 1069 262 1148 illos,
292 1081 323 1136 et
349 1071 549 1159 proficiscere
576 1092 648 1139 cum
677 1071 758 1151 illis,
786 1075 877 1138 nullu
908 1075 1034 1138 cutione
1060 1074 1220 1137 haesitans
1250 1068 1358 1160 (μηδεν

174 1189 415 1284 διακρινομενος,
428 1216 460 1263 u.
474 1216 505 1283 g.
521 1197 605 1286 quod
620 1196 685 1277 illi,
702 1196 741 1265 ad
757 1218 836 1286 quos
853 1197 1033 1277 accesseris,
1049 1196 1153 1263 ludaei
1171 1218 1231 1264 non
1245 1195 1357 1282 sunt);

174 1320 249 1402 quic
271 1321 339 1402 ipse
362 1340 416 1402 eoo
435 1323 511 1386 misi
534 1322 621 1402 illos,
645 1342 695 1389 me
717 1333 843 1389 auctore
867 1321 954 1387 missi
981 1320 1114 1387 suntad
1138 1332 1179 1387 te.
1209 1323 1257 1387 Ex
1280 1342 1359 1410 pos-

175 1441 281 1508 tremis
308 1440 395 1509 bisce
422 1442 527 1511 verbis
552 1454 635 1534 patet
663 1445 747 1534 qnod
773 1465 867 1534 supra
895 1444 1065 1513 diciturne
1093 1466 1232 1530 ursone,
1259 1444 1293 1511 id
1319 1449 1360 1511 de

173 1564 301 1649 Spiritu
324 1566 440 1634 Sancto
456 1588 525 1635 esse
541 1568 739 1636 sumendum.
757 1569 910 1636 Paulatim
929 1573 1040 1637 Petrus
1057 1569 1256 1650 edocebatur,
1276 1571 1357 1659 quid

174 1688 233 1755 sibi
252 1688 343 1756 vellet
359 1689 460 1757 obluta
478 1690 521 1756 illi
538 1691 631 1758 visio.

219 1814 268 1880 De
293 1838 377 1901 αυτῳ
401 1827 471 1904 post
498 1815 675 1885 Genillvum
705 1816 822 1906 Πετρου
850 1813 1121 1903 διενθυμουμενου,
1152 1817 1268 1884 videsis
1295 1820 1357 1886 Gt.

173 1959 243 2029 pag.
263 1942 341 2009 207.
360 1944 467 2008 adnot.
498 1942 618 2010 Vocula
641 1941 722 2006 clla
747 1963 807 2009 nou
833 1956 879 2012 cst
903 1944 1060 2012 reddenda
1088 1949 1211 2030 itaque,
1237 1949 1358 2028 icitur,

174 2074 207 2130 ut
234 2065 391 2132 nonnullis
421 2066 521 2133 visum
542 2078 607 2155 test.
646 2069 694 2134 Dc
722 2069 847 2135 notione
875 2069 1049 2136 Particulae
1078 2067 1159 2131 αλλα
1188 2070 1218 2134 iu
1249 2069 1361 2136 istius·

175 2187 256 2255 rnodi
275 2189 423 2257 orationis
435 2158 692 2273 conforluatione,
712 2191 780 2259 vide
797 2192 952 2259 Klotziunr
970 2191 1009 2259 ad
1025 2192 1207 2259 Denariunn.
1222 2190 1299 2258 Vol.
1322 2194 1358 2268 2,

173 2328 243 2398 pag.
263 2313 368 2401 bsqq.
387 2313 516 2382 —Vox
539 2310 631 2399 μηδεν
648 2310 903 2404 (ὃιακρινομενος)
920 2325 966 2381 est
989 2315 1019 2381 in
1043 2317 1219 2381 accusativo
1243 2313 1363 2380 obiecti

171 2437 334 2517 potientis.
353 2434 480 2505 Vidcsis
504 2455 582 2523 quae
605 2437 636 2502 in
662 2436 741 2503 banc
765 2457 830 2503 rem
852 2439 1026 2505 notavimus
1048 2439 1078 2503 in
1097 2440 1157 2526 Ep.
1177 2436 1215 2504 ad
1233 2436 1361 2526 Philip-

176 2582 308 2650 penses,
326 2562 364 2630 ad
381 2565 458 2653 Cup.
479 2564 523 2631 lV
543 2585 551 2625 z
571 2566 604 2631 6.

221 2807 367 2874 tl—tn.
393 2809 592 2874 Descendens
619 2820 724 2873 nutent
747 2810 884 2889 Petrus,
908 2808 997 2894 etc.).
1025 2810 1103 2875 Cum
1128 2811 1239 2876 Petrus
1264 2830 1281 2875 e
1305 2832 1359 2878 so-

178 2935 271 3015 lario,
288 2933 341 3001 ubi
366 2943 520 3012 oraverat,
539 2937 762 3019 descendisset,
781 2935 979 3023 venissetque
996 2937 1037 3000 ud
1056 2937 1143 3000 ciros
1158 2936 1229 3000 illos
1245 2937 1360 3022 (κατα-

177 3055 234 3145 βας
250 3081 322 3151 προς
337 3082 406 3134 τους
422 3054 563 3148 eudone),
581 3059 659 3126 dixit
680 3059 764 3127 illis:
784 3061 866 3126 Ecce
887 3080 943 3146 ego
966 3080 1035 3126 sum
1059 3058 1130 3137 ille,
1149 3078 1242 3146 quern
1259 3079 1359 3147 quae·

177 3184 262 3264 ritis3
294 3205 353 3272 qua
382 3184 420 3252 de
448 3204 540 3251 causa
568 3183 620 3250 hic
647 3186 765 3249 adestis
793 3182 973 3275 (naucerus
1000 3181 1241 3271 Responderunt
1266 3182 1314 3248 illi
1348 3208 1356 3249 :

176 3308 339 3375 Cornelius
355 3310 508 3388 centurio,
528 3312 580 3375 vir
598 3310 717 3393 probus
735 3320 764 3372 et
788 3311 958 3373 timoratus
980 3303 1111 3396 (δικαιος
1134 3331 1186 3369 και
1202 3304 1359 3397 nodosus-

176 3454 224 3506 νος
240 3455 288 3496 ron
307 3429 412 3522 Θεον),
434 3436 547 3520 quique
569 3437 808 3499 commendetur
834 3436 1007 3499 testimonio
1029 3433 1289 3523 (μαρτυρουμενος
1309 3458 1358 3502 τε.

177 3555 257 3624 Vide
273 3576 367 3646 supra
383 3556 421 3624 ad
437 3557 483 3626 Vl
504 3582 511 3625 :
531 3555 563 3638 3)
581 3555 766 3623 ludaeorum
786 3555 923 3622 ornuiunn
937 3555 1017 3621 iuter
1033 3575 1111 3644 quos
1126 3564 1356 3636 commoratur,

176 3678 201 3745 is
217 3678 255 3745 ab
268 3699 328 3744 uno
341 3699 358 3745 e
370 3680 483 3747 sanctis
500 3679 616 3767 angelis
632 3681 791 3746 divinitus
807 3681 987 3745 admonitos
1003 3680 1069 3761 fnit
1084 3676 1355 3768 (εχρηματισθηί),

208 3923 227 3988 ι)
245 3923 340 3975 Eodem
361 3937 453 3985 sensu,
476 3937 529 3990 quo
546 3924 587 3976 hio
604 3934 740 4004 εχρημα.
786 3911 855 3962 Deus
868 3922 1033 3975 quocumque
1045 3906 1261 4006 modonontnem
1275 3907 1358 3962 buius

175 3998 261 4072 τισθη
277 4014 381 4074 dicitur,
402 4015 514 4066 occurrit
534 4016 624 4067 Matth,
646 4019 739 4069 11:42
784 4001 885 4050 illiusve
905 4000 942 4051 rei
962 4001 1106 4050 cctneonens
1123 3997 1219 4048 dicutur
1234 4005 1358 4074 χρημα-

174 4090 441 4178 χρηματισθεντες,
469 4109 495 4155 et
515 4105 542 4154 in
565 4105 612 4171 Ep,
634 4108 667 4158 ad
689 4107 739 4158 fle.
784 4081 873 4150 τιζειν
886 4091 943 4157 (Ep.
963 4089 995 4140 nd
1018 4089 1095 4140 Hebe.
1117 4088 1164 4139 Xll
1185 4103 1191 4138 :
1213 4088 1265 4181 bd).
1286 4090 1357 4142 lllud

175 4193 265 4247 brucos
277 4195 342 4262 (cap.
357 4195 427 4246 Vlll:
439 4195 463 4258 5)
480 4203 735 4270 κεχρηματισται,
785 4185 917 4236 nemiuem
927 4181 1090 4242 latebit,esse
1097 4178 1145 4231 boc
1156 4179 1271 4231 aDativo
1284 4183 1358 4234 vocis

175 4277 215 4330 dd
227 4278 293 4330 banc
304 4293 393 4332 vocem
406 4278 591 4330 Valckenarius
603 4284 676 4332 notat
693 4294 737 4332 se·
784 4276 902 4342 χρῆμα·
916 4267 967 4319 Sed
983 4267 1071 4329 exigat
1088 4265 1147 4331 (luis
1165 4277 1256 4315 Omnes
1273 4263 1357 4318 huius

176 4360 282 4424 quentia
297 4375 303 4410 :
320 4379 331 4406 c
351 4360 419 4412 Usus
439 4361 489 4411 istc
507 4361 585 4411 Verbi
603 4363 737 4427 passivus,
785 4358 904 4411 vocabuli
916 4357 1079 4422 significatus
1090 4397 1096 4420 ,
1109 4355 1211 4406 nullum
1223 4356 1354 4413 inveniet.

175 4444 543 4510 incuit,vnldcinsolensest.
558 4447 738 4500 Activosensu
784 4464 799 4501 a
826 4463 878 4515 qno
903 4450 965 4500 oriri
994 4447 1108 4513 potuerit
1136 4447 1174 4496 vis
1199 4446 1247 4498 ista
1273 4447 1355 4500 Verbi
