3074 5054
187 405 231 472 ta
521 407 657 476 ACTUS
692 406 1026 487 nrosrotottttot,

182 592 266 661 tione
282 595 411 663 verbum
429 595 490 664 hoc
505 597 642 665 occurrit
658 596 768 667 Matth.
786 596 913 666 XXVII
930 620 938 664 ε
958 599 1019 677 53,
1035 608 1066 665 et
1085 599 1159 664 loon
1176 597 1256 664 XIX
1277 620 1285 662 :
1303 598 1360 664 ld.

183 716 352 796 Existimo,
371 719 472 809 primo
493 722 595 788 statim
612 722 792 811 apparuisse
808 722 985 809 congeriem
1002 720 1171 811 quamdam
1187 715 1361 787 istiusmodi

183 842 374 932 linguarum,
397 866 478 935 quae
501 846 630 928 deinde,
655 847 792 916 secundo
816 847 909 914 ueluti
934 857 1024 924 actu,
1049 855 1148 913 semet
1177 844 1360 923 diviserint,

183 965 224 1033 ita
247 976 282 1034 ut
303 967 441 1057 singulae
462 989 557 1059 super
579 971 716 1060 singulos
732 971 940 1039 considerent.
962 973 995 1037 ln
1022 990 1083 1059 qua
1099 969 1250 1037 sententia
1266 969 1362 1036 etiam

181 1086 342 1156 Salmeron
365 1089 461 1158 luisse
485 1091 623 1173 videtur;
651 1113 721 1160 nam
743 1093 818 1161 dicit
837 1093 876 1162 ad
900 1092 983 1160 hunc
1007 1092 1110 1159 locum
1131 1111 1139 1153 :
1158 1091 1306 1174 Spiritus
1324 1093 1362 1156 in

182 1233 292 1279 oceroo
319 1217 504 1300 linguonum
531 1217 727 1301 apparebat.
765 1218 868 1303 Quum
902 1215 1023 1283 dicatur
1050 1219 1122 1280 ὼσει
1150 1236 1260 1304 πυρος,
1292 1233 1362 1281 cre-

182 1335 317 1405 dendum
340 1350 405 1420 est,
427 1339 501 1407 istas
526 1339 645 1428 linguas
670 1360 732 1407 nou
751 1339 847 1407 luisse
875 1358 982 1406 revera
1007 1339 1134 1426 ignitas,
1161 1337 1216 1404 sed
1243 1357 1299 1404 suo
1327 1348 1359 1403 et

181 1458 286 1527 colore
310 1471 341 1528 et
355 1461 520 1552 splendore
544 1475 574 1530 et
598 1464 733 1531 motione
757 1461 991 1530 similitudinem
1008 1462 1087 1549 ignis
1104 1460 1259 1528 retulisse.
1277 1461 1360 1528 Ver·

183 1581 257 1649 bum
285 1585 415 1659 καθιζειν
443 1585 475 1653 in
503 1586 593 1654 libris
620 1587 718 1654 saeris
745 1596 775 1653 et
802 1588 970 1650 transitive
997 1595 1165 1673 usurpatur
1192 1580 1361 1671 (collocare

180 1707 352 1798 aliquem),
376 1723 410 1777 ut
432 1731 461 1778 u.
487 1731 517 1798 g.
546 1709 663 1799 Ephes.
688 1712 700 1776 1
725 1735 733 1776 :
760 1711 823 1786 20,
848 1718 878 1774 et
903 1709 1106 1773 intransitive
1126 1708 1285 1796 (consido,
1309 1728 1361 1772 rue

181 1829 327 1920 colloco),
347 1844 380 1899 ut
403 1854 433 1898 v.
460 1853 490 1921 g.
509 1834 577 1900 Act.
594 1834 674 1899 Xlll
695 1858 703 1898 :
725 1833 785 1912 ll,
806 1842 837 1898 et
860 1831 891 1896 in
913 1830 1066 1919 praesenti
1091 1831 1172 1903 loco.
1199 1829 1359 1919 Scriptum

181 1964 228 2021 est
242 1955 360 2019 εκαθισε
381 1957 413 2022 iu
437 1957 623 2040 Singulari,
643 1976 735 2046 quem
758 1975 870 2023 vocare
893 1955 998 2022 licebit
1020 1956 1225 2039 Singulorum
1246 1958 1360 2022 dictri-

180 2077 335 2145 butinurn'
354 2104 362 2147 :
381 2061 555 2167 linguarum
573 2079 697 2146 illarum
716 2099 918 2164 unaquaeque
932 2100 964 2143 ae
980 2080 1158 2144 collocabat.

224 2332 256 2398 l.
275 2342 305 2396 et
328 2333 443 2414 repleti
465 2340 539 2396 onrtt
560 2328 696 2419 ornnes).
719 2331 777 2399 Gr.
799 2329 946 2404 ἅπαντες,
971 2330 1118 2392 universi
1145 2346 1251 2391 omncs
1273 2323 1353 2414 (vid.

181 2475 276 2544 supra
291 2453 330 2521 ad
346 2474 393 2521 vs.
414 2451 467 2539 l),
485 2452 606 2520 scilieet
630 2452 771 2520 homines
796 2452 840 2519 illi
865 2451 990 2518 circiter
1013 2462 1136 2517 centum
1159 2449 1282 2537 viginti,
1301 2450 1355 2538 qui

114 2608 117 2613 ·
179 2577 244 2645 illio
260 2588 347 2646 erant
363 2576 551 2664 congregati.
573 2575 621 2642 Ad
638 2575 759 2663 signum
778 2574 856 2642 illud
873 2574 1047 2662 linguarum
1067 2574 1155 2661 quasi
1181 2574 1354 2660 ignearum,

179 2701 288 2770 ellusio
312 2702 447 2790 Spiritus
474 2701 577 2769 Sancti
600 2712 707 2768 secuta
730 2711 777 2768 est
795 2700 916 2780 statim,
942 2711 974 2766 ut
998 2701 1100 2767 Lucae
1125 2700 1260 2766 narratio
1281 2700 1355 2767 satis

178 2827 342 2917 perspicue
366 2824 492 2893 indicat.
519 2825 677 2914 Apostolis
701 2825 895 2913 ceterisque,
915 2824 946 2890 in
967 2843 1045 2912 quos
1067 2823 1201 2912 Spiritus
1225 2823 1355 2891 Sanctus

179 2951 308 3040 illapsus
328 2949 380 3018 hic
402 2950 535 3031 dicitur,
553 2950 679 3018 collatas
703 2949 800 3018 luisse
823 2949 937 3038 gratias
961 2969 1030 3029 aas,
1050 2969 1126 3037 quas
1141 2951 1246 3032 protis
1263 2951 1354 3016 dutus

179 3084 289 3142 vocant
310 3071 489 3162 Theologi⁸‚
503 3085 538 3141 ut
553 3084 644 3163 puta,
664 3072 779 3141 donum
804 3072 998 3160 linguarum,
1019 3072 1194 3139 facultatem
1211 3071 1352 3161 patrandi

180 3195 347 3277 miracula,
372 3207 448 3277 cet,
465 3217 505 3263 ex
521 3197 705 3264 narrationis
726 3196 807 3263 serie
831 3196 1027 3263 manilestum
1049 3208 1107 3263 est.
1134 3197 1234 3263 Docet
1250 3206 1352 3262 autem

176 3320 209 3388 S.
228 3319 366 3386 Thomas
382 3318 418 3407 (5
438 3339 470 3407 p.
490 3320 530 3405 Q.
551 3320 615 3400 72,
632 3329 692 3386 art.
711 3318 741 3385 V
758 3328 788 3385 et
804 3319 904 3407 vll),
925 3319 1034 3386 eodem
1054 3330 1193 3408 tempore
1210 3319 1353 3386 collatam

175 3442 238 3510 illis
261 3442 357 3511 luisse
380 3446 522 3529 pretione
542 3455 671 3527 protum
693 3447 861 3528 furientem
883 3464 968 3528 eam,
993 3464 1073 3534 quae
1097 3444 1255 3532 baptizatis
1279 3464 1353 3511 oon-

176 3563 274 3631 lertur
295 3585 352 3653 per
374 3565 606 3632 Sacramentum
630 3563 900 3646 Confirmationis‚
924 3567 955 3632 in
981 3587 1042 3655 quo
1067 3566 1201 3654 Spiritus
1221 3566 1353 3634 Sanetus

175 3688 266 3756 datur
280 3691 321 3754 ad
335 3689 444 3754 robur.
469 3689 571 3776 Atque
594 3687 672 3755 haec
687 3690 837 3756 sententia
861 3689 985 3757 firmum
1003 3689 1094 3756 habet
1118 3689 1352 3757 fundamentum

175 3811 207 3878 in
225 3808 366 3878 mandato
383 3808 516 3889 Christi,
531 3831 593 3899 quo
617 3824 816 3901 praeceperat
832 3813 990 3901 Apostolis
1005 3813 1099 3901 (Luc.
1119 3813 1231 3880 XXlV
1251 3837 1259 3878 z
1278 3813 1350 3898 tu),

177 3924 211 4000 ut
235 3942 393 3999 manerent
415 3932 445 3997 in
472 3932 658 4013 ierusalem,
682 3937 880 4021 quoadusquo
905 3938 1116 4001 induerentur
1138 3938 1258 4000 virtute
1285 3932 1353 4023 (da-

179 4054 282 4142 ναμει)
299 4076 338 4120 ex
352 4056 429 4120 ullu.

209 4345 228 4410 ¹l
245 4347 328 4398 Tract.
341 4345 377 4398 xt
385 4386 391 4408 ,
405 4345 432 4396 in
445 4346 501 4397 Act.
512 4347 562 4411 Ap.
577 4361 605 4413 p·
619 4349 659 4399 ιθ.
817 4354 837 4416 ⁸)
854 4352 891 4403 De
908 4352 999 4416 gratiis
1013 4353 1099 4417 gratio
1109 4353 1181 4404 datis
1198 4353 1291 4417 agiis.
1304 4353 1350 4405 Th.

208 4428 228 4494 ¹)
245 4428 285 4480 ct.
298 4427 342 4479 Gr.
355 4441 414 4494 pag.
433 4426 481 4479 sot
492 4465 499 4491 ,
511 4426 574 4479 adu.
588 4430 612 4480 t.
784 4437 808 4487 ι.
821 4437 845 4486 2,
858 4451 886 4502 q.
901 4437 964 4497 ⁴86,
978 4437 1025 4488 ⁴87
1034 4440 1061 4488 et
1072 4437 1129 4489 tos.
