3074 5054
377 380 515 448 CAPUT
549 378 696 459 XXVll,
736 375 856 445 Vnus,
894 376 1040 444 dli-29.
1246 374 1310 440 577

177 569 268 656 Quod
295 570 401 637 attinet
418 569 457 638 ad
473 570 643 649 visionem,
674 586 753 656 quae
775 564 847 646 lnic,
871 585 918 631 rs.
944 566 1002 644 95,
1028 561 1174 640 refertur,
1198 560 1314 649 ambigi

133 703 246 781 potest,
263 703 368 761 utrum
384 692 521 780 vigilanti
537 692 634 760 Paulo
652 689 808 778 obtigerit,
822 709 861 756 an
878 707 951 754 vero
968 685 1149 764 dormienti,
1168 696 1241 775 puta
1257 705 1314 774 per

133 817 287 884 somnium
303 817 453 885 divinitus
469 816 514 884 illi
531 816 722 893 immissnm3
741 813 829 903 prius
845 824 947 880 tamen
965 810 1041 878 mihi
1060 809 1181 878 videtur
1197 811 1315 877 verosi-

134 935 256 1019 milius,
274 958 372 1026 quum
388 937 539 1006 credibile
555 938 613 1014 sit,
632 935 763 1004 Paulum
779 935 832 1002 illa
848 943 938 1001 nocte
950 933 982 1000 in
998 941 1082 1000 tanto
1096 932 1236 1021 periculo
1253 952 1314 999 non

134 1057 336 1143 dormivisse,
361 1059 417 1128 sed
433 1080 551 1129 orasse.
569 1098 613 1110 -
628 1061 825 1150 Κεχαρισται
841 1058 1017 1125 Perfectum
1041 1048 1203 1126 Passivum
1219 1058 1316 1144 signi-

135 1178 278 1251 flfflllone
293 1180 416 1264 Media,
433 1194 468 1250 ul
483 1180 713 1274 προσκεκλημαι
722 1202 837 1280 supra,
856 1183 932 1270 Cap.
952 1181 1031 1248 Xlll
1052 1205 1059 1247 :
1078 1183 1112 1248 2.

181 1429 327 1497 27-29.
347 1428 411 1493 Sed
422 1438 625 1511 posteaquem
642 1427 896 1510 quartadecima,
918 1425 1007 1509 etc).
1027 1425 1105 1492 Cum
1118 1435 1220 1492 autem
1232 1429 1319 1510 sacto

137 1560 215 1617 esset
235 1545 369 1638 (εγενετο)
386 1568 448 1616 nox
468 1547 697 1636 decimaquarta
714 1557 785 1636 post
806 1547 931 1614 relictos
947 1548 1165 1632 Bonosportm
1182 1546 1245 1636 (vs.
1260 1546 1314 1636 8),

136 1691 173 1740 ac
188 1672 220 1741 in
237 1674 315 1740 mari
332 1672 491 1741 Adriatico
508 1673 548 1753 (er
560 1695 603 1757 τῳ
621 1667 735 1761 Λὸριᾳ)
751 1674 811 1738 due
827 1682 920 1757 atque
936 1674 1012 1737 illue
1026 1675 1190 1756 [ceremur
1205 1667 1320 1762 (drepe-

137 1793 301 1884 popmov),
324 1804 433 1862 nautae
457 1794 542 1860 cirea
565 1791 698 1860 rnrediam
715 1798 839 1860 noctem
862 1794 1106 1877 suspicabantur
1130 1791 1318 1881 (tremeat),

138 1919 352 2010 continentem
379 1921 522 2003 aliquam
557 1928 677 1982 terram
710 1924 789 2006 (τινα
819 1923 937 2006 χωραν)
968 1916 1028 1984 sibi
1059 1919 1321 2002 appropinquare

139 2041 347 2130 (προσαγειν).
370 2041 512 2127 Cumque
526 2042 792 2125 perpendiculum
816 2042 981 2107 nauticum
1001 2038 1067 2125 (het
1087 2038 1245 2129 dieplood)
1269 2042 1323 2105 de·

140 2166 300 2230 misissent
315 2159 534 2253 (βολισαντες),
564 2162 803 2252 profunditatem
831 2164 927 2230 maris
954 2164 1164 2252 exploraturi,
1196 2183 1320 2252 repere-

142 2299 215 2356 runt
230 2310 348 2373 possm
370 2290 489 2370 viqintl
514 2285 786 2377 (opprimentem)
808 2287 830 2353 i.
856 2307 884 2353 e.
910 2286 1149 2376 profunditatem
1173 2306 1320 2375 passuum

143 2410 270 2498 viginti;
311 2410 471 2500 paululum
510 2420 611 2477 autem
642 2410 681 2477 ab
714 2429 750 2476 eo
779 2411 847 2477 loco
885 2413 1022 2494 diqressi
1050 2409 1319 2501 (ὃιαστησαντες),

140 2534 367 2616 perpendiculo
406 2537 524 2599 lterum
563 2533 700 2596 demisse
735 2528 844 2618 (naim
876 2526 1101 2620 βολισαντεςί),
1140 2543 1324 2622 repererunt

145 2674 254 2744 passus
283 2653 533 2743 quindecim-
550 2652 675 2720 Euhoe
698 2653 911 2741 experimento
927 2653 1116 2736 didicerunt,
1134 2655 1232 2721 minui
1250 2675 1324 2743 pro·

145 2776 326 2845 surditatem
342 2778 436 2845 maris
452 2827 461 2859 ,
476 2775 560 2866 qudd
576 2787 642 2843 erat
657 2775 807 2845 indicium
825 2786 925 2843 terrae
938 2778 1144 2867 propinquae.
1166 2777 1322 2864 Cumque,

147 2900 208 2987 qud
223 2899 304 2966 irent
315 2899 355 2967 ob
368 2900 467 2967 noctis
484 2899 626 2967 tenebras
642 2899 754 2987 ignari,
771 2902 921 2965 timerent
937 2897 1126 2991 (qossoopsooo
1138 2899 1184 2986 τε)
1201 2911 1323 2981 nautae,

147 3041 186 3088 ne
202 3021 242 3089 ob
259 3023 520 3111 propinquitatem
546 3022 692 3100 terracin
711 3022 778 3090 loca
800 3022 965 3112 scopulosa
986 3022 1212 3106 incideremus,
1238 3024 1327 3091 iactis

148 3142 187 3211 de
203 3145 300 3233 puppi
316 3143 463 3212 anchoris
480 3155 626 3233 quatuor,
648 3144 794 3233 optabant
814 3155 849 3212 ut
868 3143 935 3211 dies
958 3146 1106 3227 oriretur,
1132 3167 1194 3236 quo
1217 3150 1326 3235 agnos-

149 3277 256 3334 cerent
274 3266 326 3334 ubi
344 3278 458 3335 essent.

194 3390 228 3454 ‘0
244 3387 379 3482 Αᾶριας,
396 3413 455 3472 ton,
473 3389 543 3458 scil.
563 3411 687 3469 ποντος,
702 3387 832 3472 nolum,
850 3390 993 3481 πελαγος,
1007 3413 1096 3458 more
1110 3394 1329 3462 Adriaticum.

159 3513 259 3579 «Non
275 3513 362 3581 sinus
381 3513 559 3581 Adriaticus
582 3512 663 3578 inter
678 3511 798 3578 ltaliam
817 3523 847 3579 et
862 3513 1047 3580 Dalmatiam
1065 3513 1258 3601 intelligitur,
1277 3513 1332 3601 qui

153 3653 236 3701 nune
249 3655 333 3704 mare
348 3636 541 3704 Adriaticum
557 3636 748 3716 nominatur,
765 3634 839 3717 sed,
857 3656 896 3702 ex
907 3656 994 3703 more
1008 3635 1153 3724 loquendi
1171 3647 1327 3715 veterum,

154 3775 238 3823 mare
260 3758 341 3825 inter
362 3759 546 3839 Graeciam,
571 3758 690 3825 ltaliam
715 3770 745 3825 et
759 3758 915 3837 Africam,
935 3759 976 3826 ita
997 3770 1031 3826 nt
1051 3761 1148 3827 maria
1168 3759 1329 3839 lonicum,

155 3880 328 3964 Creticum,
350 3883 508 3963 Siculum,
533 3880 594 3950 hoc
615 3882 739 3949 nomine
760 3881 1113 3972 comprehendantur.»
1142 3883 1275 3950 Kuinoel
1292 3882 1332 3951 ad

155 3999 189 4069 h.
204 4002 226 4068 l.
245 4040 288 4054 -—
305 4004 523 4097 Διαφερεσθαι,
542 4006 602 4071 leuc
619 4007 694 4070 illuc
711 4003 814 4089 serrt’,
827 4015 862 4072 ut
878 4005 909 4071 in
926 4003 986 4071 hoc
1001 4003 1143 4072 Philonis
1156 4003 1205 4096 (de
1219 4005 1333 4093 Migra-

157 4178 340 4190 ,ο-ω--ι

84 4277 87 4282 ’
154 4275 156 4279 ¹
190 4294 209 4359 ¹)
227 4293 473 4346 Vna.nscr.Verba
491 4302 543 4342 και
559 4276 652 4343 calm
668 4275 722 4364 βο·
768 4299 856 4348 autem
867 4296 894 4347 in
912 4296 992 4349 Codd.
1006 4296 1111 4349 Graecis
1128 4297 1263 4361 omnibns,
1282 4311 1332 4351 ex-

158 4369 295 4444 λισαντες
311 4397 327 4436 a
343 4383 453 4447 Vulgata
470 4382 579 4447 absunt,
599 4377 723 4446 leguntur
768 4377 850 4442 ceptis
863 4380 966 4431 tantum
979 4373 1082 4431 duobus
1094 4379 1257 4434 Minusculis.

1150 4499 1188 4558 57
