3074 5054
174 417 240 497 246
536 416 676 488 ‘ACTUS'
711 414 1038 498 anomoeorum,

174 608 277 674 lesum
299 605 458 674 Christum
482 605 653 673 redivivum
677 605 828 673 vidissent
847 632 854 672 :
873 608 1051 674 Nouissime
1067 621 1172 676 nutem
1191 615 1354 696 omnium,

174 731 293 820 inquit,
313 742 475 816 tamquam
500 732 641 797 abortivo
665 734 750 796 uisos
767 743 812 797 est
828 742 857 796 ot
873 733 955 797 nrihi
973 731 1071 824 (ωφθη
1092 733 1218 820 napum
1237 747 1267 802 et
1283 735 1356 803 alibi

174 852 266 943 (ibid.
286 855 362 943 Cap.
383 856 428 922 lX
451 880 459 920 r
482 853 514 940 l)
532 855 704 922 exclamat:
720 856 847 935 Nonne,
864 857 975 944 inquit,
992 857 1157 923 Christum
1170 859 1277 924 losum
1294 862 1358 924 Do·

174 981 300 1045 mimoo
316 993 463 1046 nostrum
479 982 571 1046 nidi?
585 981 634 1048 Ad
648 980 737 1062 haec,
753 981 820 1068 ipse
833 992 936 1047 narrat
950 981 1041 1064 (inira
1054 984 1130 1071 Gap.
1146 985 1242 1050 XXll
1259 1010 1267 1049 :
1286 983 1357 1072 tt),

177 1103 327 1170 Ananiam
350 1103 391 1170 ita
415 1104 474 1171 sibi
499 1104 616 1172 dixisse
635 1129 643 1170 t
662 1107 749 1171 Deus
767 1117 900 1190 potrum
922 1117 1103 1172 nostrorum
1118 1109 1361 1189 praeordinavit

178 1241 225 1311 te,
241 1239 277 1293 ut
297 1249 493 1312 coquosoeras
513 1232 705 1295 oolrrototem
729 1233 815 1308 eius,
835 1242 865 1296 et
879 1233 1001 1296 videres
1016 1231 1143 1296 Iustum
1151 1281 1164 1314 ,
1183 1241 1212 1295 et
1228 1234 1360 1296 audires

177 1376 280 1422 uocem
305 1378 343 1421 err
368 1377 422 1420 oro
445 1359 525 1423 otus.
549 1357 643 1444 Atqui
666 1355 765 1422 uoluit
788 1356 926 1444 proiecto
954 1355 1069 1422 Paulus
1095 1354 1211 1423 referre
1232 1356 1361 1425 alterius

177 1481 304 1569 aliquod
323 1479 361 1547 de
377 1501 411 1548 se
427 1479 564 1557 dietum,
583 1480 667 1569 quod
684 1480 794 1547 salsum
812 1500 880 1547 esse
897 1481 1002 1546 sciret.
1025 1480 1169 1567 Denique
1186 1480 1360 1559 Barnabas,

181 1604 286 1693 quiex
302 1603 371 1693 ipso
388 1603 471 1670 Sauli
489 1623 543 1669 ore
560 1602 705 1670 didicerit
721 1623 800 1691 quae
823 1602 867 1669 illi
890 1603 1098 1690 contigerant,
1115 1601 1274 1690 Apostolis
1291 1623 1363 1670 nar·

180 1729 278 1809 ravit,
304 1739 338 1796 nt
362 1729 456 1796 refert
479 1730 579 1797 Lucas
607 1730 697 1819 (Cap.
729 1731 775 1796 lX
803 1754 810 1796 :
834 1727 906 1817 27),
932 1731 1084 1814 quomodo
1110 1728 1227 1794 Sontas
1253 1732 1288 1792 to
1312 1732 1363 1792 oio

180 1859 312 1924 uidisset
331 1856 516 1922 Dominum.
535 1856 673 1924 Tandem
697 1854 779 1945 quod
805 1857 904 1922 Lucas
926 1853 966 1921 de
989 1854 1072 1921 Sauli
1099 1853 1266 1920 comitibus
1288 1853 1366 1919 dicit

181 1978 244 2067 (vs.
263 1978 320 2068 7),
339 1999 392 2045 eus
416 1998 527 2068 nempe
548 2000 651 2044 vocem
674 1981 801 2063 quidem
823 1981 993 2060 audivisse,
1009 1981 1167 2045 nemiuem
1188 1988 1294 2043 notem
1316 1980 1365 2043 vi·

181 2103 282 2182 disse,
302 2099 386 2167 hune
405 2100 542 2189 proiecto
559 2120 684 2167 sensnm
710 2099 820 2178 habet,
839 2110 873 2166 ut
889 2098 1093 2186 significetur,
1114 2102 1217 2166 lesum
1233 2119 1248 2164 a
1267 2099 1365 2167 Paulo

182 2224 309 2313 quidem
332 2225 429 2292 inisse
453 2235 672 2315 conspectum,
697 2243 715 2292 a
740 2224 851 2291 ceteris
875 2244 947 2290 vero
972 2244 1033 2290 non
1055 2225 1141 2291 item.
1159 2225 1226 2291 Nec
1243 2235 1290 2290 est
1306 2245 1366 2292 cur

186 2349 256 2438 quis
284 2348 337 2416 hic
364 2349 507 2427 obiiciat,
537 2349 605 2414 lieri
635 2369 695 2416 non
724 2359 894 2437 possent,
924 2349 949 2415 si
972 2348 1209 2416 Saulus'lesnm
1233 2347 1365 2428 viderit,

184 2471 327 2540 eumdem
353 2473 469 2562 pariter
486 2493 546 2540 non
571 2471 705 2538 viderim
721 2472 803 2539 Sauli
821 2472 962 2538 comites.
982 2474 1077 2552 Nam,
1099 2470 1183 2560 quod
1200 2491 1294 2560 supra
1311 2469 1368 2560 (ad

184 2597 261 2686 Cap.
281 2597 342 2665 Vll
362 2621 370 2662 ε
390 2597 449 2685 aa)
466 2596 526 2662 iam
544 2596 740 2673 monuimus,
760 2605 886 2662 testatur
902 2594 1014 2661 Daniel
1031 2594 1123 2684 (Cap.
1140 2597 1171 2662 X
1188 2620 1195 2662 :
1212 2598 1245 2681 7)
1264 2595 1368 2662 simile

186 2720 262 2809 quid
282 2721 342 2788 sibi
365 2720 543 2789 accidisse:
573 2722 661 2804 Vidi,
692 2719 810 2808 iuquit,
845 2741 899 2802 epo
934 2721 1047 2786 Daniel
1077 2723 1160 2786 solus
1184 2723 1369 2804 nutriorem,-

183 2848 387 2930 promeriri,
417 2848 474 2930 qui
495 2855 588 2910 oront
608 2865 747 2927 merrom,
773 2865 837 2908 ooo
859 2846 1021 2911 videraut.

232 2967 294 3035 Sed
316 2968 399 3036 dicat
419 2969 489 3059 quis
514 2994 521 3036 :
546 2969 572 3036 si
596 2968 708 3036 Saulus
733 2987 842 3056 reapse
864 2966 963 3034 oculis
992 2967 1057 3034 suis
1079 2968 1240 3057 corporeis
1264 2969 1370 3037 lesum

187 3091 264 3159 vidit
282 3091 357 3159 dum
373 3091 425 3158 hio
448 3092 487 3160 ad
511 3113 581 3159 eum
606 3091 803 3180 loquebatur,
823 3095 876 3179 qui
893 3091 928 3157 lit
944 3102 977 3157 ut
993 3091 1095 3158 statim
1113 3101 1182 3180 post
1199 3090 1287 3157 illum
1303 3111 1372 3159 ser-

189 3234 311 3283 monem
335 3214 448 3282 Saulus
464 3214 585 3282 dicatur
600 3237 672 3282 sons
698 3219 871 3301 operuisse¹
891 3217 1015 3296 oootor‚·
1032 3236 1102 3282 nam
1119 3216 1144 3282 si
1162 3226 1225 3282 tum
1243 3214 1372 3284 demum

190 3358 243 3405 eos
268 3337 406 3427 aporuit,
431 3339 546 3407 clausis
571 3339 670 3406 oculis
694 3337 757 3406 huc
784 3359 884 3426 usque
907 3337 1023 3420 iuerat3
1050 3337 1182 3427 quodsi
1209 3337 1288 3418 hoo,
1314 3359 1375 3406 uec

191 3463 291 3552 potuit
311 3465 426 3530 vidisse
447 3465 562 3531 lesum.
589 3465 746 3554 Deinceps
767 3476 868 3532 antem
894 3485 954 3530 non
974 3464 1067 3544 vidit,
1088 3484 1182 3553 quum
1204 3475 1374 3550 postquam

191 3593 367 3675 operuisset
381 3593 485 3658 ocutos
501 3590 623 3658 dicatur
638 3591 734 3659 fuisse
750 3611 883 3670 coecus3
902 3611 975 3679 ergo
993 3592 1119 3658 omnino
1135 3612 1196 3658 non
1213 3591 1302 3658 vidit.

236 3713 285 3782 Ad
302 3713 379 3782 haec
392 3714 616 3804 respondemus
635 3735 642 3778 :
662 3714 767 3782 Verba
784 3714 844 3802 (vs.
865 3713 901 3803 8)
919 3728 1115 3803 anrpyperor
1134 3709 1165 3776 de
1181 3736 1241 3777 των
1259 3712 1376 3805 οφθαλ-

193 3861 259 3925 potu
284 3863 377 3903 αυτου
401 3835 508 3904 andero.
525 3835 635 3924 (order)
651 3836 758 3925 εβλεπε
777 3860 837 3907 uon
856 3859 924 3906 esse
947 3837 1103 3906 reddenda
1123 3863 1130 3905 :
1151 3860 1283 3924 cumque
1299 3859 1376 3923 ope·

226 4140 245 4204 ¹)
264 4141 301 4192 tta
313 4140 470 4206 Heorrlug.
482 4142 570 4207 ttteyer
580 4143 760 4207 (Kommentar
806 4141 898 4207 Aupeo
938 4141 985 4191 soit
1024 4141 1072 4191 der
1113 4137 1297 4213 Ersottotouop
1331 4140 1378 4189 des

192 4221 258 4274 dbor
271 4221 317 4273 das
328 4223 361 4274 N.
375 4224 415 4286 T.)
428 4224 462 4275 ad
479 4225 558 4276 verba
578 4225 641 4290 Cap.
664 4225 699 4275 tx
713 4238 718 4272 ε
734 4226 759 4274 8;
806 4223 989 4290 Liotrtptoozes
1001 4221 1048 4288 (vs.
1063 4221 1086 4288 t)
1105 4221 1158 4285 auf
1174 4223 1221 4272 der
1237 4219 1308 4271 Erde
1328 4236 1377 4287 po-

194 4320 390 4387 ανεῳγμενων
423 4294 455 4362 δε
486 4323 546 4364 των
579 4299 756 4392 οφθαλμων,
808 4306 894 4372 tepoo;
909 4305 993 4355 -cin
1004 4304 1106 4356 Batonis
1124 4304 1174 4354 dos
1187 4301 1260 4353 letrae
1271 4301 1378 4355 {iussere

192 4387 233 4438 Ad
257 4401 324 4453 quaa
347 4388 427 4440 rerba
451 4393 525 4441 notat
546 4390 610 4442 haec
630 4407 636 4442 :
657 4411 669 4436 «
683 4391 759 4452 Atro,
808 4387 991 4452 Ersotoor'ouap
1003 4386 1164 4438 dorPrrsoo
1176 4386 1233 4436 tosu
1251 4389 1315 4436 stott
1326 4398 1378 4451 po-

194 4469 291 4543 inqutt,
301 4468 371 4525 hotto
379 4469 480 4526 scotor
491 4473 538 4525 mit
549 4473 760 4526 versohlosseneu
808 4473 909 4538 suadeo
921 4471 1002 4524 tatto.
1015 4492 1027 4517 a
