3074 5054
253 369 319 435 576
602 367 736 435 AC'PUS
771 364 1099 447 nrosaotohtltu

251 562 378 645 quidem
395 562 485 649 (μεν),
509 579 526 626 o
544 559 620 637 viri,
643 558 874 647 obtemperasse
897 556 973 624 mihi
991 558 1050 637 (ιε.
1072 557 1125 639 l0)
1139 578 1197 625 neo
1211 561 1332 625 soluere
1349 562 1437 644 (ava-

249 685 367 773 γεσθαι)
390 704 408 751 a
430 686 536 762 Creta,
560 695 653 768 utque
673 682 713 748 ita
733 685 843 766 secisse
859 685 985 749 lucrum
1004 684 1147 751 iniuriae
1163 685 1259 750 leuius
1273 695 1304 751 et
1321 685 1437 750 domni

250 803 408 897 (aepdueat
425 829 456 871 τε
472 828 524 881 την
546 802 631 896 bipes
655 828 766 879 ταυτην
790 829 841 868 και
865 827 918 879 την
942 808 1083 898 baptor),
1102 806 1125 873 i.
1152 807 1314 873 evitasse
1339 804 1436 874 huius

250 935 440 1023 tempestatis
457 933 586 1000 iniurias
603 945 633 1000 et
649 931 795 1001 damnum
812 931 884 1000 inde
900 943 1105 999 contractum.
1125 932 1164 998 Et
1177 951 1261 998 nuno
1282 929 1436 999 adhortor

251 1079 306 1125 vos
321 1068 356 1125 ut
370 1059 533 1124 borto'sitis
546 1059 654 1123 auimo
671 1055 832 1150 (ευθυμειν.
847 1059 1033 1140 welpemoed
1045 1069 1072 1122 te
1087 1057 1204 1154 mezen)
1212 1080 1227 1138 3
1240 1072 1332 1122 nemo
1348 1053 1435 1123 euim

251 1205 289 1251 ex
306 1184 393 1251 vobis
410 1184 540 1273 peribit,
559 1183 613 1252 sed
631 1195 747 1251 tantum
761 1183 871 1271 navigii
890 1184 1008 1251 iactura
1028 1183 1098 1250 erit.
1118 1185 1220 1272 Atque
1245 1181 1323 1248 haee
1345 1190 1435 1247 oerto

251 1308 339 1386 novi3
369 1329 444 1374 uem
466 1307 548 1398 (γαρ)
570 1319 659 1376 noete
682 1307 740 1375 hae
763 1309 895 1377 nuncius
917 1309 1030 1397 aliquis
1059 1302 1207 1398 (αγγελος)
1235 1305 1314 1385 Dei,
1343 1306 1435 1370 cuius

250 1433 385 1520 (servus)
400 1456 471 1500 som
494 1434 539 1525 (οὐ
562 1442 646 1521 ειμι),
661 1454 816 1523 quemque
837 1434 926 1515 eolo,
953 1431 1028 1499 mihi
1052 1435 1173 1499 adstitit
1198 1428 1371 1520 (παρεστη),
1401 1439 1436 1496 et
1461 1410 1468 1423 ’

251 1555 329 1624 dixit
358 1559 432 1624 :Ne
459 1569 596 1639 metuas,
625 1557 738 1637 Paule,
769 1569 891 1647 oportet
914 1569 944 1625 te
967 1569 1048 1625 stare
1077 1556 1294 1648 (παραστηναι)
1322 1576 1435 1622 corum

250 1680 398 1761 Caesare3
429 1701 489 1747 non
512 1680 564 1749 hie
585 1681 719 1770 peribis!
743 1683 783 1748 Ει
803 1701 893 1760 ecoe,
918 1680 1043 1748 donavit
1066 1680 1120 1748 tibi
1146 1681 1233 1747 Deus
1257 1679 1312 1761 (tui
1336 1679 1436 1747 oausd

250 1805 395 1877 servabit)
412 1824 520 1872 omnes
537 1805 588 1893 qui
607 1818 709 1872 tecum
724 1806 882 1892 navigant!
897 1806 1095 1895 Quapropter
1107 1805 1189 1872 bono
1201 1804 1305 1872 animo
1317 1798 1432 1884 estote,

249 1927 327 1995 viril
343 1927 451 1994 Fidem
465 1928 546 1995 enim
560 1929 627 1994 Deo
641 1927 753 2007 habeo,
768 1926 909 2016 nihilque
921 1926 998 1995 adeo
1013 1927 1133 2008 dubito,
1143 1927 1217 2016 quin
1230 1926 1277 1994 sie
1288 1924 1436 1993 futurum

249 2051 307 2134 sit,
332 2049 591 2140 quemadmodum
616 2050 764 2117 divinitus
786 2050 861 2117 mihi
886 2049 1080 2118 dictumest.
1109 2052 1142 2116 ln
1167 2049 1298 2116 insulam
1325 2058 1433 2116 autem

250 2173 414 2262 quamdam
437 2183 560 2263 oportet
581 2193 637 2240 nos
662 2176 840 2258 iuvpiopere
863 2173 1032 2260 (exasserat,
1057 2173 1181 2262 ibique,
1208 2172 1303 2264 lraqta
1330 2192 1432 2252 nave,

248 2299 455 2367 servabimus.

293 2421 408 2487 Ασιτια
436 2423 563 2512 proprie
590 2434 638 2490 esl
664 2425 785 2490 inedia.
817 2418 940 2497 Πολλης
968 2445 1087 2498 ασιτιας
1115 2425 1329 2514 ὑπαρχουσης,
1358 2445 1432 2490 eum

247 2551 347 2614 multo
362 2549 471 2613 inedia
488 2547 759 2621 esset-Erebeis
772 2547 920 2636 Partioip.
940 2548 1016 2615 hor.
1039 2551 1052 2616 l
1074 2550 1194 2617 Passiv.
1213 2569 1285 2616 eum
1303 2548 1432 2616 notione

247 2669 409 2750 rellexiva,
435 2681 469 2737 ut
492 2690 587 2759 supra
611 2671 686 2759 Cap.
709 2671 765 2737 ll:
787 2672 840 2739 lb.
855 2709 899 2720 -
916 2667 1000 2752 Eiet,
1019 2672 1194 2756 oportebat.
1214 2671 1376 2739 Nostrates
1397 2673 1430 2739 in

246 2792 420 2860 istiusmodi
442 2794 580 2860 oratione
596 2793 905 2882 Plusquamperleoto
922 2803 1061 2862 utuntur.
1084 2834 1128 2844 -
1144 2796 1205 2859 Μεν
1224 2794 1283 2876 (vs.
1302 2798 1359 2882 hl)
1382 2808 1432 2864 est

246 2916 298 2986 hie
313 2920 508 3002 solitarium,
527 2930 561 2986 ut
574 2919 651 3007 Cap.
667 2920 680 2984 l
696 2941 704 2985 ε
722 2920 752 2985 l.
770 2919 831 2985 Pro
844 2943 883 2982 τα
895 2942 946 2982 νυν
960 2915 1005 2998 δε,
1021 2920 1104 3009 quod
1121 2920 1174 2988 hio
1190 2920 1296 2989 dieere
1310 2921 1431 3009 potuis·

245 3051 309 3123 set,
327 3042 442 3110 Paulus
463 3043 633 3109 orationem
650 3053 708 3134 (vs.
728 3045 783 3129 aa)
797 3043 985 3111 continuavit
1002 3065 1058 3134 per
1074 3070 1138 3112 και.
1156 3081 1201 3093 -
1218 3045 1339 3113 Graece
1358 3064 1430 3111 ver·

245 3163 375 3232 botenus
391 3175 460 3233 est:
477 3165 647 3250 Oportebat
665 3169 789 3253 quidem
794 3176 807 3249 ,“
826 3170 940 3251 ooe'rt',
959 3171 1043 3234 anibi
1058 3169 1213 3235 obsecutos
1230 3189 1294 3234 uota
1307 3171 1431 3235 solvere

244 3311 264 3354 o
281 3286 388 3373 Croto,
404 3300 463 3356 eto.
479 3289 624 3376 Syntaxis
641 3290 709 3359 talis
722 3302 780 3372 est,
796 3292 896 3380 qualis
909 3291 939 3358 in
954 3291 1015 3360 hoo
1028 3294 1086 3381 Ep.
1102 3290 1141 3359 ad
1155 3292 1254 3359 llebr.
1268 3293 1315 3362 Vl
1332 3316 1339 3359 ε
1359 3294 1400 3360 l8
1418 3317 1427 3360 :

243 3406 392 3475 αδυνατον
405 3410 575 3500 hevusedae
589 3409 678 3480 Θεον.
689 3451 733 3463 --
745 3409 905 3503 Kepdouvos
918 3415 949 3481 in
965 3414 1118 3482 Infinitive
1132 3413 1248 3481 Aonisti
1265 3410 1427 3504 κερδᾶναι,

242 3532 298 3602 sed
316 3532 398 3624 apud
419 3535 540 3602 lonioos
565 3546 594 3603 et
616 3536 757 3604 Seriores
776 3537 867 3604 etiam
887 3539 1024 3605 ooourrit
1040 3534 1198 3629 κέρδησαι.
1224 3537 1273 3605 Cf.
1296 3537 1427 3607 Matthia

242 3656 261 3743 S
284 3658 349 3726 ιιι
371 3667 401 3724 et
416 3656 486 3723 vide
509 3659 567 3727 Gr.
594 3678 664 3747 pag.
690 3661 746 3725 71.
777 3660 921 3728 Ceterum
951 3661 1137 3730 monendum
1167 3671 1231 3739 est,
1259 3657 1424 3751 κερδησαι,

242 3784 367 3850 lucrum
382 3787 489 3868 [orere
507 3783 598 3850 etiam
618 3794 743 3851 eatenus
763 3784 879 3854 dixisse
903 3786 1065 3875 antiquos,
1093 3797 1244 3876 quatenus
1268 3787 1425 3854 domuum

240 3917 293 3975 aut
310 3912 429 3975 mulum
447 3911 574 3994 aliquod
594 3912 759 3977 evitarent.
780 3911 930 4001 Exempla
946 3911 997 3980 dat
1011 3913 1207 3980 Wotstenius
1226 3910 1264 3979 ad
1284 3911 1317 3980 h.
1338 3912 1360 3980 l.
1380 3950 1423 3962 -

240 4032 361 4101 Graeca
379 4027 514 4106 aroboln
531 4070 576 4082 -
592 4030 700 4098 πλοιου
718 4035 906 4104 verbotenus
925 4034 1045 4105 reddita
1064 4037 1110 4104 sio
1129 4047 1240 4104 sonant
1259 4061 1267 4106 ε
1290 4039 1423 4103 omissio

240 4158 325 4222 euim
345 4160 426 4224 ottae
442 4155 683 4247 (levensverlies)
704 4163 793 4228 nullo
809 4164 873 4229 erit
891 4184 927 4228 eoo
945 4163 1042 4247 vobis,
1066 4174 1194 4247 praeter
1214 4144 1324 4244 ooois',
1345 4161 1369 4229 i.
1390 4181 1419 4230 e.

236 4283 585 4363 praetermissionem
602 4283 694 4347 novis
701 4306 716 4365 5
736 4302 806 4350 nam
820 4283 983 4353 Genitivus
995 4307 1048 4349 rou
1065 4280 1172 4349 πλοιου
1185 4282 1330 4373 pendeta
1346 4301 1422 4351 vooe

239 4399 385 4478 αποΕολη.
402 4406 458 4472 Εει
469 4416 570 4473 autem
584 4406 615 4473 in
628 4404 686 4473 hae
700 4404 847 4494 loquendi
861 4409 979 4478 ratione
992 4407 1142 4497 quaedam
1157 4409 1417 4498 breviloquentia.
