3074 5054
246 369 313 436 560
620 366 756 435 Affl'US
779 367 1113 448 trnsnnnonnn,

241 578 378 643 poenam
391 557 581 645 (flagrorum)
599 559 775 642 infligendo
790 556 951 646 (πολλακις
966 565 1109 648 τιμωρῶν
1125 559 1262 646 autom),
1280 559 1437 648 (togebnm

243 702 297 751 eos
313 683 388 750 lesa
403 682 574 749 Nazareno
587 684 771 748 maledicere
783 679 1018 775 (βλασφημειν);
1037 684 1114 772 quin
1130 693 1178 762 ει,
1192 696 1351 751 crescente
1362 706 1446 754 meo·

244 829 321 890 erpa
334 810 404 872 ilios
422 811 536 891 (aaron,
549 805 653 872 Datin.
668 804 861 886 directionis)
876 811 989 891 surore
1001 813 1164 897 (περισσως
1179 806 1437 895 εμμαινομενος),

244 929 368 998 eosdem
395 928 606 1019 persequebar
626 932 724 995 etiam
748 929 779 996 in
807 940 929 998 exteras
953 931 1057 1012 (entra
1084 931 1310 998 Palaestinam
1340 933 1440 1022 sitae)

245 1076 345 1146 usque
356 1053 463 1123 urbes.

289 1181 391 1246 Aeaeo
407 1178 460 1247 hie
481 1181 701 1264 intransitive,
721 1200 779 1271 pro
798 1181 919 1264 videor,
937 1191 1102 1271 utsupra,
1121 1183 1198 1271 Cap.
1216 1182 1313 1251 xvn
1338 1207 1346 1249 :
1376 1181 1436 1249 l8.

245 1303 472 1373 Demosthenes
495 1305 543 1372 sie
560 1304 638 1372 dixit
657 1330 665 1373 τ
689 1303 743 1380 Ὠς
765 1327 890 1392 εμαυτῳ
903 1300 1004 1386 δοκῶ,
1025 1309 1142 1392 νομιζω
1158 1302 1190 1370 δε
1206 1330 1258 1369 και
1272 1307 1344 1392 ripn
1360 1329 1440 1370 συν-

244 1425 355 1496 donem
370 1429 520 1498 Sexcenta
531 1428 591 1496 alia
603 1427 782 1497 huiusmodi
795 1430 936 1519 exempla
949 1430 1052 1518 legere
1065 1441 1113 1499 est
1124 1430 1207 1522 apud
1220 1431 1439 1499 Wetstenium

245 1551 284 1621 ad
296 1551 330 1621 h.
345 1553 368 1621 l.
383 1591 427 1602 -
440 1553 539 1645 Προς,
558 1576 652 1639 erpa,
672 1565 706 1622 ut
720 1574 836 1644 supra,
853 1557 931 1644 Gap.
946 1556 992 1624 Vl
1012 1583 1020 1624 ι
1038 1560 1053 1625 l
1073 1567 1104 1623 et
1120 1557 1199 1624 Lue.
1217 1557 1355 1624 XXlll:
1375 1557 1436 1624 ln.

244 1678 286 1742 To
298 1700 395 1763 ονομα
413 1678 529 1746 dietum
547 1689 593 1746 est
610 1699 667 1768 per
685 1680 907 1767 Metonymiam
924 1679 964 1747 de
972 1702 1125 1765 persona.
1139 1681 1185 1746 Ὁι
1198 1680 1301 1771 ἅγιοι,
1321 1679 1441 1746 Chris-

246 1805 349 1884 tiani,
368 1803 484 1871 videsis
503 1824 582 1893 quae
600 1805 701 1873 notan
719 1805 757 1873 ad
775 1807 853 1891 Cap.
870 1808 883 1873 l
905 1829 913 1871 ε
935 1809 948 1874 l
973 1805 1123 1895 epistolae
1137 1805 1177 1873 ad
1192 1804 1437 1894 Philippenses.

245 1962 291 1980 ο-
307 1925 487 1995 Κατακλειω
509 1929 582 1997 alihi
600 1931 690 2017 (Luo.
709 1931 756 1998 lll
776 1956 784 1998 :
807 1927 862 2009 ⁶20)
883 1950 954 1999 eum
974 1930 1204 2019 praepositione
1227 1951 1270 2010 εν,
1290 1925 1345 1995 Ιιίε
1360 1947 1438 1996 eum

247 2052 359 2121 Dativo
372 2056 475 2139 locali,
495 2065 528 2122 ut
540 2055 614 2143 Sap.
635 2055 729 2124 XVll
745 2076 753 2119 :
769 2057 802 2124 ἱ).
821 2056 870 2121 De
889 2054 949 2122 hoe
965 2053 1090 2134 Dativo,
1110 2055 1216 2123 innato
1228 2052 1347 2122 Verbis
1359 2073 1438 2121 eum

247 2178 482 2267 Praepositione
494 2202 572 2243 nara
586 2179 780 2268 compositis,
796 2178 867 2246 vide
878 2177 1075 2265 Bernhardy,
1090 2179 1260 2267 pnlde-
1271 2175 1437 2246 Pluralem

248 2320 473 2393 αναιρουμενων
491 2312 646 2390 tamquam
663 2301 820 2369 Pluralem
838 2301 1053 2388 Categorioum
1066 2300 1104 2368 ad
1118 2300 1219 2369 solum
1238 2299 1436 2390 Stephanum

250 2423 388 2491 oooisum
412 2444 480 2492 esse
504 2422 719 2504 referendum,
745 2444 807 2491 non
834 2433 957 2512 putem3
984 2422 1052 2490 lieri
1078 2433 1163 2490 certe
1179 2423 1296 2512 potuit,
1323 2435 1359 2492 nt
1374 2427 1441 2490 alii

247 2559 376 2632 praeter
392 2548 590 2633 Stephanum
607 2548 801 2616 Christianae
819 2548 979 2636 religionis
997 2548 1090 2615 eausa
1112 2559 1244 2616 mortem
1263 2546 1434 2616 violentam

249 2681 322 2739 tuno
340 2671 488 2760 temporis
504 2672 656 2753 obierint,
674 2672 732 2739 etsi
751 2670 811 2739 hoe
824 2670 933 2739 nullibi
950 2671 1119 2739 memoriae
1131 2671 1290 2761 proditum
1307 2671 1361 2739 sit.

293 2796 473 2886 Karnnyna
491 2795 586 2889 ψηφον
610 2797 737 2886 proprie
761 2806 807 2864 est
823 2798 924 2865 detuli
945 2798 1120 2880 celeninae,
1140 2795 1161 2861 i.
1182 2815 1212 2862 e.
1231 2795 1434 2883 suffragium.

251 2920 411 2990 iudicibus
430 2919 490 2989 hoe
507 2922 669 3010 proprium
688 2933 751 3003 est3
771 2921 826 2990 sed
843 2920 896 2989 hio
914 2921 1041 2999 dieitur,
1068 2940 1125 3009 per
1151 2918 1372 3000 Gataehresin,
1396 2920 1437 2989 de

249 3047 471 3112 consentiendo
488 3045 554 3112 sire
576 3048 792 3129 approbando.
819 3045 866 3113 hd
891 3066 957 3112 rem
982 3043 1065 3132 quod
1090 3044 1218 3121 attinet,
1244 3044 1325 3112 nihil
1348 3045 1435 3114 aliud

251 3168 365 3236 Paulus
378 3167 431 3236 hio
443 3166 535 3249 diait,
555 3188 646 3256 quam
664 3168 748 3257 quod
761 3188 854 3258 supra
867 3169 954 3259 (Gap.
968 3170 1065 3236 XXll
1080 3193 1089 3234 t
1106 3167 1161 3249 20)
1180 3167 1218 3235 de
1231 3188 1266 3268 se
1283 3167 1431 3238 dixerat:

250 3317 328 3383 ημην
346 3289 601 3361 συνευδοκῶν.-
618 3293 793 3363 Permultae
806 3304 892 3362 erant
908 3292 1146 3380 hierosolymae
1157 3294 1339 3382 synagogae
1352 3295 1434 3385 (vide

250 3418 424 3507 Vitringam
436 3419 474 3484 de
485 3417 654 3502 Synapopn
666 3430 778 3486 vetere.
792 3417 968 3505 Prolegom.
984 3418 1060 3505 Gap.
1077 3417 1134 3496 lV,
1150 3435 1220 3505 pag.
1231 3417 1303 3506 28),
1319 3437 1433 3507 easque

253 3541 362 3631 primis
379 3541 441 3611 illis
466 3541 657 3631 temporibus
681 3542 767 3611 adire
790 3541 932 3609 solebant
955 3540 1045 3608 etiam
1069 3538 1110 3621 ii,
1136 3538 1189 3626 qui
1220 3538 1431 3616 iamChristo

253 3686 364 3736 nomen
390 3665 558 3735 dedissent.

299 3907 444 3975 tn-tt.
463 3906 506 3971 In
524 3905 636 3992 peribas
654 3907 730 3971 dnm
746 3907 825 3970 irem
834 3954 847 3989 ,
869 3902 955 3985 eta).
975 3905 1017 3969 ln
1033 3903 1146 3988 quibos
1161 3902 1252 3968 rebus
1265 3909 1307 3990 (er
1320 3905 1382 3984 οἱς,
1400 3914 1432 3970 ιιι

252 4034 328 4122 Cap.
345 4032 480 4100 XXIV:
503 4032 554 4114 18)
573 4051 669 4119 quum
687 4051 805 4113 essem,
820 4031 842 4098 i.
859 4052 888 4100 e.
907 4051 1003 4120 quum
1023 4029 1140 4098 erudeli
1158 4029 1233 4098 huie
1248 4031 1373 4119 negotio
1385 4031 1431 4097 iu-

252 4166 373 4238 tentus,
402 4159 496 4223 etiarn
523 4153 597 4238 (και)
623 4156 811 4226 Damascum
840 4155 1069 4245 proficiscerer,
1103 4164 1253 4245 potestate
1287 4154 1430 4243 Synedrii

251 4283 439 4375 instructus,
458 4285 510 4349 die
529 4283 631 4349 medio
649 4281 772 4374 (ἡμερας
794 4283 912 4370 μεσης),
928 4305 987 4368 per
1002 4285 1088 4349 uiam
1100 4305 1162 4368 qna
1177 4284 1260 4350 ibam
1276 4283 1369 4378 (nara
1380 4307 1432 4360 την

249 4401 334 4489 ὁδον,
348 4406 433 4494 langs
445 4405 505 4476 den
517 4407 597 4493 weg)
610 4404 686 4488 ridi,
704 4408 788 4489 Rex,
807 4409 935 4476 coelitus
952 4406 1131 4500 (reparatae)
1149 4407 1310 4497 delapsum
1327 4408 1431 4478 lumen
