3074 5054
179 392 223 459 ll
518 386 652 457 ACTUS
686 386 1020 466 Apostolorum,

178 577 209 643 in
230 585 411 665 quantuma
426 577 546 666 Spiritu
569 577 682 645 Sancto
706 577 799 647 babet
821 578 965 646 virtutem
988 577 1214 669 prophetandi,
1233 579 1281 644 vel
1298 579 1356 644 mi-

178 697 284 766 racula
299 696 445 766 faciendi.
464 725 477 757 ι
501 700 535 767 S.
553 697 668 767 Thom.
690 703 703 768 l
726 722 759 790 p.
779 723 812 789 q.
831 702 894 781 43,
912 720 942 768 a.
961 703 994 769 5.

221 831 252 886 ct
267 831 438 904 coeperunt
454 823 542 906 loqui
557 824 658 888 uariis
674 823 818 909 limparis).
837 825 899 889 Pro
917 825 1003 909 loqui
1018 841 1128 910 graece
1143 831 1190 888 est
1206 822 1355 912 αποφθεγ-

176 946 302 1035 pratae,
329 942 413 1033 qnod
437 942 589 1032 significat
607 948 751 1028 praviter
774 957 804 1012 rt
824 949 993 1030 naapnifiee
1016 948 1117 1032 loqui,
1143 949 1247 1030 eloqui
1270 947 1355 1010 dieto

175 1070 357 1152 profunda,
386 1070 570 1152 magnilica.
602 1068 714 1136 Utrum
741 1069 772 1135 in
801 1070 871 1159 ipso
899 1071 961 1137 iam
989 1068 1157 1136 coenaculo
1181 1068 1355 1156 linguarum

178 1190 256 1258 illud
279 1190 395 1259 donum
410 1211 449 1282 se⁴
464 1192 722 1272 manifestaverit,
748 1195 787 1260 ex
809 1194 912 1260 Lueae
935 1193 1111 1260 narratione
1134 1201 1219 1258 certo
1243 1190 1355 1258 confici

178 1314 301 1403 nequit;
329 1314 429 1403 potuit
448 1314 531 1381 enirn
553 1314 631 1382 illud
651 1337 712 1400 per
732 1320 997 1401 anticipationem
1021 1315 1073 1382 hic
1098 1324 1231 1381 notasse.
1257 1313 1356 1400 Quid-

178 1437 255 1526 quid
281 1439 337 1516 sit,
367 1411 405 1506 eir
434 1439 516 1505 serie
545 1440 730 1508 narrationis
757 1440 929 1529 colligitur,
958 1439 1126 1529 Apostolos
1154 1449 1354 1526 ceterosque,

178 1561 272 1628 simul
288 1581 325 1628 ae
340 1572 444 1628 essent
459 1561 579 1651 Spiritu
594 1563 706 1631 Sancto
723 1563 851 1653 repleti,
866 1584 883 1630 e
899 1561 1066 1630 coenaculo
1090 1561 1172 1628 toras
1188 1559 1354 1649 prodiisse,

178 1683 231 1751 ubi
249 1684 371 1753 obviam
387 1684 524 1754 habuere
540 1687 662 1755 turbam
676 1687 863 1756 ludaeorum
879 1687 1034 1754 variarum
1051 1685 1228 1764 nationum,
1243 1683 1356 1772 quibus

178 1806 373 1875 audientibus
401 1807 659 1898 apophthegmata
687 1831 743 1879 sua
773 1812 866 1878 variis
895 1809 1008 1898 linguis
1037 1809 1149 1876 elocuti
1178 1818 1260 1875 sunt.
1293 1808 1356 1874 Pro

179 1934 281 1998 variis
306 1936 425 2016 litigetis
447 1952 557 2021 graece
585 1946 632 2002 est
653 1932 765 2023 ἑτεραις
787 1934 1200 2025 γλωσσαις,1].θ.ἱὶη9αἱ8
1223 1934 1321 2012 aliia,
1338 1950 1355 1997 a

180 2054 284 2144 lingua
309 2076 364 2123 sna
389 2058 487 2147 patria
510 2057 659 2138 dirersis,
690 2070 721 2125 et
744 2078 821 2148 quas
849 2077 1017 2146 numquam
1041 2057 1237 2137 dedicerant,
1263 2066 1296 2123 ut
1317 2076 1354 2122 ex

179 2191 319 2247 contexta
342 2181 479 2249 oratione
502 2181 670 2268 colligitur.
688 2182 770 2250 Vide
798 2182 877 2249 inira
904 2181 943 2248 ad
965 2201 1012 2248 vs.
1040 2182 1092 2247 lb.
1119 2179 1282 2266 ltlagniliea
1304 2157 1356 2245 illa

178 2302 286 2383 effata,
317 2323 395 2392 quae
423 2302 637 2392 proferebant,
667 2324 798 2392 quanam
828 2304 865 2371 de
898 2324 931 2371 re
962 2303 1094 2380 luerint,
1119 2302 1208 2374 ,intra
1235 2321 1282 2368 rs.
1313 2305 1350 2370 l'l

182 2425 308 2494 dieitur.
412 2466 414 2472 ι

222 2563 321 2634 prout
343 2552 489 2636 Spiritus
505 2554 642 2620 Sanctus
657 2555 749 2620 dabat
765 2557 869 2639 eloqui
886 2552 981 2637 iltis).
998 2553 1068 2620 Non
1085 2571 1193 2619 omnes
1209 2550 1354 2618 omnibus

180 2671 293 2761 linguis
321 2674 544 2762 loquebantur,
575 2696 632 2743 nec
661 2676 792 2756 iisdem,
821 2677 876 2744 sed
907 2677 957 2744 alii
991 2674 1079 2755 aliis,
1110 2685 1162 2741 aut
1191 2674 1243 2741 alii
1274 2673 1351 2751 alia,

179 2797 297 2886 Spiritu
320 2800 432 2867 Sancto
457 2821 523 2867 rem
548 2811 640 2868 totam
666 2800 855 2868 moderante.

224 3063 256 3128 5.
283 3062 390 3126 Eram
416 3072 521 3128 autem
541 3065 577 3128 in
597 3065 774 3130 Ierusalem
801 3064 978 3129 dubitantes
1005 3062 1140 3139 Iudaei,
1170 3058 1262 3146 eet).
1292 3059 1355 3124 llo·

181 3183 291 3265 boam,
316 3184 492 3251 Salomonis
521 3183 603 3252 filins
630 3186 760 3274 eiusque
787 3186 819 3252 in
847 3204 941 3272 regno
971 3203 1152 3262 successor,
1176 3201 1272 3269 quum
1299 3200 1355 3248 sua

177 3307 269 3394 eulpa
297 3326 437 3395 magnam
465 3308 653 3375 lsraelitieae
682 3308 782 3396 gentis
812 3318 928 3396 partem
954 3329 971 3374 a
999 3329 1033 3375 se
1061 3307 1243 3384 alienasset,
1270 3304 1354 3372 solae

176 3429 277 3498 tribus
309 3431 384 3498 luda
411 3442 442 3498 et
469 3432 630 3500 Beniamin
661 3431 706 3499 illi
742 3430 971 3512 adhaeserunt,
1003 3431 1183 3500 deiecerunt
1212 3448 1286 3495 vero
1315 3427 1354 3495 ab

177 3552 286 3620 eodem
309 3553 445 3642 reliquae
467 3555 568 3622 tribus
590 3574 709 3622 omnes.
729 3555 838 3643 ltaque
854 3575 893 3621 ex
908 3575 969 3622 uno
991 3572 1084 3640 regno
1108 3552 1254 3619 exstitere
1270 3551 1351 3632 duo,

176 3695 310 3764 quornm
333 3696 429 3742 unum
452 3676 613 3745 dicebatur
634 3678 782 3760 Repetam
803 3678 907 3758 Iuda,
926 3676 1058 3743 alterum
1075 3675 1221 3756 Repaom
1236 3673 1349 3739 Israit.

99 3884 104 3895 .
175 3801 247 3887 Quo
263 3802 435 3889 posteriore
452 3821 545 3889 regno
562 3800 600 3868 ab
616 3800 756 3888 Assyriis
779 3800 935 3867 destructo
948 3848 957 3878 ,
972 3819 1028 3888 per
1040 3818 1137 3865 annos
1155 3799 1219 3865 tao
1244 3817 1354 3886 super-

175 3934 239 3990 stes
263 3925 410 3991 remansit
432 3944 559 4012 regnum
590 3923 677 3991 luda.
707 3923 769 3992 Sed
793 3935 824 3990 et
846 3923 905 3990 hoe
933 3941 1062 4016 regnum
1086 3939 1229 3987 eversum
1258 3919 1353 3985 inita

176 4047 368 4135 Babyloniis.
392 4049 515 4116 lncolae
537 4051 635 4138 Regni
660 4049 756 4118 lsrael
785 4051 850 4117 sive
872 4048 978 4117 decem
1003 4047 1141 4115 tribuum
1165 4044 1288 4114 adducti
1314 4045 1353 4114 ab

175 4170 333 4257 Assyriis,
363 4169 495 4258 dispersi
521 4171 645 4238 luerunt
667 4193 723 4262 per
750 4172 929 4257 Assyriam,
959 4167 1113 4248 lllediam,
1142 4167 1280 4256 aliasque
1303 4188 1353 4235 re·

175 4293 301 4381 giones,
332 4314 410 4382 quae
438 4305 512 4362 tune
539 4297 689 4385 temporis
717 4295 918 4363 dominationi
946 4294 1131 4380 Assyriacae
1161 4303 1250 4359 erant
1277 4291 1352 4359 sub-

175 4417 290 4495 iectae3
321 4417 440 4485 incolae
469 4439 543 4488 vero
572 4420 657 4508 regui
694 4418 768 4488 luda
800 4418 944 4500 abducti,
976 4436 1032 4506 per
1067 4416 1260 4505 provinciam
1292 4417 1352 4483 Ba-
