3074 5054
180 362 246 427 438
519 365 654 432 ACTUS
688 364 1023 448 APOSTOLORUM,

180 580 255 651 pera
280 558 356 627 haee
372 558 459 624 Deus
474 559 651 641 despexisse·
666 552 839 647 (ὑπεριδων)
857 569 982 625 eatenus
999 557 1052 626 hic
1067 559 1193 640 dieitur,
1208 571 1363 649 quatenus

177 684 280 753 adhue
303 703 414 772 passus
438 691 504 747 erat
525 691 630 768 gentes
655 680 708 763 (cf.
734 681 811 770 Cap.
838 682 915 750 XlV
939 709 947 748 ε
975 684 1028 767 15)
1053 683 1134 750 idela
1157 685 1276 765 colere,
1297 709 1364 754 ueu

179 810 311 875 siueueie
328 818 432 872 terueu
447 827 479 870 se
493 807 559 870 iliis
577 827 641 871 esse
657 808 841 880 iubenteturn
853 805 915 896 (Cf.
932 808 1009 896 Cap.
1024 809 1102 875 XIV
1118 829 1125 870 :
1143 806 1208 887 ib).
1228 809 1291 877 Sed
1307 812 1361 901 qui

177 933 279 1002 adhue
296 953 367 1001 oum
383 928 525 1019 gentihus
550 929 612 996 iilis
636 931 677 997 ita
693 950 727 997 se
742 942 897 1019 gesserat,
917 932 1004 1020 qnasi
1023 931 1099 1000 haee
1114 933 1154 1000 ad
1170 935 1237 1001 eius
1255 937 1364 1025 provi·

179 1057 312 1126 dentiam
330 1054 433 1122 minus
449 1055 640 1144 pertinerent
656 1075 713 1122 nee
728 1055 828 1122 salvas
843 1076 896 1122 eas
913 1056 1023 1137 vellet,
1049 1080 1134 1124 uurcc
1150 1056 1201 1138 (τα
1216 1058 1294 1141 νυν),
1314 1061 1363 1127 iu-

180 1183 259 1273 quit,
274 1182 377 1249 missis
394 1181 501 1270 legatis
513 1181 591 1258 suis,
608 1183 765 1264 praecipit
781 1181 973 1260 beuriuc'bns,
988 1194 1024 1248 ut
1036 1204 1143 1250 eneues
1160 1186 1272 1269 ubique
1285 1205 1363 1268 poe-

178 1310 345 1375 nitentium
362 1317 471 1391 capent2
487 1316 560 1394 puta
572 1305 610 1372 ah
622 1304 795 1372 idololatria
811 1306 986 1394 ceterisque
1002 1306 1068 1373 suis
1084 1306 1266 1374 delictis—
1279 1307 1362 1377 Ver-

178 1432 304 1500 tendum
329 1443 392 1512 est,
409 1433 568 1515 praecipit
590 1433 786 1515 homiuibus,
810 1444 846 1498 ut
867 1453 974 1499 enerues
995 1433 1108 1517 ubique
1127 1436 1362 1516 poeniteutiam

178 1567 275 1640 cpont
280 1606 292 1640 ,
313 1556 339 1623 si
356 1555 455 1644 legas,
473 1565 507 1621 ιιι
527 1555 599 1620 iecit
615 1556 771 1643 iuterpres
795 1565 901 1621 noster
921 1579 928 1621 :
947 1552 1150 1644 cepepyciicr
1165 1579 1227 1629 τοις
1245 1556 1361 1647 ceipe-

178 1707 264 1762 ποις,
282 1681 398 1756 ’παντας
420 1704 590 1768 πανταχοιι·
604 1701 770 1767 perurbane.
789 1680 822 1747 Si
846 1701 919 1747 vero
943 1681 1025 1768 legas
1045 1702 1053 1742 :
1072 1677 1277 1770 παραγγελλει
1298 1706 1361 1756 τοις

179 1806 343 1898 aripennem
360 1829 435 1869 πασι
453 1827 612 1891 πανταχου
630 1825 803 1890 perureece,
825 1801 1006 1870 vertendum
1025 1815 1072 1870 εει
1091 1827 1098 1869 :
1115 1807 1276 1888 praecipit
1294 1827 1362 1870 eru-

178 1931 270 1997 uibus
295 1931 406 2015 abique
421 1931 612 2012 homiuibus,
632 1939 667 1994 ut
684 1939 780 2012 eperat
795 1932 1087 2013 poeniteutiam—
1103 1928 1288 1997 Versieulus
1305 1930 1361 1996 tri·

178 2055 314 2143 gesimus
337 2053 384 2120 sie
400 2074 471 2120 oum
487 2063 636 2140 sequente
660 2052 854 2119 eonnectitur
868 2074 876 2116 ε
892 2053 979 2119 Deus
995 2053 1148 2142 praecipit
1164 2053 1310 2121 omnibus
1328 2067 1362 2120 ut

179 2192 269 2268 agant
292 2179 529 2269 poenitentiam,
553 2181 632 2264 quie
654 2174 759 2263 (dcccc)
783 2177 1020 2267 impoenitentes
1048 2198 1109 2244 neu
1131 2178 1258 2267 impune
1280 2180 1362 2247 sinet

176 2305 275 2373 abire.
297 2305 384 2390 Quae
399 2303 549 2370 sententia
567 2305 817 2393 (impoeniteutes
836 2324 900 2368 ueu
917 2306 1046 2387 impuue
1061 2307 1143 2368 siuet
1166 2301 1266 2388 abire)
1284 2324 1360 2371 cen·

178 2432 293 2498 tinetur
304 2430 335 2496 in
348 2427 533 2518 generalieri
546 2427 611 2508 illa,
626 2447 686 2517 qua
698 2427 813 2495 dieitur
828 2453 836 2495 :
851 2431 937 2495 Deus
953 2430 1123 2514 aliquande
1140 2432 1224 2494 iuste
1235 2433 1360 2514 judicie

173 2557 382 2641 judicaturus
398 2563 444 2618 est
459 2553 566 2618 erberu
584 2564 759 2618 terrerum.
775 2590 818 2600 —
839 2551 1023 2640 Opportune
1046 2549 1211 2616 hortationi
1228 2551 1267 2618 ad
1285 2574 1361 2642 poe·

177 2679 336 2746 nitentiam
359 2678 496 2765 iungitur
518 2677 631 2743 mentio
648 2676 786 2765 supremi
803 2673 924 2741 iudicii.
943 2676 1052 2742 Serme
1069 2686 1170 2743 antem
1189 2675 1241 2744 hic
1257 2689 1305 2745 εει
1321 2678 1361 2747 de

176 2805 335 2873 iudicandi
364 2814 513 2893 potestate
541 2803 654 2870 tributa
682 2802 827 2882 Christo,
856 2812 890 2868 ιιι
917 2800 1046 2868 Ιιοιιιιιιι.
1077 2802 1159 2868 Ηιιιε
1187 2814 1287 2892 patet,
1317 2805 1361 2873 eit

178 2928 360 3004 CorneliuS,
380 2925 538 2995 Christum
556 2925 727 2993 secundum
744 2925 982 3007 humanitatem,
1001 2945 1061 3014 qua
1078 2926 1171 2994 hemo
1188 2940 1233 2994 εει
1250 2941 1281 2995 ει
1297 2931 1358 3012 ιιι,

178 3075 238 3121 non
263 3071 324 3141 qua
343 3053 448 3129 Deus,
469 3051 534 3118 sere
558 3049 705 3118 iudicem.
731 3053 830 3118 Decet
852 3053 934 3120 enim
958 3052 1118 3120 homiuum
1137 3053 1271 3122 iudicem
1290 3078 1361 3125 esse

177 3179 349 3255 hominem,
363 3187 397 3242 ut
413 3175 451 3244 ah
468 3176 506 3241 iis
519 3175 632 3253 rideri,
647 3177 755 3243 sentiri
772 3187 802 3243 et
815 3176 915 3243 audiri
932 3178 1041 3266 pessit.
1061 3177 1204 3246 Christus
1221 3200 1295 3268 ergo
1313 3196 1362 3250 est

177 3303 226 3369 vir
245 3312 375 3369 statutus
397 3321 414 3367 a
438 3302 506 3368 Dee
530 3300 635 3368 iudex.
662 3300 753 3368 Unde
776 3300 948 3368 Concilium
974 3300 1168 3391 Ephesinum
1196 3303 1233 3369 C.
1258 3306 1297 3372 51
1327 3306 1359 3372 in

177 3428 238 3494 fine
254 3453 261 3494 :
276 3429 320 3493 Iu
335 3447 387 3506 ee,
412 3426 528 3515 iuquit,
548 3430 603 3512 qui
623 3429 800 3511 forinsecus
824 3427 1003 3511 apparebit,
1023 3440 1054 3493 et
1074 3428 1112 3492 eb
1135 3429 1281 3495 erunibus
1302 3437 1361 3517 qui

176 3552 341 3617 iudicandi
367 3562 441 3616 suut
466 3554 573 3636 peiere
600 3563 760 3630 cernetur,
790 3553 902 3616 diviua
929 3561 1046 3616 uetera
1075 3554 1191 3617 eccuite
1224 3555 1359 3620 latitares

176 3674 330 3739 iudicium
349 3675 515 3741 exercebit.

223 3804 257 3869 ln
286 3801 442 3890 syntaxi:
468 3807 492 3890 ᾠ
521 3801 630 3892 opace,
649 3802 807 3868 Attrectie
832 3813 896 3882 est,
922 3812 1074 3891 utsupra
1103 3803 1179 3892 Cap.
1203 3805 1233 3870 ΙΙ
1259 3829 1267 3871 :
1299 3809 1356 3875 ιι.

177 3929 286 3993 Hiera
308 3950 449 4020 παρεχειν
472 3948 534 3994 uon
558 3938 605 3993 est
625 3929 809 4012 securitatem
831 3928 981 3993 credendi
1004 3930 1138 4012 efferre,
1157 3927 1232 4006 sed,
1255 3934 1360 3998 eiieeci

175 4057 270 4138 fidem
290 4058 393 4139 fucere
414 4053 499 4136 apud
521 4053 642 4132 etiarm
664 4052 778 4119 affatim
802 4052 1016 4141 exemplorum
1044 4052 1096 4119 dat
1119 4052 1292 4142 Raphelius
1319 4057 1358 4124 ad

176 4177 209 4246 h.
240 4179 262 4245 l.
293 4180 432 4248 Graecae
460 4175 534 4243 huie
562 4175 709 4243 locutioni
738 4177 812 4243 satis
842 4176 1008 4266 respondet
1037 4176 1191 4244 Gallicum
1225 4178 1357 4248 verbum

175 4304 359 4386 accrediter‚
386 4311 438 4368 aut
461 4301 647 4368 Germanica
672 4300 795 4391 phrasis
822 4322 830 4363 ε
857 4304 959 4367 eiueue
982 4302 1195 4387 bepieubipeu.
