3074 5054
515 426 650 491 CAPUT
685 426 783 504 Xlll,
820 426 941 496 VERS.
982 431 1013 495 l.
1290 431 1356 497 325

174 641 228 692 την
248 641 342 681 ουσαν
364 615 525 689 εκκλησιαν
550 616 673 702 Belgiee
698 615 784 683 reddi
810 629 966 705 possunt:
990 619 1033 681 Te
1048 619 1274 685 Antiochiano
1290 642 1356 685 too·

176 760 235 804 ren
257 761 294 804 ar
314 739 357 820 opi
377 741 415 804 de
436 741 614 822 aanwezipc
637 740 712 804 lcarlr
734 743 781 805 als
806 742 988 824 Prophctcn
1010 761 1048 804 eo
1076 742 1245 807 Laeronra.
1275 745 1358 808 Pro-

175 863 287 943 phetas
300 860 499 948 intelligimus
516 860 607 941 tales,
627 860 734 949 quales
757 881 852 950 snpra
878 861 928 945 (ad
952 862 1028 949 Gap.
1048 864 1095 930 Xl
1115 884 1122 926 :
1142 861 1196 941 ⁰27)
1215 885 1253 931 ex
1269 864 1356 931 Estio

177 983 420 1071 descripsimus3
440 985 589 1050 Doctores
606 996 707 1051 autem
725 1005 778 1052 eos
794 986 911 1073 cogita,
930 987 983 1073 qni
1002 985 1078 1053 illud
1099 987 1234 1075 Spiritus
1252 988 1356 1054 Sancti

177 1105 333 1173 charisma
349 1108 414 1173 sive
437 1107 552 1175 donum
570 1106 737 1189 haberent,
755 1120 789 1176 ut
812 1108 925 1176 docere
949 1122 1077 1196 possent
1100 1109 1207 1178 fideles
1226 1131 1357 1200 eaquae

178 1228 217 1296 ad
230 1229 436 1297 Christianam
454 1229 634 1318 religionem
647 1232 813 1320 pertinent.
830 1231 878 1299 Cf.
895 1232 1015 1299 Estinm
1029 1231 1067 1299 ad
1081 1234 1094 1298 l
1108 1233 1181 1299 Cor.
1196 1233 1260 1299 ΧΠ
1276 1255 1284 1297 :
1299 1235 1356 1311 28,
1474 1295 1476 1298 ,

178 1365 208 1420 et
226 1353 343 1442 Ephes.
360 1355 405 1424 tv
424 1381 432 1423 ε
454 1359 507 1424 li.
531 1356 666 1423 Eosdem
683 1376 756 1422 vern
774 1357 825 1444 qui
844 1355 896 1422 hic
912 1357 1122 1434 nominantur,
1142 1354 1288 1424 hahuisse
1304 1356 1358 1424 ad-

179 1477 400 1544 ministrandae
424 1489 454 1544 et
478 1477 632 1544 curandae
649 1478 798 1545 ecclesiae
822 1476 1031 1545 Antiochenae
1049 1477 1202 1558 officium,
1222 1498 1260 1544 ex
1276 1499 1360 1546 com-

178 1611 261 1667 mate
276 1601 416 1688 sequenti
440 1599 705 1693 (λειτουργουντων
731 1598 763 1665 dc
786 1624 886 1664 norma
910 1626 953 1687 τῳ
972 1603 1092 1692 Κυριῳ)
1109 1600 1278 1688 colligitur.
1298 1602 1361 1668 Re·

178 1735 346 1790 censentur
361 1744 433 1811 ergo
451 1722 502 1790 hic
517 1725 731 1792 Antiochense
747 1725 897 1792 ecclesiae
912 1723 1147 1792 administri.-
1164 1724 1197 1791 si
1210 1723 1361 1812 Vulgatae

180 1848 344 1916 lectionem
372 1851 531 1939 sequaris,
566 1852 666 1917 Lucas
695 1849 747 1917 hic
774 1850 995 1937 significasset,
1029 1849 1127 1916 inisse
1157 1847 1359 1929 Antiochiae,

180 1985 304 2062 praeter
328 1975 517 2056 nominatos,
542 1975 619 2041 alios
644 1975 808 2042 nonnullos
833 1972 1001 2063 prophetas
1024 1983 1055 2040 et
1077 1973 1233 2041 doctores.

226 2098 410 2181 Barnabas,
429 2108 516 2189 etc).
543 2101 597 2166 Est
613 2100 779 2165 Barnabas
797 2099 849 2165 ille
865 2099 910 2178 is,
929 2097 968 2164 de
984 2117 1045 2186 quo
1063 2117 1165 2165 sermo
1190 2096 1248 2163 fuit
1264 2117 1360 2185 supra

180 2224 258 2312 Cap.
287 2225 332 2291 tv
353 2250 360 2290 :
384 2226 445 2304 56,
470 2244 539 2312 sq.,
555 2225 600 2290 lX
620 2248 628 2291 z
647 2226 708 2305 a7;
728 2224 774 2290 Xl
802 2249 810 2289 ε
837 2225 899 2303 22,
923 2244 994 2311 sqq.
1021 2232 1052 2288 et
1074 2224 1151 2311 Cap.
1177 2223 1240 2288 Xll
1268 2246 1276 2288 ι
1302 2224 1359 2290 25.

181 2345 296 2411 Simon
302 2396 314 2430 ,
338 2347 447 2413 Latino
463 2351 646 2432 capnomirae
674 2350 776 2413 dictos
799 2348 829 2435 (ὁ
848 2343 1021 2435 λεγομενος)
1036 2344 1150 2410 Simon
1173 2346 1287 2428 Nipar,
1307 2364 1362 2434 ap·

181 2470 313 2560 peilatus
330 2472 371 2537 ita
387 2471 479 2546 faerit
494 2492 512 2538 a
527 2472 632 2539 colore
659 2471 762 2539 vultus
788 2479 840 2537 aut
866 2469 1069 2558 capillorum3
1099 2468 1359 2558 quemadmodum

121 2619 125 2627 ·
180 2598 299 2663 Flavia
321 2618 396 2679 paras
420 2597 558 2664 Romana
582 2617 599 2664 a
623 2597 737 2664 Flauiis
761 2596 841 2663 dicta
866 2595 942 2676 luit,
961 2615 1094 2684 quorum
1120 2595 1172 2682 qui
1190 2595 1311 2683 primus
1329 2595 1360 2662 id

182 2740 295 2787 nomen
321 2719 444 2802 habuit,
469 2740 486 2787 a
510 2720 598 2786 flavis
626 2720 748 2809 capillis
772 2719 848 2786 illud
874 2718 1001 2785 duxisse
1024 2716 1157 2785 videtur.
1177 2755 1221 2765 -
1246 2718 1363 2782 Lucios

182 2830 394 2932 Cyrenaicis,
426 2845 459 2914 h.
486 2867 515 2913 e.
542 2867 559 2914 a
583 2848 722 2934 Cyrene,
752 2846 924 2935 superioris
952 2843 1069 2931 Libyae
1091 2841 1169 2910 urhe
1194 2843 1360 2932 primaria,

181 2971 346 3039 oriundus.
373 2974 403 3038 ls
427 2970 504 3037 ferte
529 2971 609 3037 idem
633 2971 690 3037 fnit
714 2992 784 3039 cum
810 2992 846 3038 eo
869 2973 986 3052 Lucio,
1012 2972 1102 3037 cuius
1127 2970 1242 3036 mentio
1271 2969 1306 3035 fit
1330 2971 1362 3035 in

180 3096 242 3184 Ep.
272 3094 311 3162 ed
333 3096 426 3162 Rom.
453 3095 529 3183 Cap.
556 3096 634 3163 XVI
654 3115 661 3156 :
682 3098 737 3163 at.
753 3133 797 3145 —
813 3096 977 3160 Manahen
994 3093 1057 3183 (est
1073 3093 1262 3162 Hebraiaum
1287 3108 1362 3177 enan

181 3218 216 3286 h.
243 3240 271 3286 e.
301 3220 490 3294 consolator,
520 3218 617 3285 forma
645 3219 795 3306 Particip.
824 3220 964 3285 Kittcla
987 3216 1058 3305 aar)
1086 3217 1200 3284 dicitnr
1228 3213 1362 3283 Herodis

179 3344 266 3432 (scil.
298 3342 444 3433 Antipae)
471 3342 659 3410 Tetrarchae
691 3366 872 3433 συντροφος,
902 3343 997 3429 Vulg.
1027 3344 1252 3421 collactaneos,
1283 3359 1362 3428 quae

181 3470 290 3536 Latina
305 3490 365 3536 vox
381 3468 552 3556 significat,
571 3467 789 3535 Manahemum
806 3467 892 3554 illum
909 3466 1002 3533 simul
1018 3487 1089 3533 oum
1108 3465 1231 3532 Herode
1247 3464 1361 3551 Antipa

180 3592 291 3661 eodem
314 3594 392 3660 lacte
415 3593 511 3660 fuisse
536 3593 696 3659 nutritum.
723 3591 784 3659 Sed
808 3593 928 3660 Graeca
956 3611 1016 3656 vox
1042 3589 1132 3656 latius
1159 3599 1259 3677 patet;
1290 3605 1360 3651 nam

181 3728 340 3806 praeterea
355 3729 440 3785 notat
456 3737 588 3806 puerum
604 3715 715 3795 talem,
741 3715 794 3804 qui
819 3735 890 3780 cnm
907 3714 967 3780 alio
984 3713 1024 3780 sit
1040 3710 1215 3777 caucanet
1241 3709 1362 3796 Nempe

181 3843 321 3910 solebant
347 3842 428 3931 apud
456 3853 592 3918 veteres,
623 3839 707 3927 quod
737 3849 842 3905 monet
872 3836 1042 3926 Raphelins
1069 3834 1130 3924 (ad
1159 3834 1193 3900 h.
1224 3832 1276 3918 l),
1308 3831 1361 3919 qui

180 3967 310 4035 ditiores
328 3977 425 4044 erant,
443 3965 550 4032 liberis
567 3965 632 4031 suis
648 3983 709 4029 non
726 3962 829 4042 solum
847 3962 1008 4050 magistros
1021 3970 1051 4028 et
1064 3958 1255 4049 paedagogos
1272 3954 1359 4032 dare,

180 4087 236 4156 sed
260 4089 351 4155 etiam
375 4087 565 4165 collusores,
581 4087 634 4174 qui
657 4085 718 4151 una
741 4105 811 4151 cnm
837 4085 914 4174 ipsis
939 4084 1156 4151 educarentur.
1181 4077 1359 4146 Putaverim

163 4213 300 4291 autem,
319 4231 426 4278 vocem
443 4233 606 4301 συντροφος
623 4208 796 4297 posteriore
813 4206 873 4274 hoc
889 4207 1063 4295 significatu
1079 4206 1131 4272 hio
1148 4224 1216 4271 esse
1232 4221 1359 4269 sumen-

175 4519 176 4522 ,
214 4476 234 4541 ²)
260 4472 387 4540 Exempla
408 4472 569 4536 collegerunt
589 4468 747 4536 Raphellns‚
760 4469 935 4530 wolstanus,
949 4472 977 4520 et
988 4465 1174 4520 Valckenarius
1186 4463 1228 4531 (ad
1240 4462 1267 4515 h.
1280 4462 1318 4529 ¹·l·
