3074 5054
179 377 246 445 toa
541 373 676 442 ACTUS
713 374 1046 459 APOSTOLORUM,

177 563 356 656 (cananae),
388 585 450 655 quo
477 564 642 632 iubebatur
669 563 751 633 bono
779 585 848 633 esse
877 565 993 633 animo.
1029 566 1078 632 De
1105 568 1363 659 προχειρισασθαι

179 689 315 759 diximus
331 709 425 780 supra
442 688 482 757 ad
498 689 576 778 Cap.
595 690 691 756 XXll
712 713 720 755 :
742 690 795 757 11.
815 689 942 758 Dictum
960 700 1006 756 est
1022 689 1062 753 ὡν
1080 687 1153 766 adae
1169 712 1225 780 pro
1242 715 1364 757 εκεινων

179 809 289 888 aaziae
310 834 366 903 per
387 815 529 898 Ellipsia
545 823 575 880 et
597 815 850 898 Attractiaacm,
871 824 905 881 ut
931 834 1026 902 supra
1050 815 1127 903 Cap.
1158 816 1238 882 ΧΧΙ
1265 841 1272 882 :
1299 819 1361 898 943

178 937 294 1025 pariter
312 938 344 1005 in
367 958 404 1006 eo
426 937 509 1027 qnod
530 938 684 1026 sequitur,
709 942 750 1002 ὠν
775 938 945 1029 οφθησομαι
963 960 1032 1016 σοι,
1057 938 1232 1005 Relativum
1250 943 1292 1003 ὡν
1317 949 1365 1006 est

178 1081 234 1150 pro
249 1085 367 1127 εκεινων
384 1062 417 1142 ἁ,
436 1061 491 1131 sed
508 1062 528 1125 ἁ
543 1062 586 1130 ibi
601 1073 746 1130 censetur
759 1062 860 1129 valere
872 1058 912 1127 δι’
924 1063 957 1144 ἁ,
972 1063 994 1129 i.
1011 1083 1040 1129 e.
1056 1063 1092 1128 ob
1105 1085 1196 1148 atrae.
1212 1066 1364 1150 Meyerus

175 1183 231 1274 (ud
248 1186 280 1252 h.
300 1185 337 1270 1.)
357 1185 468 1254 similis
489 1186 653 1255 locutionis
670 1185 834 1275 Ellipticae
849 1186 1026 1276 exemplum
1044 1188 1132 1254 affert
1147 1206 1185 1253 ex
1202 1186 1363 1276 Sophocle

175 1309 306 1400 (Oedip.
324 1311 364 1377 T.
383 1311 479 1401 788),
498 1310 694 1400 quiscripsit
710 1314 752 1374 ὠν
769 1332 823 1397 μεν
837 1313 957 1397 inape-aa,
976 1310 1060 1401 quod
1076 1311 1291 1379 resolvendem
1314 1322 1365 1380 est

178 1435 344 1501 inenarrata
368 1431 407 1498 δι’
429 1435 449 1498 ai
472 1439 590 1523 ἱκομην.
611 1471 655 1485 --
677 1435 725 1501 Ex
747 1434 851 1502 verbis
873 1437 915 1500 ὡν
933 1457 965 1498 τε
981 1435 1152 1525 οφθησομαι
1176 1458 1225 1499 σοι
1248 1436 1360 1525 (Vulg.

175 1584 297 1648 earnem,
313 1563 423 1649 qaiaas
435 1565 592 1648 apparebo
609 1558 679 1642 alat)
692 1561 860 1649 colligitur,
876 1559 1046 1628 Dominum
1060 1561 1162 1628 lesum
1176 1563 1252 1645 plac
1265 1566 1364 1630 searel

176 1690 358 1779 apparuisse
383 1690 494 1757 Paulo.
526 1689 770 1774 Corporales-ae
796 1698 898 1755 autem
925 1708 963 1755 an
992 1690 1216 1755 intellectuales
1245 1687 1365 1758 fuerint

176 1816 311 1885 visiones
331 1816 401 1885 illae
417 1837 496 1906 quae
517 1817 648 1906 primam
668 1826 741 1884 sunt
762 1825 905 1895 secutae,
926 1825 1010 1882 certo
1034 1815 1095 1883 diei
1114 1816 1232 1906 nequit.
1257 1817 1362 1884 Parti-

176 1940 292 2029 cipiunt
313 1936 522 2032 εξαιρουμενος
544 1939 694 2008 describit
715 1959 822 2007 curam
840 1957 932 2028 quam
950 1937 988 2006 de
1009 1938 1106 2006 Paulo
1131 1938 1296 2007 habiturus
1313 1950 1363 2007 est

176 2063 220 2144 iS,
239 2063 291 2152 qui
315 2063 359 2130 illi
379 2063 454 2131 dicit
477 2064 646 2155 οφθησομαι
669 2086 729 2131 σοι.
745 2053 901 2131 Celerum
920 2082 979 2130 vox
1002 2062 1053 2130 illa
1075 2060 1282 2154 εξαιρουμενος
1305 2083 1359 2131 su-

176 2186 286 2255 menda
310 2197 357 2255 est
378 2208 415 2256 eo
437 2208 531 2255 sensu
554 2207 616 2276 quo
637 2206 731 2276 supra
755 2186 831 2274 Cap.
852 2186 913 2255 Vll
940 2211 947 2253 :
974 2188 1029 2266 10,
1049 2187 1109 2267 dd,
1136 2196 1166 2253 et
1186 2187 1251 2253 Xll
1271 2211 1279 2253 ε
1300 2189 1357 2254 11.

176 2312 260 2377 Bene
281 2310 443 2379 Larinas:
472 2311 728 2391 «Promissum,
758 2309 877 2398 inquit,
907 2309 990 2379 istud
1017 2314 1055 2376 de
1083 2313 1264 2395 ereptione,
1295 2332 1360 2379 non

176 2435 312 2503 excludit
324 2436 408 2503 illam
421 2435 512 2503 aliam
530 2434 772 2525 praedictionem
789 2436 878 2525 (Cep.
899 2437 945 2503 tx
965 2460 973 2503 ε
995 2433 1049 2515 16)
1068 2460 1076 2502 :
1099 2437 1273 2504 Ostendam
1291 2440 1359 2520 llll,

174 2573 295 2647 palante
313 2571 457 2647 oporteat
478 2583 550 2627 eaaa
566 2583 626 2646 pro
647 2565 773 2628 nomiae
793 2582 860 2627 meo
881 2563 971 2645 pati,·
988 2572 1019 2628 et
1036 2560 1137 2627 solum
1156 2560 1186 2628 id
1204 2563 1359 2645 continet,

174 2684 326 2764 futurum,
350 2695 384 2752 ιιι
404 2685 512 2753 evadat
532 2695 661 2753 mortem
686 2685 777 2774 eique
799 2684 931 2774 spatium
956 2685 1142 2753 concedatur
1165 2687 1359 2776 exsequendi

175 2832 289 2880 munus
308 2811 481 2879 iniunctum
499 2808 587 2900 (ibid.
613 2829 660 2876 rs.
689 2811 761 2896 15),
780 2828 890 2898 nempe
910 2812 1064 2893 portandi
1082 2832 1197 2877 aenaea
1216 2812 1292 2878 Iena
1309 2835 1361 2879 co·

175 2957 248 3003 ram
268 2934 438 3020 Gentibus,
462 2936 604 3018 rapidas,
629 2943 659 2998 el
673 2934 754 3017 filiis
775 2934 924 3000 Israil.»
951 2971 995 2983 -
1017 2933 1069 3008 Εις
1087 2935 1137 3009 οὺς
1160 2933 1359 3004 referendum

175 3070 222 3128 est
237 3058 275 3128 ud
296 3083 349 3124 του
366 3056 443 3123 laea
456 3068 486 3125 el
503 3056 541 3124 ad
557 3078 616 3121 των
634 3056 736 3123 sirau.
751 3094 794 3106 -
811 3053 956 3136 Ανοιξαι,
975 3081 1027 3122 του
1047 3055 1242 3150 επιστρεψαι,
1262 3071 1292 3126 et
1304 3083 1359 3124 του

176 3178 278 3246 ladem
306 3190 379 3250 sunt
405 3192 468 3248 tres
496 3178 643 3246 Infinitivi
672 3182 767 3266 fiais,
799 3180 879 3247 inter
907 3200 986 3269 quos
1014 3191 1061 3248 est
1085 3182 1162 3248 retia
1189 3185 1356 3266 preximi,

172 3311 353 3395 propioris,
383 3308 556 3373 etremnli.
585 3305 634 3371 De
661 3303 817 3372 Infinitive
838 3306 913 3389 sireis
936 3325 1007 3373 cum
1034 3330 1101 3387 aaa,
1127 3306 1198 3374 uide
1221 3306 1261 3374 ad
1278 3309 1356 3397 Cap.

173 3434 265 3504 vttz
290 3434 344 3501 19.
363 3467 408 3481 -
428 3427 620 3521 Επιστρεψαι
639 3428 773 3497 sumitur
789 3427 849 3497 hoc
865 3429 934 3498 loco
955 3433 1177 3515 intransitive,
1204 3441 1238 3498 ut
1263 3451 1359 3522 supra

176 3557 252 3646 Gap.
275 3555 382 3626 XIV:
404 3556 463 3634 tl,
482 3553 544 3622 XV
568 3577 576 3620 t
599 3555 652 3620 19.
671 3551 818 3638 -Quid
839 3551 879 3619 sit
902 3553 1073 3621 convertis
1095 3553 1232 3620 tenebris
1249 3558 1292 3620 ad
1309 3558 1358 3622 la·

175 3701 259 3762 mm,
284 3689 362 3761 etc,
380 3676 492 3747 dicturi
521 3696 631 3745 sumus
657 3675 696 3744 ad
719 3676 796 3764 Cep.
822 3676 836 3742 1
855 3695 863 3738 t
886 3677 987 3745 ta-tt
1010 3674 1158 3764 epistolae
1181 3674 1220 3743 ad
1246 3676 1357 3744 Calos·

176 3822 298 3873 senses.

223 4047 368 4116 itt—as.
398 4045 497 4129 liade,
512 4067 568 4111 rea
580 4046 738 4130 Agrippa,
754 4044 842 4128 etc).
859 4043 964 4132 Pergit
979 4043 1095 4112 Paulus
1110 4068 1118 4112 ε
1135 4044 1355 4131 Quapropter,

175 4173 245 4240 Reae
260 4174 417 4257 Agrippa,
437 4170 521 4256 (ὁθεν.
537 4191 570 4259 q.
585 4169 617 4238 d.
634 4190 730 4259 quum
747 4169 824 4237 mihi
841 4180 902 4236 tam
915 4169 1026 4258 insigni
1045 4169 1138 4238 niodo
1155 4171 1355 4253 innotuisset,

176 4295 253 4387 quid
274 4315 323 4364 me
343 4295 446 4363 iacere
467 4294 647 4384 oporteret),
665 4315 729 4364 aaa
744 4296 798 4379 fai
814 4291 977 4385 (εγενομην)
1002 4295 1185 4360 inobediens
1201 4292 1357 4383 (απειθης)

176 4421 303 4487 caelesti
321 4420 440 4486 caloni
459 4417 516 4501 (itti
536 4417 590 4506 qui
616 4415 692 4486 mihi
717 4415 848 4485 coelitus
871 4426 1075 4505 apparuerat,
1093 4425 1141 4495 et,
1167 4416 1243 4506 quid
1267 4437 1285 4486 a
1309 4436 1359 4486 me
