3074 5054
187 381 230 446 96
553 377 687 446 ACTUS
722 377 1056 461 APOS'POLORUM,

185 566 341 656 Agrippae
364 587 398 634 se
421 578 605 655 receperunt
625 579 716 656 atque
739 567 842 635 omnia
863 568 914 635 illa
936 580 1101 637 evaserunt
1116 569 1235 658 flagella
1254 597 1263 640 ε
1281 584 1312 640 31
1328 575 1367 642 ad

186 691 266 759 hano
292 691 484 780 punitionem
512 691 669 780 respicere
700 693 800 780 potuit
832 693 920 761 Deus
948 714 1019 762 cum
1048 674 1127 762 dixit
1158 721 1166 763 ε
1198 719 1253 781 epo
1280 702 1368 765 ultor

186 818 349 881 eccistam.
377 843 390 873 ι

231 943 286 1008 11.
312 941 358 1005 Et
377 960 483 1006 omues
503 943 691 1024 prophetoe,
711 938 801 1027 cet).
820 941 945 1021 Verha,
963 954 997 1010 ut
1018 944 1134 1025 iacent,
1154 944 1237 1012 hunc
1259 955 1367 1033 postu·

184 1064 247 1131 lant
269 1085 394 1132 sensum
417 1063 550 1132 :sedet
573 1085 680 1132 omnes
696 1067 761 1155 (και
786 1089 893 1140 παντες
918 1064 966 1155 de)
990 1068 1160 1157 prophetae
1176 1068 1248 1136 inde
1273 1089 1291 1136 a
1312 1070 1367 1138 Sa·

184 1190 303 1269 muele,
322 1200 352 1256 et
368 1190 515 1278 deinceps
531 1189 620 1277 (lude
637 1213 656 1255 a
672 1189 833 1279 Samuele)
855 1190 908 1279 qui
932 1192 1086 1259 vaticinati
1111 1204 1199 1274 sunt,
1218 1213 1365 1282 praeson-

182 1325 228 1382 tes
245 1314 302 1380 hos
318 1312 385 1380 dies
400 1311 484 1401 (dies
500 1315 635 1379 Mesu'ce
651 1325 681 1379 et
696 1317 771 1381 uoci
785 1314 954 1404 Foederis)
970 1317 1292 1405 praenuntiarunt—
1306 1320 1363 1385 Est

183 1439 215 1504 in
236 1437 294 1506 hac
318 1439 468 1505 sententia
495 1437 645 1526 quaedam
668 1438 835 1506 verborum
858 1439 1077 1522 redundantia,
1099 1441 1142 1509 uti
1167 1453 1260 1531 patet.
1285 1443 1365 1509 Nam

181 1567 354 1649 prophetae
374 1567 431 1648 qut
455 1566 600 1646 deinceps
622 1565 789 1629 vaticinati
801 1570 895 1647 suut,
915 1564 976 1630 iam
992 1564 1210 1653 comprehensi
1227 1575 1316 1632 erant
1331 1565 1363 1631 in

183 1689 318 1757 dictione
340 1710 434 1756 ouans
450 1690 623 1773 prophetae
645 1690 718 1753 lude
740 1711 760 1754 a
784 1689 939 1754 Samuele.
960 1691 1104 1756 Ceterum
1127 1709 1236 1756 sensus
1252 1688 1365 1756 verho-

183 1832 252 1879 rum
277 1812 462 1902 perspicuus
482 1821 532 1883 ,est
550 1837 558 1878 ε
577 1812 703 1898 Moyses
727 1810 870 1899 quidem,
895 1812 1012 1899 inquit,
1035 1812 1181 1881 Messiam
1206 1832 1363 1901 praenun-

182 1936 292 2014 ciavit,
319 1935 374 2002 sed
401 1944 432 2001 et
455 1954 562 2001 omnes
590 1932 778 2022 prophetae,
805 1933 929 2001 Samuel
953 1944 983 2001 et
1004 1946 1187 2024 sequentes,
1211 1945 1364 2025 quotquot

181 2057 279 2148 (ὅσοι)
300 2057 454 2125 vaticinati
482 2066 571 2137 sunt,
594 2057 686 2124 etiam
711 2057 972 2146 praenunciarunt
999 2068 1177 2146 praesentes
1201 2031 1259 2126 hos
1281 2061 1365 2126 Mes-

181 2183 247 2249 siae
263 2182 342 2250 dies.
360 2181 408 2248 uf.
428 2182 543 2248 1Petr.
562 2182 576 2247 1
597 2205 605 2246 ε
627 2183 679 2249 tu.
696 2180 728 2247 Si
745 2180 899 2248 Samuelis
915 2181 1067 2270 scriptum
1083 2181 1209 2270 aliquod
1225 2181 1264 2249 de
1279 2183 1363 2250 Mes·
1432 2245 1436 2252 .

182 2307 228 2373 sia
254 2305 434 2373 vaticinium
461 2306 573 2370 Petrus
601 2302 653 2370 hic
681 2323 926 2371 commemorare
953 2303 1102 2385 voluerit,
1133 2303 1283 2394 profiteor
1313 2324 1364 2371 me

182 2430 303 2496 nescire
320 2428 475 2516 quodnam
491 2425 569 2494 illud
592 2428 643 2494 sit.
671 2427 733 2495 Sed
756 2427 823 2494 fieri
848 2437 967 2516 potest,
984 2438 1019 2493 ut
1034 2427 1185 2494 exstiterit
1209 2427 1363 2495 Samuelis

113 2573 115 2578 ·
181 2550 219 2617 de
236 2549 360 2618 Christo
377 2548 561 2638 prophetia,
580 2549 637 2616 etsi
653 2550 771 2638 scripto
789 2570 850 2616 non
870 2549 964 2616 luerit
986 2549 1144 2630 mandata3
1173 2549 1252 2617 hanc
1268 2568 1360 2638 ergo,

183 2686 288 2765 utpote
304 2674 427 2742 Iudaeis
444 2694 504 2740 non
521 2674 726 2761 incognitam,
740 2676 852 2741 Petrus
865 2674 1023 2763 respicere
1039 2675 1150 2762 potuit.
1164 2675 1361 2764 Quamquam

182 2814 211 2868 31
234 2799 296 2867 hoc
318 2799 379 2867 dici
401 2818 493 2886 posse
513 2797 590 2865 mihi
615 2797 749 2879 videtur,
767 2818 879 2888 nempe
903 2801 1049 2880 Petrum,
1069 2819 1166 2887 quum
1186 2800 1360 2867 Samuelem

181 2933 453 3001 commemoraret,
471 2922 503 2989 in
528 2933 630 2989 mente
655 2921 801 2990 hahuisse
818 2923 941 2990 celebre
964 2922 1043 2989 illud
1057 2921 1232 3012 Prophetae
1247 2923 1363 2991 Natha-

181 3049 230 3115 nis
253 3048 291 3116 de
317 3046 433 3115 Massia
459 3045 658 3124 vaticinium,
682 3045 806 3135 quoda
830 3046 973 3113 Samuele
992 3046 1027 3132 (1
1051 3045 1150 3126 Sam,
1169 3046 1200 3111 in
1228 3045 1361 3134 Vulgata

182 3173 203 3240 1
226 3170 359 3258 Regum)
378 3171 436 3238 Vll
457 3194 465 3237 :
487 3172 527 3237 11
543 3189 615 3258 sqq.
641 3169 682 3236 cl.
702 3171 762 3259 Ep.
787 3168 826 3237 ad
849 3169 947 3237 Hehr.
964 3171 1001 3236 1:
1022 3168 1058 3257 5)
1074 3171 1191 3259 scripto
1211 3168 1360 3238 1311333-

181 3295 346 3382 signatum.

181 3583 183 3588 -
225 3543 281 3610 15.
311 3542 370 3606 Voe
398 3543 475 3605 eatis
498 3541 564 3623 plat
581 3540 810 3623 prophetorum
833 3548 862 3602 et
887 3535 1053 3625 foederis).
1082 3538 1175 3624 Quod
1202 3537 1255 3606 hic
1281 3537 1359 3606 dicit

177 3664 309 3743 Petrus,
328 3685 363 3728 ee
386 3663 543 3731 diversum
568 3681 629 3728 non
654 3670 700 3727 est
719 3658 758 3726 ah
781 3679 818 3726 eo
842 3659 926 3749 quod
949 3661 980 3727 in
1005 3661 1110 3749 priore
1134 3661 1283 3727 concione
1299 3660 1354 3744 (oi.

177 3787 253 3875 Gap.
274 3787 303 3853 11
323 3806 330 3848 :
350 3785 555 3873 59)(113331.
576 3785 692 3852 Sensus
709 3794 756 3850 est
774 3809 782 3851 ε
803 3785 862 3850 Vos
881 3786 1013 3864 lieslis,
1031 3787 1167 3870 adquae
1187 3787 1357 3868 pertinent

174 3910 406 3992 prophetarum
426 3910 556 3973 oracula
579 3917 609 3972 et
631 3908 743 3993 foedus
767 3908 869 3991 illud,
893 3909 977 3992 quod
997 3908 1083 3972 Deus
1107 3909 1274 3973 antinoum
1295 3928 1355 3991 po-

176 4033 277 4097 tm‘hus
299 4031 441 4112 uostris,
460 4033 537 4096 dum
559 4031 706 4097 Abrahae
728 4032 809 4096 atate
827 4051 911 4115 :per
930 4030 1036 4112 filium
1064 4040 1154 4096 tuum
1181 4031 1356 4096 heohuulur

176 4178 282 4224 omues
309 4167 415 4240 peotes
441 4167 557 4221 terrae,
585 4152 717 4221 11313331
739 4174 846 4221 vocem
870 4150 1043 4241 31111133)
1071 4153 1188 4221 nomini
1211 4156 1262 4218 rel
1283 4154 1354 4223 iun·

174 4302 248 4370 gere
262 4281 363 4350 solent
378 4281 435 4360 113,
453 4291 487 4347 31
503 4280 658 4347 indicetur
673 4280 700 4347 is
716 4279 755 4347 ad
771 4299 863 4368 quem
889 4298 939 4346 res
964 4276 1016 4347 illa
1038 4298 1235 4367 quocumque
1259 4279 1353 4348 modo

175 4405 318 4494 pertinet.
339 4407 385 4472 lta
404 4403 457 4471 hic
479 4405 543 4489 filli
566 4407 703 4490 foederis
727 4401 822 4492 (arag
837 4401 903 4491 ³33)
924 4411 998 4468 sunt
1016 4401 1061 4468 illi
1081 4401 1119 4469 ad
1138 4421 1217 4490 quos
1240 4400 1351 4469 foedus
