3074 5054
199 347 266 413 aaa
550 342 686 410 ACTUS
721 345 1057 429 APOSTOLORUM,

199 543 322 601 noctem
339 533 486 623 (pendant
502 533 531 600 la
548 532 625 616 nuit)
642 533 726 601 illius
742 534 817 603 diei.
832 576 876 586 -
888 537 1082 623 antipatris,
1100 542 1273 610 Palestinae
1290 543 1386 623 urhe,

201 659 383 726 Caesaream
408 658 488 725 inter
504 667 535 725 et
549 657 800 747 Hierosolymam
817 659 894 742 sita,
912 681 930 729 a
952 664 1116 753 metropoli
1141 678 1216 734 ooto·
1231 665 1389 733 milliariis

198 781 348 863 distabat,
372 782 556 849 aCaesarea
577 792 708 872 septem.
725 822 768 834 -
781 784 1011 878 Ὑποστρεφειν,
1033 789 1260 870 intransibilem
1279 799 1314 857 ut
1334 809 1389 856 su·

201 927 257 997 pra
273 907 350 996 Cap.
368 907 463 973 xtlt.
483 907 538 975 bb.

247 1155 394 1223 eat—55.
426 1153 491 1232 Qui
520 1175 590 1220 enne
622 1159 781 1222 venissent
812 1128 1013 1224 Caesareum.
1045 1157 1132 1239 eto-l.
1164 1159 1229 1237 (tot
1260 1160 1390 1243 quidem

202 1277 336 1368 (οἵτινες)
357 1277 477 1366 equites
499 1279 681 1346 Caesaream
705 1280 835 1368 ingressi
856 1278 1081 1369 (εισελθοντες),
1106 1281 1225 1349 reddita
1244 1279 1390 1349 Praesidi

203 1403 351 1490 epistola,
375 1404 466 1471 etiam
488 1404 619 1472 Paulum
642 1406 669 1471 ei
693 1406 848 1473 stiterunt.
876 1408 954 1474 Cum
977 1419 1079 1474 antem
1103 1406 1227 1495 legisset
1254 1408 1392 1474 Praeses

204 1527 385 1618 epistolam,
415 1539 612 1618 percontatus
640 1540 686 1596 est
706 1530 856 1610 Paulum,
881 1551 920 1598 ex
941 1516 1072 1619 quanam
1102 1542 1184 1598 esset
1211 1529 1390 1620 provineia.

207 1654 341 1738 Copnr'to
360 1665 467 1720 nartem
487 1650 681 1742 (πυθομενος)
705 1653 789 1745 quod
810 1674 827 1721 a
846 1654 955 1722 Cilioia
977 1664 1071 1731 esset,
1089 1654 1167 1721 dixit
1186 1677 1194 1720 :
1213 1657 1344 1721 aredium
1362 1665 1393 1720 te

205 1773 428 1867 (bennoeeopen
451 1773 522 1862 σου)
545 1777 667 1866 quando
689 1781 783 1844 etr'nrn
805 1777 888 1869 (και)
909 1788 1106 1846 accusatores
1129 1777 1171 1845 lui
1194 1775 1389 1844 advenerint.

207 1900 365 1989 laesitque
382 1920 451 1966 eum
469 1899 500 1966 in
524 1901 679 1989 praetorio
697 1901 832 1969 Herodis
848 1901 1011 1969 custodiri.
1030 1901 1109 1968 Puta
1125 1901 1157 1966 in
1173 1901 1241 1968 loeo
1259 1900 1393 1990 captivis

207 2024 370 2092 destinato.
735 2077 745 2085 ,,

251 2149 345 2224 Ποιος
368 2146 420 2217 hic
441 2148 522 2215 valet
544 2168 602 2228 τις
626 2160 660 2216 ut
681 2148 792 2217 Matth.
822 2150 899 2239 Cap·
928 2151 1024 2217 XXll
1049 2175 1056 2216 :
1082 2151 1125 2217 56
1149 2173 1157 2215 ε
1186 2146 1395 2224 Ποιαεντολη

208 2271 327 2366 μεγαλη
342 2296 371 2338 εν
387 2299 430 2360 τῳ
446 2296 543 2361 sopp.
562 2273 693 2341 Paulum
710 2275 809 2342 nivem
826 2277 1000 2343 Romanum
1018 2295 1106 2355 esse,
1125 2294 1163 2341 ex
1179 2273 1290 2361 Lysiae
1310 2273 1396 2364 epis-

206 2398 268 2466 tola
288 2398 419 2463 Praeses
442 2396 652 2478 intellexerat3
677 2398 780 2486 itaque
802 2396 977 2465 soisoitatur
993 2397 1032 2465 ab
1048 2416 1099 2477 eo,
1118 2417 1156 2464 ex
1172 2416 1308 2487 quanam
1324 2397 1393 2464 Ro-

206 2520 287 2589 mani
311 2519 434 2609 imperii
455 2520 614 2609 provincia
635 2533 727 2588 esset.
747 2560 792 2571 -
807 2520 952 2614 Επάρχια
969 2522 1096 2611 promte
1119 2531 1166 2588 est
1182 2519 1315 2607 dignitas
1334 2545 1393 2585 roe

205 2647 365 2737 ὑπαρχου,
387 2667 420 2735 q.
440 2644 471 2712 d.
496 2649 717 2748 praesectnro3
744 2646 799 2714 sed
827 2647 918 2712 etiam
942 2646 988 2713 sie
1016 2645 1184 2713 vocabatur
1214 2646 1318 2734 regio,
1337 2648 1391 2714 eui

205 2773 342 2864 ὑπαρχος
358 2770 471 2860 aliquis
488 2781 569 2836 esset
585 2771 771 2859 praetentus.
788 2809 828 2820 ·-
844 2771 1059 2859 Compositum
1075 2766 1228 2834 brennone
1246 2769 1298 2838 hie
1309 2771 1393 2839 valet

205 2894 396 2965 Nostratium
417 2896 611 2974 narbonen,
629 2913 722 2961 sensu
743 2894 871 2961 sorensi.
892 2893 940 2960 Cl.
960 2893 1050 2959 Win.
1070 2894 1117 2958 De
1132 2895 1300 2958 oerbnrnnr
1317 2915 1391 2959 enm

205 3019 502 3104 Praepositionibus
518 3020 764 3101 compositorum
780 3020 814 3083 in
829 3017 874 3086 N.
890 3018 928 3083 T.
943 3038 1014 3082 usn.
1034 3016 1150 3082 Partio.
1166 3016 1208 3084 V.
1225 3037 1256 3104 p.
1277 3019 1330 3084 lb.
1350 3056 1390 3065 -

207 3147 415 3238 Πραιτωριον,
436 3164 496 3211 vox
518 3143 637 3231 origiue
655 3143 746 3210 latina
762 3142 989 3233 (praetorium,
1008 3139 1041 3209 lr.
1060 3162 1086 3209 e.
1110 3136 1344 3230 praetorium),
1363 3144 1390 3210 si

208 3291 311 3339 sermo
335 3270 375 3337 sit
398 3268 436 3335 de
457 3269 596 3335 Romana
623 3266 726 3356 aliqua
748 3266 928 3357 provineia,
958 3264 1139 3354 intelligitur
1167 3265 1335 3354 palatium,
1360 3265 1391 3332 in

208 3417 270 3489 quo
286 3394 451 3463 Praesides
467 3393 698 3484 provinciarum
715 3388 940 3479 (proconsules,
956 3400 1195 3475 propraetores.
1210 3389 1280 3457 vide
1296 3410 1391 3480 snpra

209 3540 279 3611 pag.
299 3520 376 3608 329)
400 3517 576 3585 habitabant
592 3528 622 3585 et
641 3518 690 3584 ius
712 3516 867 3584 dicebaut.
892 3516 1060 3581 Caesareae
1087 3523 1189 3581 autem
1218 3510 1292 3580 huie
1320 3512 1391 3581 usui

209 3642 396 3712 inserviebat
423 3641 591 3732 palatium,
621 3641 705 3732 quod
733 3641 807 3708 olim
835 3647 1041 3728 oeoupaverat
1071 3636 1212 3705 Herodes
1239 3637 1389 3725 llagnus3

210 3788 306 3859 quare
334 3777 364 3834 et
389 3767 505 3835 dietum
529 3766 587 3834 luit
614 3766 803 3856 praetorium
834 3765 987 3832 Herodis.
1017 3761 1066 3831 Cl.
1098 3762 1225 3833 Sueton.
1256 3761 1389 3852 Calignl.

210 3894 289 3978 Cap.
310 3895 365 3961 57.
