3074 5054
468 336 606 406 curua
640 341 720 423 vu,
758 336 881 406 vans
919 336 1065 406 art-ac.
1299 335 1359 403 aar

226 532 352 598 Etcum
370 528 420 595 bis
444 528 559 595 sentire
582 528 729 596 censendi
751 538 822 595 sunt
847 531 955 595 Patres
972 524 1137 595 orthodoxi
1154 526 1218 603 illi,
1237 527 1289 616 qui
1307 527 1364 594 do·

181 668 330 735 cneruut,
348 653 464 721 Filium
480 653 539 719 Dei
557 672 626 721 esse
642 673 731 732 eum,
747 653 799 740 qui
817 652 848 717 in
865 662 968 716 vetere
981 651 1178 716 Testamenta
1195 648 1362 716 identidem

180 779 326 848 Patribus
342 777 374 844 in
391 787 592 865 conspectum
608 794 645 842 ac
660 775 852 864 colloquium
870 774 978 839 renio.

226 904 326 990 llrgo,
345 898 430 989 quod
452 898 577 988 quidem
602 900 709 967 attinet
724 898 762 966 ad
779 918 846 964 eam
862 897 1104 986 apparitionem¹
1122 916 1213 987 qnam
1231 897 1361 988 Stepha-

180 1047 239 1094 nus
262 1025 314 1093 hic
336 1035 506 1104 memorat,
524 1043 595 1102 eos,
622 1043 701 1112 quos
725 1021 818 1088 modo
843 1020 1005 1087 citavimus
1029 1021 1138 1086 Patres
1162 1041 1224 1087 non
1246 1041 1362 1110 paucos

178 1148 295 1227 secuti,
324 1147 366 1214 ita
392 1146 559 1226 sentimus,
590 1156 623 1211 nt
647 1144 737 1211 nahts
761 1141 902 1210 videatur
925 1140 1091 1208 dicendum
1117 1161 1204 1223 esse,
1230 1143 1310 1210 lllosi
1329 1144 1360 1209 in

179 1269 260 1337 rubo
286 1267 469 1357 apparuisse
496 1287 557 1333 uon
585 1276 725 1332 creatum
752 1265 887 1353 aliquem
916 1263 1060 1352 spiritum
1085 1264 1278 1352 angelicum,
1309 1266 1364 1334 sed

179 1394 284 1482 ipsum
307 1391 367 1457 Dei
392 1390 527 1467 Filium,
542 1387 722 1478 aspectabili
744 1387 848 1475 aliqua
863 1387 968 1475 speeie
985 1386 1139 1454 indutum.
1158 1389 1198 1454 Et
1213 1409 1287 1456 vero
1305 1389 1365 1456 hoe

178 1519 284 1584 Moses
301 1516 367 1604 ipse
385 1514 550 1603 perspicue
573 1535 630 1580 nos
654 1513 763 1591 docet;
782 1531 853 1578 nam
878 1531 950 1577 cnm
973 1512 1144 1579 moriturus
1168 1511 1365 1580 benediceret

178 1640 323 1709 tribubus
340 1639 453 1719 lsraol,
473 1637 597 1728 losepbi
616 1639 711 1706 tribui
728 1648 915 1727 apprecatus
932 1648 979 1702 est
995 1638 1241 1704 benedictionem
1260 1641 1362 1717 illias,

177 1768 237 1850 qni
252 1768 281 1830 ei
296 1775 492 1849 apparuerat
509 1767 544 1828 in
559 1764 651 1829 rubo.
670 1763 842 1829 Deuteron.
861 1762 1032 1828 XXXIII:
1050 1763 1104 1829 16.

225 1892 327 1977 Atque
362 1888 403 1953 ita
436 1887 551 1953 sentire
586 1886 708 1953 videtur
742 1886 834 1952 etiam
871 1886 1034 1967 Ecclesia3
1073 1907 1144 1954 uam
1179 1888 1210 1954 in
1246 1888 1358 1957 Officio

178 2012 403 2092 eeclesiastIco,
429 2011 513 2100 quod
542 2022 681 2100 tempore
708 2009 867 2078 Adventus
891 2010 1084 2079 recitandum
1107 2013 1277 2101 praecipit,
1301 2013 1360 2078 Dei

178 2134 286 2205 Verbo
321 2133 378 2201 bas
413 2155 522 2224 preces
556 2134 710 2202 adhibet:
731 2134 923 2213 OActonai,
948 2118 980 2199 ’et
1009 2135 1074 2199 dna
1098 2139 1211 2200 donans
1234 2137 1361 2213 Israel,

177 2261 237 2343 qni
270 2258 382 2343 Mopsi
414 2263 449 2325 a'n
483 2261 554 2344 Ipnc
588 2261 739 2344 flammae
773 2260 847 2323 anba'
883 2262 1086 2342 (apparuisti,
1112 2270 1141 2324 et
1165 2262 1196 2324 ea'
1218 2262 1253 2324 e'n
1279 2259 1362 2326 Sina

179 2479 257 2530 l‘ater
275 2479 303 2530 in
321 2478 401 2540 rubo,
419 2492 472 2531 non
498 2478 619 2531 Peterin
643 2493 747 2543 eremo,
795 2479 857 2530 dere
884 2480 1030 2544 promiscue
1058 2494 1088 2532 ac
1113 2482 1170 2534 sine
1195 2481 1247 2534 ullo
1273 2483 1363 2534 discri-

177 2562 225 2614 sed
243 2561 324 2613 Filius
340 2563 421 2628 Moysi
444 2561 547 2615 loeutus
564 2566 612 2614 est.
631 2564 748 2629 benique
795 2562 866 2611 mine
888 2574 1014 2626 personae
1031 2562 1135 2614 divinae
1159 2577 1250 2616 ornnes
1275 2578 1363 2630 aspec-

177 2645 211 2696 de
231 2644 287 2709 lpse
305 2643 455 2709 Stephanus
472 2645 539 2695 dixit
557 2658 563 2693 z
583 2644 632 2696 Hic
649 2651 687 2696 est
704 2646 749 2710 qni
795 2644 867 2695 tabili
879 2643 983 2710 aliqua,
998 2646 1039 2697 vel
1050 2646 1166 2698 sensibili
1178 2649 1263 2713 specie
1280 2655 1363 2702 semet

175 2731 230 2795 (nit
247 2731 277 2780 in
294 2728 403 2781 ecclesia
414 2730 444 2780 in
456 2743 542 2780 eremo
558 2743 618 2780 cam
633 2728 744 2795 Anpelo.
793 2727 936 2792 aliqnando
953 2729 1150 2794 conspiciendas
1174 2731 1361 2796 praebuerint,

176 2813 226 2864 llic
250 2816 290 2864 ost
318 2825 379 2876 ergo
406 2813 450 2878 qui
478 2812 562 2876 legem
587 2812 673 2874 dedit,
692 2812 747 2877 ipse
795 2823 845 2871 an,
864 2810 918 2861 sola
935 2816 1043 2877 excepta
1062 2826 1172 2878 persona
1190 2815 1286 2878 PatrIs,
1305 2816 1363 2867 reli·

176 2894 225 2960 qui
251 2893 354 2945 locutus
381 2897 421 2944 est
447 2893 530 2958 Moysi
556 2892 646 2945 dicens
665 2905 671 2940 ι
691 2892 747 2958 Epo
796 2905 864 2958 quae
880 2891 961 2956 duae,
975 2907 1008 2944 au
1021 2894 1148 2946 verosola
1165 2909 1276 2961 persona
1293 2898 1362 2950 Filii.

174 2990 237 3028 snm
272 2976 341 3027 Dens
373 2975 527 3038 Abrabam,
556 2976 625 3028 Dens
653 2975 747 3035 Isaac,
830 2972 888 3034 Qua
912 2974 945 3026 de
968 2988 997 3026 re
1021 2975 1085 3042 quid
1107 2976 1196 3029 Patres
1218 2981 1362 3044 senserint,

178 3059 251 3111 Dens
268 3057 383 3109 Iacob.»
798 3055 888 3120 docte,
906 3070 954 3122 pro
978 3071 1049 3110 mora
1071 3071 1132 3121 suo,
1151 3063 1261 3126 exponit
1284 3063 1364 3116 Petn-

799 3138 858 3190 rius
880 3138 922 3204 (de
949 3139 1041 3192 Trinit.
1068 3141 1125 3193 Lib.
1149 3143 1221 3208 VIII,
1248 3144 1309 3212 Cap.
1328 3148 1364 3214 ἓ).

216 3189 375 3256 ¹IP013V11¹⁵
403 3190 445 3255 ((1ὓ
472 3190 565 3242 Trina·
595 3191 651 3243 Lib·
675 3192 750 3254 vffl’
798 3223 975 3286 Ceterum,nt
993 3225 1149 3278 Arianornm
1166 3242 1239 3280 error
1256 3232 1363 3294 vitetur,

178 3271 245 3338 Cap.
259 3272 285 3338 2)
302 3273 371 3323 inter
388 3270 435 3322 hos
450 3276 566 3324 recenset
583 3271 672 3324 Patres
684 3273 751 3335 illae,

179 3356 229 3422 qui
246 3369 280 3407 ex
303 3354 465 3407 Antiocheno
492 3355 597 3421 Synndo
624 3357 656 3409 ad
680 3357 751 3408 Pau-

179 3439 237 3490 lum
264 3438 463 3491 samosatenum
485 3439 620 3506 epistolam
641 3440 751 3505 synodi-

179 3534 240 3574 cam
268 3521 442 3587 scripserunt;
473 3521 535 3572 item
563 3521 750 3585 Athanasium,

181 3607 327 3670 utrumque
364 3601 510 3667 Cyrillnm,
546 3603 753 3670 hierosolyman·

180 3700 248 3738 num
265 3690 292 3737 et
309 3683 531 3750 Alexandrinum,
551 3686 686 3752 Hilarium,
705 3688 752 3740 I’a-

181 3784 245 3838 pam
262 3771 376 3822 Leonem
394 3770 531 3835 Magnum,
548 3772 620 3824 alios.

218 3852 244 3904 S.
276 3853 440 3918 Augustinus
467 3855 493 3904 in
524 3853 572 3906 hac
600 3857 752 3921 quaestione

183 3936 336 3988 dubitanter
353 3937 480 4003 loquitur,
499 3942 529 3991 ut
546 3940 620 3992 docet
637 3939 750 4004 calmet,

183 4021 219 4074 ad
235 4022 318 4074 Enod.
338 4022 370 4073 Ill
392 4039 398 4075 :
417 4024 442 4075 2.

219 4129 238 4193 ’l
256 4133 379 4182 Praesens
409 4133 527 4197 quaestio
559 4133 637 4185 latins
664 4139 751 4200 patet.

185 4225 264 4276 quam
287 4217 317 4265 nt
339 4214 440 4278 integra
463 4213 505 4267 hic
522 4228 537 4266 a
556 4216 631 4268 nobis
649 4219 753 4271 tractari

186 4295 274 4358 possit.
294 4294 486 4360 Disputandum
508 4298 579 4349 enim
603 4297 669 4349 leret
685 4300 754 4352 inter

186 4377 237 4430 alia
259 4379 292 4431 de
312 4393 357 4443 eo,
379 4383 469 4432 utrum
492 4382 542 4433 sub
566 4382 676 4448 antiqno
692 4383 754 4436 Fac·

798 3306 912 3358 illudio
936 3307 984 3359 bac
1011 3311 1162 3375 quaestione
1186 3311 1363 3378 profitendum

798 3394 852 3454 est,
871 3404 966 3456 nempe
978 3391 1085 3454 Filium,
1101 3397 1127 3444 et
1140 3392 1267 3459 Spiritum
1285 3396 1365 3450 Sanc·

799 3478 870 3536 tum,
885 3489 932 3540 per
945 3489 972 3526 se
983 3489 1013 3527 ac
1030 3481 1124 3528 natura
1141 3491 1187 3530 sua
1205 3492 1257 3531 non
1277 3483 1365 3534 minus

798 3557 941 3609 Invisibiles
963 3571 1035 3620 esse,
1054 3573 1134 3625 quam
1156 3559 1274 3625 Patrem3
1294 3565 1364 3630 quod

797 3653 859 3691 vera
876 3640 908 3691 ad
929 3645 1067 3693 externam
1089 3643 1202 3706 speciem
1220 3647 1246 3695 et
1262 3647 1365 3698 extrina

797 3734 871 3773 secus
894 3722 1077 3774 circumfusam
1096 3724 1236 3788 imaginem
1254 3728 1362 3790 attinet,

798 3808 851 3856 tam
874 3804 958 3856 PatrIs
980 3806 1135 3867 Personam,
1154 3820 1233 3873 quam
1254 3808 1313 3860 Filii
1338 3817 1365 3862 et

797 3886 911 3951 Spiritus
933 3887 1038 3947 Sancti,
1055 3888 1106 3939 snb
1128 3886 1171 3940 illa
1189 3890 1260 3941 cerni
1277 3893 1304 3943 et
1319 3906 1365 3958 ap-

796 3984 888 4037 parere
905 3985 989 4037 posse.
1009 3972 1061 4025 Hoc
1083 3972 1216 4038 negabant
1232 3977 1365 4041 praesules

798 4055 887 4105 Ariani
905 4057 1053 4120 congregati
1071 4057 1098 4107 iu
1120 4059 1293 4111 conciliabulo
1310 4061 1365 4113 Sir-

799 4138 844 4188 mii
870 4136 958 4189 habito
979 4139 1086 4192 biennio
1107 4144 1166 4206 post
1188 4140 1258 4193 illam
1282 4143 1368 4207 Syno-

798 4220 877 4282 dum,
902 4234 981 4287 qnam
1004 4223 1100 4275 ibidem
1126 4225 1258 4290 praesules
1279 4228 1366 4280 ortho-

799 4301 861 4353 doxi
871 4302 1025 4354 habuerant.
1036 4304 1075 4356 ct.
1086 4304 1174 4358 Petav.
1186 4307 1213 4358 ln
1223 4306 1363 4361 Animadv.

799 4384 832 4437 ad
849 4384 1035 4452 Epiphanium.
