3074 5054
177 399 243 465 att
520 404 653 472 ACTUS
692 407 1027 486 APOSTOLORUM,

176 584 329 674 pularium
357 607 485 654 suorum
509 590 639 657 crimine
666 592 860 660 alienissimi.
888 594 1013 662 Scilicet
1041 615 1149 661 eorum
1175 595 1229 684 qni
1255 597 1361 661 lesum

176 710 353 798 sepulturae
368 710 561 779 tradiderunt
581 736 679 796 unus,
698 717 907 797 NicodemuS,
927 719 1071 807 inquam,
1091 729 1156 785 erat
1173 739 1211 784 ex
1228 739 1362 785 numero

175 855 329 924 αρχοντων
350 832 413 921 (vs.
432 835 485 914 27)
508 836 573 902 sive
598 840 772 927 principum
799 841 1003 922 ludaeorum,
1027 842 1103 908 alter
1126 861 1215 920 vero,
1245 839 1361 929 loseplr

174 957 213 1023 ab
227 955 433 1037 Arimathaea,
448 978 487 1024 ex
499 960 733 1048 Hierosolymae
749 963 859 1031 incolis
873 976 948 1032 erat.
964 965 1012 1032 ct.
1030 968 1115 1032 loan.
1131 965 1163 1031 lll
1179 986 1186 1027 :
1204 967 1218 1032 l
1236 988 1244 1044 ;
1260 965 1358 1032 XlX:

177 1085 239 1160 58,
259 1086 315 1151 59.

220 1207 404 1276 Soandalum
421 1212 524 1278 erucis
538 1214 568 1301 (l
586 1215 659 1281 Cor.
675 1216 748 1303 Cap.
766 1215 776 1281 l
792 1240 800 1280 ι
816 1218 885 1301 25),
905 1214 988 1304 quod
1004 1214 1161 1281 auditores
1177 1232 1254 1279 suos
1272 1232 1361 1279 aver-

179 1344 241 1399 tere
265 1347 408 1420 possete
431 1337 627 1426 suscipienda
651 1337 711 1404 fide
735 1339 930 1420 Christiana,
949 1339 1065 1405 Paulus
1089 1338 1130 1405 ita
1155 1336 1311 1416 removit,
1330 1348 1361 1403 ut

177 1454 254 1522 illud
269 1456 330 1522 una
346 1459 470 1525 verterit
487 1461 517 1525 in
535 1473 747 1548 argumentum
765 1464 804 1530 ad
821 1462 1028 1552 probandum,
1045 1464 1146 1528 lesum
1160 1463 1359 1528 Nazarenum

178 1599 245 1645 esse
272 1581 460 1668 promissum
488 1585 645 1651 Messium.
673 1588 776 1673 Pergit
799 1585 969 1675 Apostolus
994 1585 1200 1674 praedicando
1218 1586 1361 1652 lesuma

178 1705 308 1772 mortuis
324 1705 514 1786 redivivum3
534 1729 596 1796 qno
618 1711 768 1778 miraculo
785 1713 871 1778 Deus
888 1721 1015 1777 testatus
1032 1708 1145 1788 luerat,
1167 1709 1270 1775 lesum
1287 1729 1361 1775 vere

177 1849 247 1895 eum
271 1850 358 1910 esse,
377 1850 469 1918 quem
494 1852 528 1898 se
551 1853 619 1900 esse
635 1834 772 1916 dixerat,
792 1835 824 1902 id
847 1847 909 1913 est,
929 1836 1074 1902 Messium
1094 1833 1243 1900 lsra'e'litis
1258 1853 1275 1898 a
1292 1835 1362 1899 Deo

178 1955 379 2044 promissum.
399 1955 447 2022 Cl.
466 1957 547 2025 dicta
563 1960 602 2027 ad
618 1961 694 2050 Cap.
713 1961 722 2026 l
739 1982 747 2023 ε
767 1964 806 2042 8,
825 1973 855 2028 et
872 1961 904 2028 lll
924 1986 932 2026 ε
956 1964 1009 2027 ta.

223 2201 369 2268 50-5t.
395 2201 481 2266 Deus
506 2220 578 2264 uero
603 2203 764 2264 suscitavit
786 2222 857 2265 eum
874 2224 892 2264 u
908 2201 1045 2264 mortuis
1062 2200 1156 2262 tertia
1173 2199 1249 2274 did,
1270 2198 1362 2279 ela).

179 2327 280 2391 Deum
306 2325 358 2392 hic
382 2326 581 2413 intelligimus
605 2326 829 2392 sanctissimam
853 2326 1056 2400 Trinitatem,
1084 2321 1257 2389 secundnm
1287 2320 1366 2388 doe-

179 2449 289 2515 trinam
307 2470 400 2538 supra
416 2449 470 2540 (ad
487 2453 563 2539 Cap.
582 2451 614 2516 X
633 2471 641 2510 :
661 2450 719 2537 58)
737 2449 891 2516 traditam.
913 2450 978 2527 Oui
993 2453 1077 2514 uisus
1094 2458 1156 2530 ert,
1173 2455 1232 2512 ete.
1255 2446 1365 2512 lesum

178 2574 341 2640 amortuis
366 2575 572 2641 resurrexisse
595 2573 710 2639 Paulus
734 2573 862 2660 probat,
881 2572 1021 2639 adductis
1038 2571 1168 2637 testibus
1184 2567 1290 2635 adhuc
1307 2589 1363 2636 su-

179 2695 375 2782 perstitibus,
403 2698 455 2786 qui
473 2719 542 2764 enm
560 2698 730 2764 redivivum
748 2707 986 2784 conspexerant.
1007 2699 1079 2762 Post
1096 2693 1363 2760 resurrectionem

178 2839 284 2900 suam,
310 2820 428 2908 inquit,
458 2842 514 2909 per
538 2821 604 2888 dies
633 2821 834 2909 quadraginta
862 2821 954 2905 (Vide
983 2821 1064 2888 dicta
1094 2820 1132 2886 ad
1157 2820 1234 2906 Cap.
1263 2817 1365 2903 125)

180 2946 298 3034 pluries
314 2946 398 3012 risus
416 2946 472 3013 fuit
487 2947 525 3013 ab
542 2948 581 3013 iis
598 2948 690 3038 (opta
706 2971 766 3020 τοις
783 2967 840 3034 pro
860 2947 917 3009 ὑπο
933 2969 1004 3026 των,
1024 2957 1057 3012 ut
1073 2946 1149 3034 Cap.
1168 2943 1189 3008 ll
1210 2969 1217 3009 :
1237 2945 1286 3026 5),
1306 2944 1364 3031 qui

181 3068 283 3156 ipsum
299 3089 317 3134 a
333 3069 468 3137 Galilaea
492 3069 617 3156 (llatth.
637 3070 700 3136 XX
721 3094 728 3134 :
751 3071 808 3146 l7;
830 3071 929 3135 Mare.
948 3071 979 3134 X
996 3093 1002 3132 :
1019 3066 1073 3147 52)
1091 3064 1362 3152 lli'e'rosolymam,

180 3206 214 3260 ut
234 3205 420 3274 moreretur,
440 3193 687 3283 proficiscentem
709 3192 843 3259 comitati
872 3192 1010 3269 lucrant,
1034 3192 1150 3279 quique
1174 3188 1365 3278 (Apostolos

180 3317 332 3404 intelligit)
353 3319 436 3407 apud
458 3318 624 3408 populares
648 3328 769 3384 nostros
787 3317 871 3407 (προς
888 3339 938 3379 rou
956 3313 1054 3395 λαον),
1074 3317 1103 3381 in
1123 3313 1234 3380 ludaea
1251 3325 1282 3380 et
1299 3316 1364 3384 Ga-

180 3441 268 3507 lilaea
292 3439 475 3520 habitantes,
493 3441 592 3529 ipsius
615 3451 685 3506 suut
708 3459 888 3527 praecones.
908 3477 951 3485 -
969 3438 1174 3505 Praeconium
1192 3436 1258 3503 sive
1274 3439 1364 3505 testi·

183 3563 321 3630 monium
350 3584 497 3651 quasnam
528 3585 578 3630 res
605 3564 876 3652 complecteretur,
907 3581 1002 3650 supra
1029 3562 1105 3648 Cap.
1132 3561 1164 3625 X
1191 3585 1198 3625 :
1227 3561 1364 3627 att-tt

152 3722 158 3734 ·
181 3689 357 3756 summatim
384 3688 583 3756 describitur.
615 3727 658 3738 —-
685 3690 744 3751 Επι
774 3707 845 3754 oum
872 3685 1058 3753 Accusatiro
1086 3687 1123 3749 de
1146 3695 1305 3767 tempore,
1329 3695 1364 3749 ut

181 3812 261 3879 intra
277 3812 352 3900 Cap.
372 3811 448 3878 XlX
468 3836 474 3877 :
497 3815 556 3891 l0,
572 3815 690 3878 etLuo.
710 3812 750 3878 lV
771 3832 778 3872 :
798 3812 853 3878 nt.
873 3808 921 3886 Cf.
941 3811 998 3878 Gr.
1018 3829 1088 3897 pag.
1108 3811 1185 3876 tto.
1206 3803 1239 3892 β.

228 4037 374 4105 aa-tta
392 4038 435 4100 Et
452 4057 508 4101 uos
522 4038 606 4100 nobie
622 4037 869 4110 auuuutiumuS,
889 4031 976 4112 etc).
996 4033 1101 4098 Naxus
1119 4028 1267 4095 orationis
1284 4027 1359 4094 mihi

182 4159 303 4226 videtur
331 4178 399 4225 esse
424 4156 475 4223 liic
497 4158 581 4223 :lllr'
604 4158 635 4222 in
662 4154 772 4223 ludaea
802 4167 831 4221 et
855 4154 991 4222 Galilaea
1020 4150 1223 4241 popularibus
1247 4150 1360 4216 nostris

186 4305 381 4316 ...--.---

214 4379 233 4444 ¹)
251 4375 565 4439 Vnn.necr.lnvulgata
583 4374 625 4426 hic
641 4373 747 4425 additur
794 4372 886 4424 Codice
913 4371 1046 4434 leguntur.
1076 4370 1126 4422 Pro
1154 4369 1246 4420 Latino
1274 4367 1358 4433 aliquo

182 4461 261 4511 tertia
275 4461 334 4520 dier
346 4472 415 4527 quae
431 4457 511 4510 rerba
524 4457 550 4506 in
564 4456 636 4509 nullo
653 4454 749 4507 Graeco
797 4454 949 4519 glossemata
962 4453 1004 4504 illa
1017 4452 1108 4504 habeo.
