3074 5054
175 397 240 463 atr
519 362 654 457 Acrus
690 344 1023 469 Arosroconuu

217 586 365 668 apposnit
385 593 421 647 nt
443 583 694 665 apprehenderet
718 594 748 647 et
768 580 931 668 Petroni).
957 582 1076 648 Graece
1099 581 1257 670 rependero
1285 577 1361 660 aul-

174 703 297 792 λαβειι,
325 725 404 794 quae
426 704 573 792 loquendi
599 706 676 772 ratio
700 726 761 771 non
787 706 907 772 Graeca
932 705 986 772 sed
1011 703 1166 771 Hebraico
1188 713 1253 783 est,
1271 715 1307 769 ut
1329 704 1361 768 in

174 830 234 897 hoc
262 828 329 896 lobi
357 829 434 917 Cap.
461 830 541 896 XlX
566 851 574 891 :
603 833 618 897 l
642 851 649 892 ε
678 828 753 912 bitin
780 836 847 914 usis
875 833 941 904 :irs
970 832 1049 912 aaliz
1077 824 1223 895 Ceterum
1251 849 1363 895 sensus

174 964 221 1021 est
240 979 247 1020 :
267 953 385 1021 crimen
409 953 532 1020 crimini
556 953 691 1033 addens,
709 955 837 1020 Petrum
865 972 990 1039 quoque
1011 927 1101 1018 iussit
1123 951 1360 1049 comprehendi.

173 1075 266 1163 Quod
280 1075 403 1143 additur
422 1101 430 1142 :
451 1087 544 1141 erant
559 1087 669 1141 >autern
692 1077 759 1139 dies
783 1076 999 1159 Azpnrornnr,
1024 1095 1080 1162 pro
1104 1074 1285 1141 Parenthesi
1308 1073 1363 1141 ha·

175 1196 308 1264 bendum
327 1207 389 1277 est,
408 1209 441 1265 ut
458 1198 555 1265 series
572 1198 757 1264 narrationis
775 1201 817 1283 (o‘r
835 1222 885 1260 και
904 1202 1031 1281 aeaeae)
1050 1198 1252 1265 demonstrat.

222 1445 255 1510 b.
284 1444 384 1522 Qnern
401 1464 472 1508 anne
494 1445 750 1526 apprehendisset
765 1446 856 1509 ntisit
871 1447 905 1507 in
922 1444 1107 1529 carcerem).
1127 1445 1247 1512 Graece
1263 1448 1294 1506 a‘r
1312 1467 1363 1505 και

177 1588 291 1639 πιασας
307 1565 405 1643 ebera,
423 1588 514 1653 qnenr
531 1570 792 1648 cornprebensnnr
810 1569 905 1631 etiarn
922 1565 999 1654 (nat)
1013 1570 1120 1650 posnit
1137 1570 1362 1645 incarcerant,

176 1684 310 1776 eumque
337 1687 572 1755 custodiendum
602 1688 727 1755 tradidit
750 1701 888 1774 qnatnor
911 1692 1174 1774 quaternionibus
1195 1693 1361 1774 rnilitum,

178 1815 208 1882 id
233 1826 298 1896 est,
326 1814 476 1882 militibus
499 1836 555 1881 sex
576 1827 606 1882 et
626 1816 746 1883 decem.
765 1816 892 1883 Scilicet
915 1816 999 1904 apud
1024 1818 1201 1896 Romanos,
1227 1838 1362 1906 quorum

179 1958 300 2018 mores,
326 1948 432 2027 utpote
456 1940 572 2006 Romae
600 1937 765 2017 educatuS,
797 1939 937 2006 Herodes
965 1941 1104 2028 Agrippa
1133 1941 1362 2021 aemulabatur,

178 2065 318 2151 quaterni
336 2063 467 2144 militcS,
482 2075 516 2131 ut
527 2042 567 2129 ex
578 2064 709 2151 Vegetio
722 2063 784 2152 (De
800 2086 835 2129 re
851 2067 995 2131 militari
1012 2064 1074 2150 111)
1091 2078 1176 2132 notat
1192 2066 1365 2133 Fischerus

179 2185 316 2271 (Prolus.
349 2185 420 2269 18),
450 2185 515 2251 sive
543 2186 680 2273 equites,
711 2186 776 2252 sive
804 2186 943 2275 pediteS,
974 2187 1121 2254 excubias
1149 2187 1293 2255 noctibus
1320 2189 1364 2255 ita

177 2329 268 2396 agere
295 2307 452 2386 solebant,
477 2317 511 2374 ut
531 2309 646 2395 vigiliis
670 2310 701 2374 iu
727 2321 859 2398 quatuor
884 2320 987 2399 partes
1009 2311 1047 2378 ad
1072 2311 1269 2399 clepsydram
1299 2312 1365 2379 dis-

179 2432 320 2513 tributiS,
347 2433 459 2519 singuli
484 2433 579 2499 ternis
603 2432 690 2500 boris
714 2434 889 2521 vigilarent.
919 2434 1000 2520 Quia
1024 2435 1118 2521 igitur
1139 2434 1280 2501 Herodes
1304 2437 1365 2501 Pc-

180 2567 261 2624 trum
281 2557 430 2624 custodiri
455 2556 576 2624 volebat
598 2576 616 2622 a
640 2567 773 2645 quatuor
798 2557 968 2638 militibus,
992 2578 1125 2645 quorum
1151 2557 1213 2624 duo
1236 2578 1306 2625 eum
1331 2559 1364 2624 in

79 2665 84 2673 ⁵
179 2682 247 2768 ipso
276 2702 401 2748 carcere
429 2681 654 2761 observarent,
683 2682 808 2749 totidem
831 2693 900 2749 ante
922 2681 1005 2748 sores
1035 2681 1243 2760 excubarent,
1274 2681 1367 2747 laaile

180 2805 361 2893 intelligitur
385 2825 511 2873 necesse
535 2805 649 2883 luisse,
677 2816 710 2872 ut
735 2818 869 2895 quatuor
893 2805 1025 2871 militum
1044 2804 1263 2893 quaterniones
1279 2803 1366 2870 dele-

179 2940 336 3018 garentur,
356 2930 408 3019 qui
426 2929 585 2996 custodiae
601 2929 737 2996 hominis
755 2928 1012 3018 praeficerentur.

224 3057 330 3118 uolens
343 3063 416 3137 post
432 3055 555 3118 Pascha
576 3055 753 3136 producere
778 3074 850 3118 enne
869 3052 1016 3139 popolo).
1036 3053 1156 3119 Graece
1179 3074 1364 3142 anayapar,

180 3199 236 3270 pro
262 3199 323 3266 quo
352 3177 429 3244 inira
458 3182 515 3262 (vs.
544 3181 575 3269 6)
601 3178 708 3245 eodem
737 3198 831 3244 sensu
860 3188 907 3244 est
934 3200 1094 3267 npoayetr,
1121 3177 1234 3266 quibus
1260 3179 1367 3246 verbis

178 3302 367 3391 respondent
393 3301 548 3388 Belgica:
573 3302 767 3385 opbrenpen,
793 3301 1006 3384 voorbrenpen
1033 3322 1110 3365 ooor
1137 3304 1189 3364 bet
1212 3304 1283 3366 oolla
1306 3304 1367 3390 (τῳ

178 3423 269 3513 lap).
288 3426 403 3492 Sensus
420 3435 466 3491 est
485 3450 493 3490 ι
513 3424 645 3493 Volebat
669 3424 843 3512 producere
859 3444 929 3490 oum
950 3424 981 3489 iu
1005 3434 1205 3512 conspectum
1232 3425 1364 3513 populi,

176 3563 268 3640 atque
292 3552 334 3618 ita
363 3551 486 3640 publice
506 3571 576 3617 eum
601 3550 747 3617 damnare
769 3561 799 3616 et
823 3561 922 3617 morte
950 3550 1111 3616 mulctare.
1135 3551 1191 3629 Et,
1218 3571 1365 3639 compro·

179 3675 276 3743 bouso
299 3677 411 3752 Petro,
441 3675 544 3740 statim
570 3673 630 3740 boc
654 3673 778 3740 iecisset
802 3672 957 3760 Agrippa,
984 3672 1042 3738 nisi
1068 3671 1277 3752 obstitissent,
1309 3676 1364 3762 qui

179 3800 248 3887 ipso
277 3818 313 3865 eo
338 3809 477 3885 tempore
505 3797 685 3883 agebantur,
711 3799 778 3862 dies
807 3797 1027 3880 Azpnrornrn,
1056 3815 1111 3883 per
1142 3815 1220 3883 quos
1248 3794 1366 3863 iudicia

179 3922 321 4011 capitalia
348 3942 494 3989 exercere
522 3921 606 3987 nasas
636 3919 817 3987 habebatur.
857 3922 962 4006 ltaque
992 3921 1130 4008 Agrippa
1162 3919 1363 4000 decreverat,

180 4053 287 4112 exacto
313 4043 390 4112 lesto
415 4042 574 4122 Paschali,
602 4063 667 4109 rem
693 4042 854 4132 perficere..
882 4081 925 4090 —-
953 4044 1028 4108 Dies
1052 4045 1252 4127 Azpneornne
1277 4057 1369 4112 erant

181 4235 376 4245 —.-----

214 4335 234 4397 ¹)
253 4333 389 4397 Colligitur
398 4332 486 4384 boccx
496 4346 535 4382 va
546 4333 571 4394 6,
582 4332 625 4383 nbi
636 4331 746 4383 dicitur:
794 4331 894 4381 eatenis
906 4330 1022 4391 dnabtts,
1037 4329 1107 4394 quod
1120 4342 1172 4394 quo
1191 4328 1268 4379 modo
1282 4330 1365 4383 intel·

180 4417 313 4469 dormiens
336 4415 405 4467 inter
427 4416 493 4466 dnos
518 4414 622 4476 milites,
645 4415 749 4465 vittatus
794 4413 930 4479 ligandum
942 4415 1048 4478 sit,soo
1061 4415 1115 4465 loco
1127 4413 1284 4482 explicatur.
