3074 5054
496 376 634 445 onear
668 376 766 456 avr,
803 374 925 446 vans.
963 376 1108 443 so-st.
1230 331 1232 334 ’
1319 374 1379 441 tn

248 567 397 636 29-30·
424 568 585 653 Petitoqae
600 570 731 633 ,tamine
764 569 980 650 intrapressas
1014 577 1077 644 est,
1106 563 1198 652 eta).
1228 561 1384 631 Credibile

205 700 267 768 est,
293 689 521 770 camararium,
546 710 617 757 oum
640 689 680 758 ad
704 709 861 757 carcerem
885 699 1079 769 accurreret,
1106 707 1166 755 nou
1191 687 1258 755 sine
1278 686 1382 775 aliqua

205 814 346 881 ministro
362 824 416 880 aut
431 814 562 881 satellite
577 815 764 882 accurrisse.
786 815 877 880 Hunc
893 832 966 901 ergo
984 817 1130 880 lacernas
1146 812 1256 904 (pars)
1272 813 1384 879 afferre

206 936 341 1004 iusserit.
367 936 491 1023 Quibus
511 938 629 1020 alletia,
656 938 836 1005 festinanter
863 937 1002 1004 introivit
1025 933 1231 1024 (εισεπηδησε)
1254 937 1285 1003 in
1308 936 1384 1003 inte·

208 1058 321 1126 riarem
345 1079 515 1127 carcerem.
542 1062 685 1150 Cumque
707 1061 852 1141 vidisset,
871 1080 937 1128 rem
955 1058 1069 1126 babere
1094 1060 1175 1127 sicut
1198 1059 1313 1126 Paulus
1338 1059 1382 1125 illi

206 1182 341 1266 dixerat,
369 1186 430 1257 iam
455 1185 545 1253 facile
569 1186 682 1262 sensit,
707 1204 742 1252 ea
767 1196 953 1273 quaegesta
978 1183 1030 1252 bic
1053 1196 1159 1264 eraut,
1182 1194 1267 1272 gesta
1288 1183 1383 1251 luisse

207 1309 232 1375 ri
256 1309 391 1398 quadam
415 1308 549 1376 bumana
574 1309 743 1398 superiori.
762 1310 867 1394 Quare
891 1328 981 1376 sacra
1006 1309 1140 1398 quodam
1163 1308 1295 1377 horrore
1316 1330 1384 1397 per·

206 1431 312 1501 culeus
325 1452 364 1502 ao
380 1437 585 1518 tremefactus
602 1436 755 1521 (εντρομος
779 1430 961 1521 peropacae),
980 1431 1114 1521 precidit
1129 1431 1168 1499 ad
1185 1431 1280 1520 pedes
1295 1431 1382 1498 Pauli

206 1567 233 1623 at
247 1557 349 1638 Silae,
372 1560 557 1644 adactosque
572 1557 771 1647 (apaayayor
795 1555 887 1637 Aur.)
902 1577 920 1623 e
936 1575 1062 1623 carcere
1085 1557 1126 1625 ita
1142 1555 1294 1623 allocutus
1311 1565 1380 1620 est:

201 1676 348 1758 Domini,
374 1678 450 1767 quid
467 1677 543 1745 mibi
567 1676 823 1759 faciendumst,
844 1690 878 1745 ut
902 1679 1031 1746 salutem
1047 1678 1244 1766 consequar?
1257 1677 1381 1744 -Non

198 1814 345 1890 potuerat
361 1822 422 1870 nou
439 1802 478 1870 ad
494 1822 586 1876 aures
610 1801 776 1868 carcerarii
802 1802 997 1890 pervenisse,
1016 1803 1147 1869 Paulum
1164 1812 1194 1868 et
1209 1801 1304 1869 Silam
1321 1821 1382 1867 uau

193 1926 261 1992 alia
287 1924 326 1994 de
350 1945 443 1997 causa
468 1926 498 1992 iu
527 1943 684 1992 carcerem
712 1924 810 1991 fnisse
834 1924 1009 2002 coniectos,
1040 1944 1132 2012 quam
1161 1923 1246 2012 quod
1272 1943 1381 1990 novam

187 2050 369 2140 quamdam
394 2050 574 2138 religionem
599 2050 849 2128 introducereuta
872 2060 902 2116 ct
928 2048 1018 2116 facilc
1043 2068 1169 2137 quoque
1197 2046 1382 2114 inaudirerit

183 2175 239 2243 dc
254 2175 354 2243 salute
370 2175 502 2265 quadam
527 2186 670 2256 aeterua,
697 2194 789 2265 quam
811 2173 990 2261 religionem
1016 2174 1100 2240 illam
1125 2172 1382 2260 amplectentibus

181 2300 342 2389 Apostoli
358 2300 582 2387 promitterent.
600 2303 708 2389 ltaque
725 2321 821 2388 quum
839 2310 908 2389 post
924 2319 959 2366 ca
976 2299 1078 2365 omnia
1096 2318 1175 2388 quae
1191 2298 1381 2376 acciderant,

174 2422 368 2488 auxiliante
390 2422 433 2488 illi
457 2421 561 2488 diviua
581 2424 697 2510 gratia,
722 2442 906 2511 persuasum
928 2421 1055 2489 haberet
1076 2422 1207 2489 Paulum
1237 2433 1266 2488 et
1287 2422 1380 2490 Silam

176 2545 286 2612 viros
315 2550 392 2612 esse*
409 2545 640 2625 sanctissimos,
665 2558 788 2614 attera
811 2567 880 2614 esse
904 2567 983 2636 quae
1005 2546 1237 2636 praedicarent,
1262 2545 1302 2612 da
1326 2566 1381 2613 sua

179 2667 300 2735 salute
325 2666 418 2736 hama
440 2671 591 2738 sollicitus
607 2671 645 2739 ab
662 2672 773 2741 iisdem
798 2673 963 2762 quaesivit,
990 2673 1065 2762 quid
1081 2693 1116 2739 se
1132 2672 1233 2739 lacere
1258 2684 1381 2761 aparte-

186 2799 249 2856 ret
263 2790 303 2857 ad
319 2791 449 2858 salutem
466 2793 728 2882 consequendam.

247 3037 303 3101 51.
330 3040 376 3102 At
398 3038 448 3102 itti
469 3040 642 3104 dicerunt:
662 3040 764 3105 Crede
789 3044 824 3105 in
850 3043 1023 3106 Dominam
1042 3044 1169 3127 lerant,
1189 3047 1277 3129 ete).
1298 3042 1330 3110 ln.
1349 3064 1379 3111 e.

204 3156 326 3224 Christi
339 3162 524 3244 relipionem
543 3165 741 3247 ortsplectere,
761 3164 808 3231 vel
823 3168 876 3250 [aa
894 3175 922 3230 te
940 3165 1176 3232 Christianam.
1196 3168 1263 3234 llac
1280 3168 1380 3234 latitu-

200 3280 274 3350 dine
296 3284 530 3371 siguifiaatiauis
555 3285 672 3355 isthaec
694 3288 840 3378 loquendi
863 3290 940 3357 ratio
966 3291 1079 3379 passim
1108 3293 1265 3370 accurrit,
1290 3314 1321 3359 v.
1346 3316 1377 3381 g.

205 3409 272 3476 Act.
303 3411 380 3498 Cap.
412 3411 458 3476 Xl
483 3436 491 3476 τ
520 3414 580 3491 17,
603 3415 664 3493 at;
688 3414 799 3480 XVlll
819 3438 827 3480 ε
847 3416 880 3482 8.
907 3416 987 3502 Erga
1011 3414 1088 3484 fides
1111 3417 1292 3505 intelligitur
1313 3421 1382 3485 aba·

206 3533 310 3616 diens,
335 3533 421 3612 talis,
445 3534 589 3622 iuquam,
617 3557 696 3625 quae
719 3548 749 3602 et
771 3537 871 3604 credit
893 3557 973 3626 quac
995 3539 1082 3605 lesus
1109 3537 1233 3620 docuit,
1253 3551 1283 3607 et
1311 3540 1383 3608 lacit

206 3673 282 3740 quae
306 3652 389 3722 idem
411 3655 549 3724 iacienda
566 3659 735 3747 praecepit.
754 3658 847 3745 Quod
869 3670 900 3727 et
924 3661 1022 3728 series
1039 3662 1224 3730 narrationis
1243 3661 1294 3730 bic
1310 3685 1382 3753 per-

205 3778 312 3862 spicue
328 3778 430 3847 docet.
449 3783 527 3847 Nam
553 3782 653 3870 pergit
675 3783 775 3851 Lucas
794 3809 802 3851 ε
821 3785 919 3849 locati
939 3796 1013 3871 susat
1036 3789 1066 3850 ei
1077 3835 1085 3866 ,
1109 3786 1228 3874 inquit,
1253 3789 1382 3854 verbam

208 3901 338 3968 bamini
352 3902 418 3989 (roa
436 3900 523 3993 loyor
547 3928 601 3967 του
624 3907 769 3995 Κυριου);
789 3927 850 3996 qua
867 3927 1010 3975 sermone
1036 3909 1174 3996 prolecto
1191 3910 1380 3999 adimplete-

205 4025 263 4092 riut
285 4026 427 4116 Apostoli
451 4025 510 4097 hoa
538 4029 653 4098 Christi
683 4031 859 4099 mandatum
887 4032 1014 4122 (Mattb.
1039 4035 1148 4102 XVlll
1175 4062 1182 4103 ε
1211 4038 1271 4117 19,
1290 4036 1377 4122 10);

207 4151 316 4217 Docere
331 4172 440 4218 amaea
459 4165 582 4238 pentes,
602 4156 796 4240 baptizantes
813 4179 877 4240 eas,
899 4161 1043 4224 docentes
1059 4181 1110 4225 eas
1128 4181 1256 4226 sanusne
1271 4166 1381 4229 omnia

205 4295 414 4361 qaaecumque
434 4281 586 4344 mandam
600 4281 693 4346 vobis.
