3074 5054
174 381 239 446 tto
526 378 660 453 ACTUS
689 381 1025 469 APOSTOLORUM,

171 570 303 654 perabat
315 572 411 654 ertitrt,
428 570 542 659 inquit,
557 581 605 654 ut,
619 574 649 637 st‘
660 574 736 656 fieri
746 584 862 658 posset,
876 577 932 641 die
944 576 1008 659 (την
1020 578 1147 669 ἡμεραν)
1160 580 1357 648 Pentecostes

173 697 416 780 Hibt’osotymne
432 702 484 784 (εις
503 693 712 785 Ἱεροσολυμα)
728 708 817 764 esset.

218 822 277 894 Την
293 820 422 910 ἡμεραν,
438 821 654 899 Accusatiuus,
670 821 708 889 ad
722 823 936 911 quaestionem
951 843 958 887 :
975 827 1114 910 qsncndo,
1129 846 1186 915 pro
1204 846 1267 916 quo
1283 825 1358 894 aiibi

174 944 382 1026 cstDativus,
396 954 447 1012 aut
472 947 583 1034 Praep.
603 969 632 1009 er
651 966 722 1013 curn
739 947 864 1015 Dativo.
886 948 1003 1016 Similis
1024 950 1229 1018 Accusatiuus
1245 949 1360 1038 iegitur

174 1088 299 1157 quoque
315 1087 427 1157 supra,
448 1068 525 1157 Cap.
544 1070 605 1138 vu
625 1090 633 1133 τ
653 1071 713 1151 db,
732 1080 764 1137 et
783 1071 804 1137 E
831 1069 913 1138 Petri
930 1071 1007 1161 Cap.
1028 1073 1056 1138 il
1077 1096 1085 1139 ε
1104 1075 1138 1140 8.
1156 1111 1201 1121 —
1217 1074 1267 1139 De
1283 1093 1360 1140 voce

175 1194 364 1267 Πεντεκοστη
385 1193 455 1261 vide
479 1194 517 1261 ad
541 1195 618 1283 Cap.
639 1195 696 1262 ii:
722 1197 817 1263 1.-
840 1195 988 1264 Occurrit
1011 1197 1064 1265 hic
1085 1198 1198 1267 iterum
1215 1199 1358 1268 Verbum

174 1321 288 1404 quietis
304 1323 376 1386 curn
393 1318 628 1410 Praepositione
644 1343 684 1394 εις
701 1331 844 1410 utsupra
861 1341 908 1387 us.
929 1322 983 1389 tt.

183 1490 184 1494 η
221 1443 269 1509 Ex
285 1443 434 1511 sententia
450 1443 485 1511 S.
501 1443 625 1512 loannis
641 1443 871 1531 chrysostomi,
889 1444 1005 1511 Paulus
1022 1443 1092 1512 ideo
1105 1443 1359 1532 Hierosolymam

176 1565 378 1654 properabat,
399 1577 433 1634 ut
450 1565 572 1634 iudaeis
589 1565 628 1634 ad
647 1568 758 1635 festum
780 1571 977 1635 Pentecostes
994 1566 1246 1654 Hierosolymam
1265 1567 1359 1635 undi-

177 1711 237 1779 que
261 1690 507 1771 confluentibuS,
521 1692 680 1761 Christum
704 1704 809 1783 posset
831 1692 1042 1760 annuntiare.
1071 1691 1135 1757 Etsi
1161 1711 1234 1758 vero
1256 1692 1360 1780 Apos-

177 1815 257 1881 tolus
279 1814 319 1882 ob
341 1835 408 1883 earn
434 1836 557 1884 causant
580 1817 738 1905 Ephesum
756 1817 1093 1908 praeternavigaverat,
1111 1825 1243 1883 attamen
1261 1816 1361 1883 voluit

176 1937 353 2028 Ephesinae
369 1939 518 2007 ecciesiae
542 1941 735 2031 presbyterio
759 1939 949 2020 valedicere,
974 1951 1008 2009 ut
1030 1940 1178 2030 deinceps
1201 1950 1358 2008 narratur.

225 2186 368 2252 tr-rt.
395 2186 422 2251 Α
452 2188 566 2252 Mileto
595 2197 699 2252 autent
727 2188 857 2254 mittens
886 2189 1068 2271 Ephesum,
1097 2191 1187 2275 etc).
1217 2186 1360 2255 Miletum

177 2329 248 2376 curn
270 2309 405 2376 venisset
424 2310 555 2390 Paulae,
582 2310 677 2377 nnisso
702 2309 774 2376 inde
802 2310 961 2399 Ephesum
986 2311 1100 2378 nuncio
1125 2309 1264 2400 (πεμψας
1287 2311 1358 2378 scii.

176 2430 330 2522 apyebotfl,
348 2435 391 2499 od
408 2455 440 2498 se
463 2432 827 2521 vocavit(pereectbecotro
843 2435 920 2501 Aur.
948 2434 1047 2517 Med.)
1060 2437 1259 2519 presbyteros
1278 2437 1361 2523 (reug

176 2552 409 2647 πρεσβυτερους)
428 2559 606 2640 Ephesitttte
622 2561 769 2625 ecclesiae
786 2557 852 2647 (της
872 2555 1068 2646 retinerer).
1088 2560 1193 2644 Quum
1211 2578 1287 2625 vero
1303 2563 1360 2624 ed·

176 2682 334 2746 uenissent
350 2680 560 2773 (uepeperorrc
580 2685 656 2750 Aor.
677 2684 698 2750 2
716 2682 819 2770 Med.)
835 2682 874 2750 ad
890 2702 961 2749 eum
983 2692 1013 2748 et
1029 2681 1121 2748 sintui
1141 2692 1263 2762 essent,
1282 2680 1360 2750 haec

176 2801 216 2869 ad
239 2802 310 2868 ilios
334 2801 426 2869 verba
451 2802 522 2871 iecit
541 2831 549 2872 ε
570 2805 637 2874 Vos
661 2801 778 2883 scitis,
801 2824 934 2902 quonam
959 2803 1050 2872 inodo
1068 2823 1085 2870 u
1104 2803 1205 2893 prima
1229 2803 1281 2870 die
1299 2825 1359 2894 qua

177 2964 337 2977 ——u-

204 3080 224 3146 ε)
251 3059 301 3131 Τις
328 3055 346 3130 ἡ
371 3049 476 3126 επειξις
503 3047 598 3127 orbum
625 3074 660 3114 oo
690 3048 743 3115 drot
790 3067 900 3129 tuteris,
913 3066 958 3132 qui
969 3071 1047 3117 erent
1059 3066 1093 3117 ab
1102 3063 1221 3131 Epheso,
1236 3070 1259 3117 et
1271 3081 1290 3117 c
1302 3065 1361 3124 rett-

177 3262 268 3304 εσπευ
291 3260 369 3301 erar
387 3232 474 3324 boyer
490 3234 624 3296 καθειναι
642 3283 650 3313 ,
670 3246 695 3297 h.
719 3261 742 3298 c.

179 3360 191 3384 a
207 3339 280 3400 Quae
299 3335 364 3389 boec
384 3331 539 3399 festinatio?
561 3344 616 3382 non
633 3336 745 3395 propter

176 3423 287 3485 festum,
310 3419 355 3470 sed
373 3420 485 3481 propter
503 3411 742 3474 multitudinem...

177 3501 320 3569 festinabat
332 3500 438 3551 uerbum
449 3500 620 3550 annuntiare.
632 3517 644 3543 u

192 3579 231 3647 '¹)
248 3582 286 3633 Dc
307 3579 437 3631 locutione
469 3578 586 3645 Eltiptica
617 3588 745 3653 uepuenr

178 3684 226 3740 pro
245 3670 323 3738 plena
342 3677 470 3742 reperent
483 3652 609 3745 opyebor
626 3669 668 3720 vet
690 3681 746 3746 ay·

177 3744 300 3838 γελους,
318 3761 378 3813 vido
396 3760 486 3812 Lemb.
503 3762 551 3812 Bos
567 3761 696 3827 Ettipres,
712 3776 744 3814 ex
763 3827 765 3832 Ι

177 3846 240 3899 cdit.
258 3843 404 3906 Schacieri,
418 3858 445 3910 p.
460 3845 490 3894 te
506 3858 545 3910 sq.
559 3845 639 3896 Plena
650 3845 745 3897 locutio

177 3928 290 3982 occurrit
301 3926 370 3992 apud
385 3925 541 3978 Herodotum
555 3925 621 3992 (Lib.
640 3928 665 3989 t,
680 3927 744 3993 Cep.

178 4009 235 4076 tut)
252 3993 433 4083 ιΑστυαγης
453 3990 527 4061 de...
546 3993 669 4082 πεμψας
692 4019 745 4085 ety-

178 4081 263 4175 pebor
280 4081 381 4148 εκαλεε
399 4109 502 4151 αυτον.

210 4181 230 4248 ³)
248 4181 275 4234 S.
296 4182 419 4233 irenaeus
440 4181 539 4247 (contra
558 4182 661 4234 Haeres.
686 4183 743 4235 Lib.

178 4265 229 4328 ur,
246 4263 308 4332 Cep.
332 4265 400 4316 xlv.
418 4263 515 4316 Graeca
533 4263 581 4315 hac
598 4267 672 4330 parto
692 4280 744 4318 non

176 3170 228 3223 την
242 3145 360 3302 ecgfet,
378 3140 460 3207 αλλα
473 3138 525 3205 drot
541 3166 574 3205 το
588 3141 740 3217 πληΘος...
790 3151 848 3214 quis
858 3148 992 3214 proximis
1004 3149 1164 3210 civitatibus,
1178 3151 1228 3200 etc.
1243 3148 1362 3201 Senserit

790 3249 852 3298 ergo
874 3233 903 3287 s:
915 3236 1047 3296 Irenaeus,
1068 3236 1223 3286 convocatos
1244 3248 1258 3286 a
1280 3234 1361 3286 Pauto

792 3316 870 3369 tuisse
882 3321 935 3369 tam
945 3318 1028 3382 priori
1043 3330 1122 3382 quam
1136 3317 1244 3368 secundi
1261 3317 1362 3369 ordinis

791 3403 946 3466 sacerdotes,
959 3406 986 3454 et
1003 3401 1082 3452 tuisse
1095 3404 1249 3454 convocatos
1261 3414 1315 3452 nou
1328 3401 1361 3453 ab

791 3484 893 3550 Epheso
918 3487 1019 3535 tantum
1043 3482 1088 3534 sed
1116 3484 1230 3534 etiamn
1253 3482 1362 3549 reliquis

792 3567 917 3632 proximis
934 3565 1091 3618 civitatibus.
1107 3563 1159 3616 Sed
1179 3563 1244 3615 haec
1260 3564 1361 3616 trennei

791 3652 921 3703 sententia
938 3665 990 3702 non
1008 3649 1107 3717 piacct3
1128 3653 1184 3702 tum
1200 3648 1264 3715 quia
1280 3650 1362 3701 Lucas

792 3733 952 3785 mentionem
960 3746 1012 3784 non
1021 3731 1138 3784 tacitnisi
1146 3730 1363 3783 desecerdotibus

792 3820 871 3870 utrius
882 3817 981 3870 ordinis
993 3817 1060 3869 etab
1069 3830 1127 3868 unu
1140 3816 1247 3867 civitate
1260 3815 1362 3882 Epheso

791 3900 956 3961 convocatis,
976 3902 1033 3950 tum
1052 3899 1130 3950 ctiam
1142 3897 1205 3963 quia
1219 3897 1292 3950 solus
1306 3898 1363 3950 lre-

792 3999 874 4039 naeus
892 3984 941 4038 hcc
957 3985 1054 4046 sensit,
1068 3988 1111 4047 et,
1132 3984 1169 4035 uti
1183 3996 1244 4035 mox
1257 3985 1306 4050 (vs.
1321 3983 1361 4050 28)

792 4067 899 4136 patebit,
909 4065 986 4120 tacitb
998 4067 1036 4117 itii
1050 4066 1232 4118 contradicunt
1241 4065 1361 4131 Antiqui,

792 4151 838 4218 qui
856 4150 943 4202 dedita
962 4163 1040 4217 opera
1054 4147 1145 4202 dehoc
1161 4149 1286 4200 Actorum
1307 4147 1362 4200 loco

793 4236 981 4286 tractaverunt.

177 4348 289 4414 emplius
316 4347 468 4414 supersunt)
497 4333 582 4400 obitc‘r
610 4349 696 4408 dicit:
716 4351 747 4402 ln
826 4350 846 4417 ¹]
864 4347 1362 4404 invaledictoriahecorationei‘aulus

176 4431 283 4494 Mileto,
299 4432 450 4483 conuocatis
467 4431 607 4496 Episcopis
624 4437 648 4484 rt
665 4432 747 4484 Pres-
794 4433 876 4486 multa
896 4434 1013 4500 loquitur
1033 4433 1065 4485 do
1084 4445 1128 4495 se,
1151 4431 1214 4498 quia
1235 4430 1360 4483 nimirum
