3074 5054
496 372 633 442 CAPUT
669 373 718 451 V,
755 370 877 440 Vnus,
915 373 1062 440 ae-nt.
1309 371 1372 437 157

199 572 303 637 Petrus
320 586 393 635 mox
409 574 643 636 commemorat.
659 562 827 652 Emphasis
843 573 890 630 est
905 562 936 630 iu
954 562 1008 630 illo
1030 563 1115 649 ὑμεις
1133 587 1142 629 r
1157 584 1249 649 quem
1264 582 1319 629 vos
1337 566 1373 627 in

198 718 284 764 eruce
312 716 501 779 suspensum
527 695 679 759 violenter
707 692 910 768 trucidastis,
938 693 1022 756 bunc
1047 690 1132 756 Deus
1158 709 1177 757 a
1204 700 1303 757 morte
1331 692 1373 755 nd

198 827 291 890 uitam
310 824 479 888 revocarit.
498 817 640 888 Verbum
664 816 801 885 Medium
824 811 1074 907 διαχειρισασθαι
1089 838 1157 880 τινα
1172 814 1204 882 11
1220 835 1279 883 usu
1294 813 1375 882 valet

200 947 373 1031 interficere
390 946 539 1029 aliquem.
556 943 618 1005 Επι
635 937 743 1018 irritor,
761 961 826 1006 oon
841 960 898 1003 een
913 941 1001 1004 bout.

241 1185 295 1251 51.
320 1183 414 1248 Hunc
428 1184 623 1266 principem,
642 1176 733 1267 etc).
762 1179 797 1244 ln
821 1178 942 1247 Graeco
959 1176 1081 1243 aliaest
1103 1174 1270 1244 verborum
1294 1175 1373 1263 Syn-

199 1308 294 1387 taxis;
319 1325 390 1373 nam
414 1305 496 1373 inter
518 1303 722 1371 Accusativos
745 1324 850 1366 τουτον
867 1311 897 1368 11
914 1324 1046 1391 apparunt
1071 1326 1123 1364 nur
1140 1301 1374 1390 1111ραί1111-

199 1433 321 1522 ponitur
333 1436 348 1495 ὁ
362 1427 450 1504 (deor.
472 1428 599 1497 Scilicet
610 1449 715 1490 τουτον
732 1436 778 1492 est
795 1423 847 1491 bic
862 1425 1067 1492 Accusativus
1079 1424 1227 1503 Subtriti,
1242 1439 1375 1512 αρχηγον

177 1575 267 1621 ·vero
291 1565 322 1621 11
346 1561 563 1644 scruposum
589 1549 767 1618 Accusativi
791 1550 990 1616 Praedicoti.
1018 1549 1087 1616 Vox
1116 1570 1247 1640 αρχηγος
1273 1556 1375 1613 autem

197 1696 290 1764 quum
312 1674 386 1743 alibi
410 1675 479 1742 sine
501 1693 576 1741 casu
599 1693 660 1740 uon
682 1682 826 1740 occurrat
849 1670 902 1753 (11.
928 1674 999 1739 Act.
1025 1672 1070 1738 lll
1088 1694 1095 1736 :
1116 1673 1176 1751 ta,
1203 1672 1302 1738 Hebr.
1319 1671 1371 1737 ll:

198 1799 371 1879 103Xtt:
396 1800 442 1884 1),
472 1797 654 1866 Hendiaden
682 1796 908 1884 agnoscendam
939 1816 1007 1863 esse
1030 1805 1134 1885 putem
1163 1795 1194 1860 iu
1219 1793 1375 1861 locutione

197 1945 327 2014 αρχηγον
343 1947 394 1985 και
411 1944 549 2011 σωτηρα,
568 1931 603 1988 ut
619 1921 679 1988 lton
695 1920 813 1988 dicium
835 1922 876 1987 sit
899 1941 956 2010 pro
980 1943 1113 2010 αρχηγον
1136 1943 1188 1994 της
1204 1941 1373 2010 &temptam

195 2059 356 2114 auctorem
371 2051 501 2128 solutis,
528 2068 590 2137 quo
616 2047 742 2114 nomine
764 2048 869 2114 lesum
890 2059 979 2114 vocat
1002 2046 1170 2136 Apostolus
1193 2046 1223 2112 in
1248 2046 1309 2135 Ep.
1335 2044 1374 2112 ad

194 2172 292 2239 llebr.
317 2171 395 2259 Cap.
414 2171 469 2237 ll:
488 2165 788 2259 10.Τῃδεξ1ᾳ1111.
815 2191 893 2258 χειρι
917 2181 965 2237 est
990 2170 1120 2237 Dativus
1143 2172 1371 2237 Instrumenti.

193 2294 274 2363 Vide
297 2314 394 2384 supra
417 2293 456 2361 ad
479 2296 557 2383 Cap.
576 2295 606 2360 ll
622 2313 630 2356 τ
650 2297 705 2363 55.
724 2296 836 2358 Δουναι
854 2305 901 2360 est
924 2293 1098 2361 infinitivus
1113 2299 1230 2380 coopit3
1249 2308 1373 2361 vertas:

196 2428 232 2483 nt
247 2420 353 2498 daret,
371 2416 441 2485 scil.
468 2418 574 2498 Deus,
594 2418 647 2506 qui
672 2419 776 2485 lesum
797 2417 928 2505 ὑψωσεν.
947 2418 995 2485 Cl.
1021 2418 1101 2485 infra
1125 2421 1201 2508 Cap.
1226 2420 1297 2487 Xl:
1318 2420 1372 2486 18.

194 2545 277 2631 Ergo
293 2563 405 2610 sensus
428 2542 596 2610 verborum
621 2541 673 2609 hio
697 2542 760 2608 sit:
781 2544 873 2609 Hunc
890 2544 993 2610 lesum
1017 2543 1105 2610 Deus
1125 2543 1156 2609 in
1178 2542 1286 2610 salutis
1302 2562 1375 2609 auc·

192 2679 292 2733 torem
309 2666 355 2751 (h.
374 2686 404 2733 1.
432 2678 466 2734 11
490 2668 577 2733 lesus
600 2666 641 2733 sit
663 2665 949 2754 obtemperantibus
973 2667 1032 2734 sibi
1055 2679 1162 2735 auctor
1183 2667 1302 2734 salutis.
1321 2665 1370 2732 Cf.

192 2791 254 2880 Ep.
280 2789 319 2857 ad
342 2789 441 2857 Hebr.
465 2791 542 2879 Cap.
557 2792 588 2860 V
604 2816 611 2858 :
626 2792 661 2876 9)
685 2811 741 2859 sua
765 2793 901 2880 potentia
925 2793 955 2858 in
980 2793 1100 2860 coelum
1126 2792 1242 2870 evexit,
1260 2803 1294 2859 11
1318 2812 1374 2880 per

190 2935 263 2982 eum
287 2923 357 3003 (per
378 2918 445 2980 eins
465 2916 596 3004 merita)
616 2915 703 2983 daret
724 2916 872 2984 Israelitis
902 2917 1138 3006 poenitentiam,
1164 2928 1194 2983 et
1217 2918 1375 3006 poeniten-

191 3036 277 3105 tibus
290 3038 507 3105 remissionem
524 3049 735 3128 peccatorum.
750 3079 795 3089 -
807 3041 876 3107 Nou
895 3040 1042 3107 israelitis
1058 3041 1147 3121 solis,
1161 3046 1216 3108 red
1230 3045 1374 3109 nnrrribus

188 3164 481 3247 obtemperantibus
497 3166 574 3242 sibi,
593 3176 627 3231 ut
650 3163 741 3232 docet
763 3164 933 3253 Apostolus
950 3167 1022 3255 (Ep.
1048 3165 1087 3233 ad
1107 3166 1201 3234 llebr.
1224 3167 1300 3256 Cap.
1318 3169 1371 3239 V:

189 3307 241 3354 vs.
269 3285 318 3374 9),
346 3287 492 3354 Gloriatur
512 3292 615 3374 foetus
636 3300 681 3355 est
704 3311 797 3356 ceusu
821 3292 933 3356 solariis
956 3301 1124 3374 oeternoe;
1145 3302 1175 3358 et
1198 3311 1272 3358 vero
1296 3292 1374 3358 inira

189 3409 285 3497 (Cap.
306 3409 352 3474 Xl
373 3433 381 3474 :
401 3410 454 3496 l8)
479 3408 667 3490 videbimuS,
686 3413 783 3477 etium
806 3412 985 3479 Gentilibus
1002 3415 1106 3478 Deum
1121 3415 1243 3480 dedisse
1266 3418 1375 3497 poeni-

193 3533 326 3597 tentium
342 3533 384 3597 ad
399 3535 515 3613 uitem,-
540 3532 596 3600 sed
619 3553 658 3599 ex
682 3533 826 3623 prudenti
851 3536 983 3623 quadam
1008 3536 1187 3604 oeconomia
1211 3538 1322 3604 Petrus
1337 3536 1375 3604 dc

192 3654 374 3723 Gentilibus
398 3654 451 3723 hic
474 3657 617 3724 tacuerit.

249 3779 416 3860 «Patrue,
446 3779 530 3869 quod
558 3779 610 3847 bic
637 3791 721 3848 notat
748 3784 843 3850 Corn.
876 3804 894 3850 a
922 3784 1060 3874 Lepide,
1090 3806 1164 3875 prae
1191 3785 1260 3855 aliis
1287 3786 1377 3854 donis

193 3899 312 3969 Christi
330 3913 360 3969 et
383 3903 633 3985 Christianismi,
652 3906 799 3994 proponit
822 3906 978 3975 iudicibus
996 3909 1210 3977 remissionem
1235 3922 1378 4000 peccato·

200 4064 371 4074 ——..

231 4146 250 4213 ¹)
267 4147 294 4200 S.
302 4149 394 4215 Chrys.
405 4150 489 4213 (Hom.
504 4152 564 4204 Xlll
576 4153 602 4204 in
613 4153 671 4205 det.
684 4153 761 4220 Api:
809 4156 837 4209 b.
848 4171 871 4209 e.
884 4176 896 4203 «
908 4156 959 4211 Ubi
971 4158 1079 4210 dixisset
1099 4158 1210 4226 (Petrus)
1231 4161 1374 4225 enullavit,

197 4223 299 4286 Ειπων
325 4221 374 4303 de,
401 4231 446 4290 ὁτι
472 4227 589 4315 iduor,
612 4226 687 4319 λεγει
711 4255 763 4293 και
809 4248 910 4301 addidit
929 4251 1007 4301 etiam
1028 4263 1080 4316 qua
1100 4250 1133 4302 de
1146 4264 1222 4303 causa
1237 4269 1242 4304 :
1256 4254 1374 4303 oddon-

198 4335 246 4375 επι
258 4337 328 4378 τινι·
349 4340 397 4381 erra
409 4342 452 4403 τῳ
470 4314 574 4383 δουναι
600 4344 762 4407 peraretur
809 4345 872 4395 dnm
888 4346 1078 4411 poenitentiam
1096 4346 1193 4398 larotii
1204 4353 1227 4400 11
1237 4349 1373 4400 remissio-

199 4405 760 4502 tulupam-aunuumupapam...
809 4445 1054 4505 impacatorum.
