3074 5054
463 380 600 447 CAPUT
635 382 733 460 XXi,
772 380 893 449 VERS.
931 383 1076 452 nit-no.
1299 384 1363 451 509

181 569 374 658 signiticaret
395 593 446 651 se,
466 591 653 662 quamquam
675 570 771 638 Paula
797 571 849 638 illa
874 571 975 638 iacere
997 571 1161 652 suadebat,
1180 583 1281 638 tamen
1298 570 1366 637 nnl-

180 694 303 761 latenus
321 696 466 763 recedere
483 696 562 763 velie
578 696 617 764 ab
630 716 685 777 eo,
703 695 785 785 quod
802 695 885 762 circa
903 696 1016 763 rituum
1033 696 1243 763 Mosaicorum
1260 694 1364 762 obser·

179 819 336 887 rationem
361 819 520 888 decretum
545 819 644 888 iuerat
667 822 698 887 in
715 820 855 888 Concilio
879 830 997 908 sepiem
1016 818 1131 887 abhinc
1146 819 1234 886 annis
1252 818 1363 885 Hiiiro-

179 941 321 1028 solynme
338 942 455 1010 habito.
475 943 523 1009 Cf.
543 942 623 1009 dicta
641 941 680 1009 ad
696 943 772 1031 Cap'.
791 942 854 1009 XV
875 944 955 1011 :no

228 1063 430 1156 Ξυρησωνται
453 1074 482 1158 (a
498 1064 598 1158 ξυραω
622 1071 750 1145 tondeo,
776 1064 869 1151 rudo)
893 1068 971 1133 Αοι.
990 1065 1074 1134 Med.
1103 1067 1134 1132 in
1158 1065 1361 1133 Coniunctivo

179 1208 253 1254 cunr
269 1190 454 1257 Accusativo
470 1189 592 1259 Obiecti
610 1194 673 1278 (την
690 1187 846 1280 erpuino).
865 1188 947 1258 Vide
963 1190 1022 1257 Gr.
1041 1211 1074 1278 p.
1089 1191 1168 1257 264.
1186 1189 1362 1256 Adnot-

184 1319 216 1381 Ιιι
234 1319 279 1378 ὁτι
296 1315 336 1378 ὡν
352 1339 582 1401 aasumensi...
601 1311 686 1380 auden
703 1338 785 1379 εστιν
802 1326 849 1382 esl
861 1315 1023 1405 Allraclio
1040 1316 1235 1401 olEllt‘psr's‚·
1251 1315 1362 1382 usilala

182 1438 327 1524 Syntaxis
343 1438 517 1527 postulabat
533 1450 565 1505 ut
577 1439 768 1506 scriberetur
782 1464 790 1506 :
806 1444 849 1504 ln
866 1461 983 1503 εκεινων
997 1437 1017 1500 ἁ
1029 1461 1260 1525 campancae...
1276 1435 1362 1502 audeo

182 1585 258 1626 εστι.
277 1562 394 1630 Similis
413 1562 541 1651 Ellipsis
558 1564 695 1630 occurrit
712 1584 819 1652 supra,
834 1584 881 1630 vs.
901 1565 954 1630 19.
971 1601 1015 1612 -
1031 1563 1183 1650 Στοιχειν,
1203 1566 1361 1643 incedere,

184 1696 325 1774 utsupra
342 1694 399 1776 (vs.
418 1686 492 1769 ⁶21);
521 1710 695 1779 repararem
713 1686 894 1755 derivandi
917 1689 1056 1754 ratione.
1072 1725 1116 1736 -
1141 1683 1242 1761 Μηδεν
1265 1700 1362 1750 ccreo-

181 1830 230 1870 reu
247 1806 332 1896 (scil.
352 1808 467 1874 rituum
485 1809 706 1903 Mosaicorum)
722 1831 821 1899 τηρειν
839 1833 949 1884 aurove
965 1831 1023 1894 per
1039 1809 1170 1898 Eliipsin
1189 1828 1245 1898 pro
1262 1829 1360 1897 τηρειν

183 1929 243 1996 dem
259 1957 384 2014 aurcos,
402 1944 436 2000 ul
450 1954 545 2023 supra
560 1936 635 2023 Cap.
654 1936 734 2004 XIV
753 1960 761 2003 :
785 1938 841 2015 tl,
860 1947 890 2002 el
910 1936 973 2004 XV
992 1956 1000 1998 ι
1019 1936 1083 2011 24,
1099 1935 1155 2002 38.
1176 1972 1221 1982 -
1237 1930 1361 1997 Φυλασ-

182 2057 287 2121 caedat
303 2056 387 2124 Med.
406 2058 598 2124 construitur
621 2056 673 2125 hic
696 2078 767 2125 cum
793 2058 978 2126 Accusativo
998 2083 1005 2124 :
1024 2082 1079 2136 ee,
1097 2053 1359 2130 festinianum,

183 2193 241 2248 eto.
261 2178 437 2254 -Αυτους
465 2180 507 2248 ihi
534 2180 646 2269 pendet
666 2202 683 2246 a
705 2204 875 2271 spernerem
901 2190 975 2270 puta
1003 2181 1154 2270 scriptum
1183 2179 1226 2247 ibi
1256 2199 1324 2246 esse
1350 2199 1358 2240 ε

182 2331 333 2398 κριναντες
349 2305 410 2372 dem
428 2332 536 2384 αυτους
552 2306 762 2398 φυλασσεσθαι
778 2358 786 2386 ,
807 2321 867 2377 elo.

226 2557 290 2623 iii·
310 2557 339 2621 T
336 2576 397 2620 alenc
413 2556 533 2621 Paulus
556 2559 740 2640 assrcmptis,
760 2562 846 2642 etc).
865 2552 1014 2620 Prudenti
1037 2551 1110 2618 hnic
1132 2550 1262 2619 consilio
1279 2553 1360 2617 Pau·

181 2676 228 2744 lus
244 2679 312 2744 sine
337 2698 421 2763 mora
442 2677 676 2766 obtemperavit.
700 2680 807 2766 itaque
830 2676 959 2744 sociavit
975 2695 1008 2741 sc
1025 2684 1159 2762 quatuor
1174 2674 1250 2740 viris
1276 2673 1357 2753 illis,

180 2821 216 2867 ac
231 2800 381 2890 postridie
403 2805 506 2886 sactus
530 2802 718 2868 Nazaraeos
739 2799 911 2891 (ἁγνισθεις)
928 2823 998 2866 cnm
1024 2802 1091 2866 illis
1113 2797 1153 2887 (i
1179 2818 1208 2864 o.
1234 2808 1267 2864 ul
1287 2796 1358 2877 itti),

155 2980 162 2991 x
183 2971 378 2989 „ud——

180 3098 321 3162 ponerent,
333 3096 497 3158 uldicerenl‚
512 3109 564 3148 non
577 3096 625 3146 nisi
639 3109 746 3147 sensum
791 3096 894 3147 reditus
915 3097 952 3146 ad
972 3094 1167 3155 idololatriam;
1189 3098 1213 3144 ct
1228 3092 1285 3143 ideo
1307 3091 1361 3142 isla

180 3179 334 3243 myslicum‚
353 3179 440 3230 nescio
459 3192 553 3243 quem,
576 3178 659 3229 eidem
679 3179 746 3228 suh·
791 3178 899 3241 fuerunt
908 3176 1043 3242 prohibita
1061 3190 1111 3240 pro
1129 3182 1242 3239 tenrpore
1258 3172 1318 3235 illo,
1332 3173 1361 3223 in

180 3274 244 3312 asso.
262 3259 375 3312 Retieilil
392 3274 436 3313 eos
453 3261 481 3313 S.
495 3260 605 3312 Thomas
623 3260 657 3326 (t,
675 3263 700 3312 2.
714 3261 744 3321 Q.
793 3274 843 3326 quo
862 3261 893 3310 de
915 3273 983 3310 nouo
1005 3259 1141 3322 oportebat
1167 3258 1306 3307 conuenire
1331 3256 1360 3305 in

179 3341 304 3404 ⁴03,Arl.
323 3340 348 3394 li.
367 3342 400 3392 ad
420 3341 453 3406 3).
473 3342 544 3392 idem
557 3342 639 3407 (ibid.)
653 3343 745 3394 merito
792 3355 873 3391 urium
894 3340 1006 3392 Gentiles
1027 3347 1051 3393 et
1063 3341 1191 3391 iudaeos.
1205 3337 1362 3388 Procedente

179 3422 308 3488 improbat
319 3436 424 3489 quoquc
435 3424 677 3489 interpretationem
688 3425 746 3476 Hio-
790 3429 877 3474 aulem
894 3429 1009 3488 tempore
1030 3422 1157 3488 (cessante
1175 3434 1260 3472 causa
1277 3425 1362 3470 cessat

179 3505 291 3568 ronymi.
307 3505 365 3570 Ipse
376 3505 471 3557 deinde
481 3520 587 3557 sensum
600 3507 670 3558 iilius
681 3520 745 3573 pro·
791 3503 914 3570 effectus),
925 3505 1099 3567 manifestata
1110 3501 1286 3567 Euanpelicae
1295 3502 1359 3552 doc-

178 3584 312 3637 hibitionis
331 3587 472 3638 rectissime
483 3589 608 3654 exponit:
623 3608 635 3634 a
648 3589 745 3640 Dicen-
790 3587 878 3637 trinae
888 3587 999 3638 ueritate
1008 3625 1014 3646 ,
1024 3586 1053 3635 ia
1066 3600 1119 3651 qua
1131 3585 1258 3636 Dominus
1277 3585 1359 3645 docel,

178 3670 239 3720 dum
251 3674 302 3730 cst,
316 3669 416 3734 inquil,
430 3670 499 3735 quod
512 3671 548 3720 ad
565 3669 681 3721 litteram
692 3671 745 3722 isla
791 3669 860 3734 quod
870 3668 936 3720 nihil
945 3670 1015 3734 quod
1021 3683 1072 3733 per
1080 3682 1109 3720 os
1117 3670 1202 3721 intrat
1211 3670 1363 3736 coinquinet

178 3755 240 3800 sunl
260 3748 478 3813 prodibita;non
498 3752 533 3800 ael
551 3751 743 3801 obseruandum
789 3750 937 3811 nominem,
958 3757 986 3801 ul
1011 3751 1110 3800 dicitur
1136 3750 1231 3802 Mallia.
1255 3749 1315 3812 XV,
1338 3756 1362 3801 et

178 3831 341 3881 ceremonias
363 3830 452 3895 lepis,
473 3832 520 3881 sed
541 3833 578 3882 ad
605 3831 652 3882 hoc
674 3833 744 3897 quod
791 3832 859 3896 quod
879 3830 946 3881 nihil
968 3837 1005 3881 est
1027 3831 1198 3881 reiiciendum
1216 3832 1362 3897 quodcum

176 3920 262 3978 posset
273 3913 417 3965 coalescere
429 3916 491 3965 unio
504 3913 647 3966 Gentilium
660 3922 683 3967 et
695 3914 744 3966 lu·
789 3912 941 3977 pretiorum
961 3913 1064 3963 actione
1089 3911 1245 3976 percipitur,
1269 3918 1298 3964 ut
1324 3913 1361 3963 ad

176 4000 304 4050 dacorum
314 3999 423 4050 insimul
438 3999 625 4051 habitantium.
638 4002 745 4051 Iudaeis
793 3993 901 4044 Timoth-
927 3993 995 4058 Cap·
1018 3992 1056 4044 IV
1075 3994 1181 4044 dicilur.
1204 3993 1359 4045 Fornicatio

177 4081 261 4144 enim,
281 4087 390 4145 propter
411 4081 551 4146 antiquam
573 4082 744 4133 consuetudi·
790 4081 878 4128 autem
887 4075 1041 4141 prohibetur
1050 4075 1207 4141 specialiter,
1217 4077 1281 4141 quio
1293 4074 1361 4127 Gen-

177 4177 249 4224 nem‚
268 4163 381 4229 sanquis
392 4169 415 4214 el
426 4165 584 4228 suffocatum
595 4171 672 4215 erant
684 4163 745 4215 abo·
790 4159 848 4210 tiles
860 4173 914 4210 non
930 4158 1091 4223 reputabant
1111 4172 1169 4209 eam
1189 4171 1244 4209 esse
1262 4172 1360 4222 pecca-

176 4243 326 4296 ntinaoilia.
348 4243 574 4297 Comestioautem
593 4245 744 4297 immolato·
789 4250 852 4296 tum.
865 4263 878 4290 »
1339 4313 1341 4317 y

176 4341 236 4379 rum
246 4327 400 4379 simulacris
415 4334 520 4393 poterat
536 4330 565 4380 in
582 4330 687 4382 ludaeis
699 4344 745 4395 ap·
824 4327 949 4380 Praesens
961 4327 989 4379 S.
1001 4327 1113 4381 Thornae
1124 4327 1196 4380 locus
1207 4326 1270 4380 mihi
1282 4327 1359 4380 vide·

176 4421 305 4474 penerare
331 4409 404 4459 circa
433 4409 546 4461 Gentiles
569 4410 745 4475 suspicionem
793 4409 1077 4461 tarmendosecditus.
