3074 5054
500 378 542 445 IN
567 376 702 445 ACTUS
725 375 1052 446 APOSTOLORUM.
1336 381 1355 447 9

179 571 256 658 Cap.
280 570 327 636 ΙΧ
345 588 354 629 t
373 570 437 644 ld,
461 587 526 655 sq,
552 565 605 634 nbi
630 565 745 633 Paulus
769 565 800 630 in
824 565 876 632 illa
902 564 1154 652 lerosolymitana
1181 587 1354 636 commora-

178 676 262 742 tione
288 674 400 743 dnctns
426 674 523 740 luisse
539 671 664 740 dicitur
685 676 728 738 ool
747 673 915 756 Apostolos
937 671 1025 762 (προς
1047 696 1114 748 τους
1137 672 1351 764 accersione),

177 802 274 872 quum
302 780 418 848 Paulus
444 780 513 868 ipse
540 789 644 846 narret
670 800 704 847 se
732 790 806 847 tnnc
833 781 983 869 temporis
1012 781 1211 868 lerosolymis
1238 781 1355 850 uidisse

179 910 239 957 non
256 889 316 957 nisi
333 887 500 978 Apostolos
516 889 608 971 duos,
625 889 751 954 Petrum
769 898 799 955 et
816 887 975 956 lacobnm.
986 927 1030 938 —
1042 891 1084 957 At
1099 889 1183 957 nulla
1200 891 1232 956 in
1254 911 1290 957 eo
1308 899 1355 957 est

178 995 401 1076 contradictio,
426 1005 457 1062 et
480 1005 637 1063 auctorem
655 994 727 1063 libri
751 995 884 1063 Actunm
908 998 1046 1064 Wettins
1070 997 1184 1064 iniuria
1200 1001 1355 1084 salsitatis

180 1103 232 1170 hic
246 1103 359 1191 arguit.
377 1103 504 1170 Scilicet
516 1121 578 1169 non
591 1100 722 1168 affirmat
737 1112 846 1170 auctor
858 1103 1006 1183 Actuum,
1021 1103 1151 1170 Paulum
1165 1123 1201 1171 eo
1215 1115 1355 1194 tempore

178 1221 230 1278 aut
252 1214 382 1296 plores,
397 1219 451 1276 ant
472 1211 554 1275 allos
575 1208 691 1276 uidisse
713 1210 897 1297 Apostolos,
916 1230 1009 1298 qnam
1030 1211 1084 1300 qni
1109 1211 1140 1276 in
1162 1211 1250 1278 Pauli
1272 1213 1354 1300 epis-

179 1318 241 1386 toln
268 1317 449 1385 nominatim
476 1315 694 1405 designantur3
724 1316 779 1384 sed
808 1328 971 1406 postquam
1001 1318 1136 1385 narrarit
1162 1318 1355 1386 Christianos

178 1426 470 1513 lerosolymitonos,
489 1444 584 1514 quum
602 1444 663 1490 non
687 1424 850 1492 crederent
873 1425 1004 1493 Paulum
1024 1446 1134 1515 reapse
1158 1426 1283 1494 Christo
1300 1448 1355 1494 no·

179 1555 249 1601 men
267 1533 406 1613 dedisse,
422 1533 559 1600 noluisse
584 1531 778 1600 familiariter
801 1553 872 1600 cum
898 1533 951 1600 illo
968 1538 1167 1616 conversari,
1182 1535 1265 1603 idem
1281 1535 1354 1604 sub·

180 1641 264 1721 iicit,
281 1640 414 1707 Paulum
442 1649 515 1706 tnnc
541 1659 560 1706 a
576 1638 716 1707 Bernaba
732 1638 899 1707 adductum
916 1639 1012 1708 luisse
1028 1644 1070 1707 ad
1084 1644 1251 1726 Apostolos
1266 1641 1355 1732 (προς

179 1772 247 1822 τους
270 1743 491 1830 accersione),
512 1743 574 1812 hoc
595 1757 660 1822 est,
685 1745 724 1813 ad
748 1765 802 1813 eos
823 1746 1009 1835 Apostolos,
1036 1748 1089 1837 qui
1111 1757 1184 1814 tnnc
1207 1748 1285 1817 sorte
1307 1751 1354 1815 le·

180 1853 345 1941 rosolymis
362 1851 517 1920 adessent.
541 1852 668 1919 Scilicet
684 1853 776 1920 tacitb
797 1852 849 1920 hic
865 1855 977 1920 ceteris
993 1854 1138 1923 fidelibus
1156 1856 1354 1943 lerosolymi-

179 1963 257 2029 tanis
279 1970 480 2050 opponuntur
499 1959 662 2048 Apostoli,
679 1960 732 2049 qui
750 1970 824 2028 tnnc
840 1971 1018 2048 praesentes
1041 1962 1084 2029 ibi
1102 1962 1245 2044 aderant3
1265 1965 1353 2052 quasi

179 2069 295 2137 dictum
318 2078 401 2134 esset
419 2091 427 2132 :
446 2087 518 2134 cnm
541 2067 635 2134 ceteri
658 2065 765 2135 fideles
789 2067 1036 2154 ierosolymitani
1061 2071 1191 2138 Paulum
1212 2073 1352 2161 recipere

178 2174 310 2253 nollent,
328 2172 486 2241 Barnabas
503 2172 590 2239 illum
607 2172 696 2240 duxit
710 2177 752 2239 od
767 2175 932 2259 Apostolos
949 2177 1036 2266 (προς
1051 2202 1119 2252 τους
1136 2177 1351 2268 accersione).

178 2281 271 2372 Atqui
289 2281 335 2349 sic
351 2278 429 2346 nihil
446 2279 576 2361 dicitnr,
595 2279 679 2370 quod
695 2302 755 2348 non
772 2283 812 2348 sit
827 2281 1024 2350 verissimum
1041 2296 1071 2351 et
1087 2283 1177 2374 plane
1193 2287 1355 2354 conveniat

178 2410 249 2457 oum
271 2388 310 2455 iis
335 2406 414 2476 qnae
438 2385 554 2454 Paulus
576 2387 607 2454 in
631 2408 687 2456 sua
709 2388 838 2478 epistola
859 2388 897 2456 de
916 2409 950 2455 se
966 2390 1081 2458 retulit.
1107 2393 1186 2459 Nam
1203 2413 1299 2481 quum
1315 2391 1354 2460 ad

177 2495 344 2586 Apostolos
366 2498 445 2559 duos
470 2493 540 2561 illos
565 2494 617 2583 qni
642 2504 715 2562 tunc
739 2495 888 2584 temporis
916 2496 1117 2584 lerosolymis
1141 2509 1351 2580 versarentur,

177 2602 326 2670 adductus
342 2601 435 2669 luerit
450 2601 584 2680 Paulus,
604 2602 742 2691 prolecto
767 2601 917 2670 adductus
941 2602 999 2671 luit
1022 2608 1063 2672 ool
1078 2607 1246 2691 Apostolos
1262 2608 1350 2697 (προς

179 2734 246 2786 τους
261 2706 477 2796 occursione).

222 2816 316 2885 Aliud
332 2820 451 2902 salsum
466 2814 505 2883 ab
521 2825 647 2882 anctore
663 2817 797 2884 Actuum
821 2817 991 2884 admissum
1011 2816 1106 2885 fnisse
1122 2820 1259 2887 Wettius
1275 2840 1348 2887 con-

177 2924 242 2992 ficit
264 2945 302 2991 ex
326 2924 489 2991 collatione
516 2943 624 2990 eorum
654 2944 733 3014 qnae
760 2924 902 3012 leguntur
929 2927 1001 2993 Act.
1030 2927 1123 2993 XVll
1141 2951 1148 2991 :
1168 2930 1225 3008 tl,
1248 2950 1297 3015 sq.
1316 2936 1351 2995 et

176 3033 286 3100 XVlll
305 3052 313 3094 z
335 3035 444 3100 boum
469 3030 508 3097 iis
530 3051 610 3121 qnae
632 3032 741 3100 scribit
764 3033 879 3099 Paulus
904 3033 935 3099 io
958 3035 972 3099 l
994 3032 1032 3100 ad
1054 3031 1351 3102 Thessalonicenses

176 3140 252 3228 Cap.
272 3141 318 3205 111
337 3159 345 3200 ε
367 3141 404 3218 l,
422 3159 472 3227 sq.
490 3136 540 3205 Ad
564 3158 657 3227 quam
673 3139 877 3207 obiectionem
897 3138 1120 3228 respondemus
1137 3140 1168 3206 in
1187 3142 1350 3208 Commen-

177 3248 255 3314 tario
271 3248 310 3316 ad
326 3248 397 3314 Act.
416 3248 510 3315 XVll
530 3267 538 3308 t
560 3249 615 3314 lo.

221 3353 252 3442 c)
275 3354 323 3422 Ad
340 3357 590 3420 contradictorio
613 3354 782 3421 veniamus.
809 3355 923 3421 Notum
945 3364 1045 3421 autem
1063 3365 1125 3434 est,
1144 3353 1175 3420 in
1193 3354 1273 3423 libro
1290 3357 1352 3424 Ac-

177 3474 262 3531 tuum
283 3462 398 3551 triplici
423 3463 455 3527 in
480 3461 548 3529 loco
571 3459 657 3550 (scil.
684 3462 755 3527 hot.
783 3462 859 3528 IX:
882 3463 921 3538 5,
945 3481 1037 3549 sqq.;
1063 3463 1158 3528 XXll
1174 3487 1182 3528 ε
1198 3465 1241 3543 6,
1259 3484 1350 3552 sqq.;

175 3580 205 3636 et
223 3571 332 3638 XXVl
352 3593 360 3634 z
381 3571 438 3648 lt,
457 3567 547 3656 sqq.)
570 3567 749 3634 relationem
766 3568 834 3634 lieri
851 3568 890 3636 de
914 3568 1000 3641 Pauli
1027 3571 1242 3637 conversione.
1261 3575 1352 3639 Wet-

175 3677 237 3743 tius
252 3695 326 3763 ergo
350 3675 481 3741 affirmat
505 3686 566 3740 tres
590 3673 657 3741 illas
681 3675 748 3741 eius
766 3675 810 3740 rei
827 3675 1018 3742 narrationes
1043 3676 1122 3742 inter
1149 3697 1183 3742 se
1216 3698 1353 3766 pugnare

175 3795 205 3851 et
227 3784 359 3850 invicem
381 3782 441 3850 sibi
463 3781 686 3849 contradicere.
712 3819 753 3830 —-
778 3784 860 3850 Huic
882 3803 1007 3871 quoque
1031 3783 1195 3851 obiectioni
1223 3805 1353 3874 respon-

175 3892 285 3960 demus
308 3891 339 3957 in
363 3889 591 3957 Commentario
614 3888 653 3956 ad
674 3891 749 3977 cap.
770 3890 843 3956 lX:
866 3893 986 3958 t—ll.
1012 3889 1061 3957 Ad
1086 3890 1248 3970 donalia,
1274 3912 1354 3978 qnae

175 3999 258 4067 idem
281 3997 406 4077 obiicit,
436 3997 552 4086 pariter
575 4017 759 4086 responsum
783 4010 830 4065 est
854 3997 970 4066 ibidem
998 3999 1037 4066 ad
1060 4001 1137 4088 Cap.
1165 4002 1178 4066 l
1202 4024 1209 4066 :
1237 4002 1295 4078 l8,
1321 4012 1352 4066 et

174 4106 214 4174 ad
238 4106 315 4193 Cap.
341 4107 371 4172 V
402 4125 410 4167 τ
445 4106 500 4173 56.
531 4105 657 4171 Ceterae
686 4104 823 4172 eiusdem
855 4104 1045 4173 obiectiones
1074 4105 1258 4174 refutatione
1287 4128 1348 4174 non

178 4211 328 4299 indigent.

222 4386 388 4475 Reliquum
415 4396 464 4452 est
489 4394 523 4453 nt
546 4384 766 4465 observemus,
787 4386 944 4452 communi
972 4387 1017 4453 illi
1042 4388 1239 4476 antiquorum
1265 4389 1348 4456 testi-
