3074 5054
182 373 246 440 tta
521 368 655 436 ACTUS
690 368 1022 449 APOSTOLORUM,

179 577 272 647 posse
284 556 418 637 videtur,
436 556 557 623 scilicet
568 556 790 644 Apostolorum
806 579 903 626 unum
919 560 1054 648 aliquem
1070 578 1181 648 preces
1198 555 1362 626 illas'reci-

179 695 278 762 tasse,
296 682 434 770 reliquos
456 701 531 747 vero
550 690 662 747 attenta
686 693 787 749 mente
803 694 979 770 precantem
1004 683 1100 752 luisse
1117 694 1253 751 secutos.
1273 685 1363 750 llaec

177 806 388 874 Salmeronius
416 804 632 894 perpenderit,
661 826 733 872 cum
761 806 913 875 scriberet
936 809 1053 889 (Traot.
1077 796 1158 876 XIX
1183 808 1214 874 in
1239 802 1359 892 Act.):

183 929 289 998 «Plus
305 949 399 1018 quam
422 930 535 996 mirum
559 930 633 1009 luit,
663 950 770 998 omncs
791 932 822 997 in
845 931 985 1000 camdem
1007 932 1191 1004 sententiam
1211 942 1242 998 et
1262 929 1361 998 rerba

177 1053 294 1120 orando
310 1053 510 1133 convenisse3
530 1053 613 1141 quod
637 1053 787 1121 indicium
812 1067 858 1122 est
882 1056 1097 1136 manifestum,
1122 1075 1177 1122 eos
1192 1055 1232 1122 ab
1248 1052 1362 1121 eodem

179 1177 298 1266 Spiritu
313 1176 425 1244 Sancto
441 1177 479 1244 ad
496 1176 665 1264 rogandum
683 1189 841 1267 permotos
856 1178 965 1246 luisse.
984 1207 998 1237 ι

222 1302 377 1382 Domine,
396 1312 431 1368 tu
446 1325 477 1370 eo
492 1306 549 1390 poi
562 1306 671 1388 fecisti
673 1354 686 1388 ,
706 1304 796 1394 eto).
814 1305 917 1373 Deum
933 1303 1058 1373 laudant
1072 1307 1217 1389 primum
1232 1302 1273 1371 al)
1289 1303 1362 1372 eius

179 1425 313 1510 potentia
327 1425 391 1514 (νε.
413 1424 485 1513 ll),
504 1426 615 1494 deinde
638 1426 676 1493 ab
699 1427 839 1496 eiusdem
855 1429 1058 1518 praescientia
1075 1429 1132 1509 (νε.
1148 1425 1216 1507 25),
1233 1437 1269 1493 ut
1284 1446 1362 1494 eon-

177 1545 329 1633 spicuam
343 1547 553 1636 praedictione
566 1550 816 1638 persecutionum
830 1571 907 1640 quas
920 1550 1126 1639 patiebantur.
1141 1547 1234 1634 Quod
1246 1547 1363 1616 deinde

178 1669 288 1736 citatur
300 1671 492 1753 vaticinium,
511 1672 708 1762 desumptum
722 1673 798 1740 illud
818 1685 864 1741 est
880 1694 918 1740 ex
934 1674 1059 1741 Psalmo
1072 1672 1222 1751 seeundo,
1241 1672 1310 1760 qui,
1326 1682 1362 1739 ut

179 1792 230 1860 hic
246 1794 378 1876 dicitur,
395 1809 553 1864 auctorem
573 1797 665 1865 habet
681 1797 833 1865 Davidem
849 1797 1051 1887 Prophetam.
1078 1799 1135 1863 Est
1152 1807 1254 1864 autem
1271 1796 1362 1862 Psal-

179 1937 248 1985 mus
271 1918 474 2007 propheticus
487 1919 533 1986 .de
557 1921 690 2001 Massia,
708 1930 743 1987 ut
765 1931 850 1987 certo
874 1919 1039 1988 conficitur
1055 1932 1120 1988 tum
1143 1941 1181 1987 ex
1202 1917 1361 2008 praesenti

178 2043 246 2112 loco
258 2044 321 2134 (νε.
337 2045 470 2134 nana),
484 2058 548 2115 tum
566 2047 656 2113 etiam
674 2067 712 2113 ex
724 2047 795 2114 Act.
810 2049 889 2114 Xlll
906 2073 914 2113 r
931 2051 973 2116 55
987 2058 1017 2114 et
1029 2047 1157 2115 Heloral
1174 2072 1182 2114 ε
1199 2048 1237 2125 5;
1252 2044 1282 2114 V
1297 2069 1306 2111 t
1323 2045 1359 2112 li.

180 2169 227 2237 Ad
242 2170 388 2238 Messiam
406 2168 489 2237 lrunc
504 2170 662 2237 Psalmum
680 2171 785 2238 retulit
799 2172 891 2238 etiam
907 2173 1066 2259 Synagoga
1083 2167 1266 2260 antiquior,
1281 2178 1362 2235 teste

179 2290 294 2372 Raslni,
319 2293 371 2380 qui
394 2293 424 2359 in
447 2291 602 2383 principio
626 2294 673 2360 sui
696 2295 908 2361 commentarii
935 2295 965 2361 in
989 2293 1074 2362 hunc
1098 2293 1254 2361 Psalmum
1280 2290 1362 2359 haec

179 2412 295 2481 habet:
322 2411 452 2474 εινεεέν
480 2426 577 2474 annun
603 2412 666 2473 aa
693 2427 796 2474 arnna
827 2410 884 2498 aba
910 2411 947 2475 tn
976 2416 1056 2494 parari
1080 2430 1121 2475 aa
1148 2426 1222 2474 anna
1245 2424 1361 2472 isinana

179 2537 248 2603 Hoc
271 2546 318 2602 est
343 2559 350 2600 :
377 2536 526 2600 Doctores
548 2537 654 2599 riustri
676 2535 840 2601 Psalmum
859 2530 1052 2602 ‚rana-riam
1067 2530 1168 2592 annana
1182 2545 1238 2611 psa
1253 2541 1362 2588 uitiari

176 2662 260 2726 lunc
286 2669 499 2744 exposuerunt
525 2660 563 2722 ele
590 2679 662 2742 repe
689 2658 826 2741 Mesala,
852 2660 906 2722 sed
930 2665 1025 2739 prout
1052 2650 1359 2741 reparamentum

176 2803 301 2851 sensum
330 2782 521 2871 litteralem),
552 2791 582 2845 et
604 2792 640 2846 ut
656 2783 887 2865 respondeatur
906 2781 1045 2844 Minucia
1060 2783 1195 2865 (tuarum
1210 2770 1361 2862 ustauhi)

179 2905 212 2974 h.
230 2925 258 2972 ε.
277 2905 478 2985 Christianis,
493 2907 619 2988 expedit
634 2925 706 2969 eum
721 2904 935 2987 interpretari
949 2905 987 2967 ele
1005 2905 1073 2984 ipso
1089 2900 1224 2965 Donido.

223 3033 322 3098 Porro
343 3049 403 3096 non
421 3030 525 3121 typico
544 3027 599 3095 sed
615 3030 751 3094 litterula·
768 3047 861 3094 sensu
876 3026 1035 3094 Psalmum
1053 3023 1136 3091 hunc
1152 3022 1190 3091 ad
1207 3022 1356 3091 Messiam

177 3173 246 3222 esse
272 3153 486 3232 referendum,
511 3155 639 3220 Patrum
662 3153 812 3220 sententia
829 3163 892 3232 est,
910 3163 944 3219 ut
958 3150 1049 3217 docet
1072 3148 1229 3215 Calmetus
1247 3147 1279 3213 in
1296 3166 1356 3214 suo

177 3278 446 3347 commentariolo
466 3275 550 3344 hunc
570 3276 742 3344 Psalmum.

224 3404 332 3482 Quare
354 3405 573 3486 secernerent,
590 3411 679 3481 etc).
697 3401 768 3470 Vox
785 3420 885 3484 quare
902 3409 948 3466 est
971 3398 1023 3465 hio
1047 3395 1205 3465 irridentis
1228 3405 1259 3461 et
1274 3392 1359 3461 indi-

175 3525 270 3614 gnati.
302 3527 382 3593 Ante
405 3545 512 3592 vocem
548 3525 744 3589 adstiterunt
770 3521 833 3611 (vs.
863 3519 922 3607 27)
946 3531 1048 3588 mente
1078 3517 1281 3608 repetendum
1309 3528 1360 3585 est

174 3668 284 3732 quare.
305 3645 407 3715 Verba
423 3657 524 3714 autem
548 3647 617 3733 turp
641 3653 672 3711 et
694 3649 791 3729 annin,
812 3643 940 3732 quaein
967 3641 1108 3710 Hebraeo
1125 3639 1178 3708 hic
1195 3640 1356 3728 leguntur,

175 3768 331 3837 reddenda
357 3780 427 3837 sunt
454 3771 485 3836 in
514 3767 692 3845 Praesenti3
726 3767 799 3833 item
829 3779 890 3852 aurp,
919 3775 949 3832 et
976 3779 1098 3852 annam,
1128 3783 1207 3851 quae
1223 3768 1224 3771 ’
1239 3762 1358 3851 pariter

175 3894 217 3961 ibi
239 3865 420 3961 occurrunt.
452 3894 558 3980 ltaque
575 3889 668 3956 verba
684 3889 817 3966 Psalmi,
845 3908 923 3978 quae
948 3888 1000 3955 hic
1024 3888 1206 3966 recitantur,
1233 3905 1272 3951 ex
1289 3887 1354 3951 lle-

207 4155 226 4220 ¹l
243 4153 343 4207 Videsis
354 4165 422 4219 quae
434 4150 483 4203 hac
499 4150 532 4202 de
549 4164 576 4201 re
588 4149 738 4202 notavimus
784 4149 855 4200 tione
878 4148 1023 4200 Bibliorum
1040 4147 1218 4198 maximorum
1235 4145 1354 4198 antor-

173 4237 201 4287 in
220 4233 432 4289 ctresromottto
448 4237 537 4284 nostra
555 4231 702 4282 Rabbioico
715 4235 739 4281 et
785 4230 864 4292 tiana,
875 4243 924 4281 nec
935 4231 962 4280 in
972 4231 1071 4281 Veneta
1082 4226 1241 4290 recentioro;
1255 4226 1354 4292 legun·

174 4318 334 4379 Chaldaica,
344 4317 396 4369 vol.
409 4317 434 4380 a,
447 4330 474 4382 p.
486 4312 611 4366 att-45.
783 4317 827 4365 tur
846 4302 935 4366 autem
952 4314 980 4364 in
996 4312 1111 4365 editione
1132 4311 1267 4378 principe,
1280 4310 1308 4362 h.
1327 4324 1352 4365 e.

206 4401 225 4463 ⁹)
243 4400 326 4452 Verba
345 4399 408 4450 haec
426 4412 479 4450 non
499 4398 624 4462 leguntur
640 4395 667 4446 in
686 4395 739 4447 edi·
783 4395 1086 4460 Bombergiana,excusa
1094 4393 1210 4445 venetiis
1218 4405 1262 4443 an.
1273 4393 1347 4443 4525.
