<?xml version="1.0" encoding="UTF-8"?>
<!DOCTYPE html PUBLIC "-//W3C//DTD XHTML 1.0 Transitional//EN"
    "http://www.w3.org/TR/xhtml1/DTD/xhtml1-transitional.dtd">
<html xmlns="http://www.w3.org/1999/xhtml" xml:lang="en" lang="en">
 <head>
  <title>
</title>
<meta http-equiv="Content-Type" content="text/html;charset=utf-8" />
  <meta name='ocr-system' content='tesseract 3.04.00' />
  <meta name='ocr-capabilities' content='ocr_page ocr_carea ocr_par ocr_line ocrx_word'/>
</head>
<body>
  <div class='ocr_page' id='page_1' title='image "./commentariusina00beelgoog/commentariusina00beelgoog_0302.png"; bbox 0 0 3074 5054; ppageno 0'>
   <div class='ocr_carea' id='block_1_1' title="bbox 465 403 1346 497">
    <p class='ocr_par' dir='ltr' id='par_1_1' title="bbox 465 403 1346 497">
     <span class='ocr_line' id='line_1_1' title="bbox 465 403 1346 497; baseline -0.01 -18"><span class='ocrx_word' id='word_1_1' title='bbox 465 410 603 479; x_wconf 77' lang='lat' dir='ltr'><strong>CAPUT</strong></span> <span class='ocrx_word' id='word_1_2' title='bbox 638 409 703 490; x_wconf 91' lang='lat' dir='ltr'><strong>lX,</strong></span> <span class='ocrx_word' id='word_1_3' title='bbox 739 404 1045 497; x_wconf 62' lang='lat' dir='ltr'><strong>vunsjffto-ts.</strong></span> <span class='ocrx_word' id='word_1_4' title='bbox 1279 403 1346 471; x_wconf 70' lang='lat'><strong>275</strong></span> 
     </span>
    </p>
   </div>
   <div class='ocr_carea' id='block_1_2' title="bbox 175 596 1354 942">
    <p class='ocr_par' dir='ltr' id='par_1_2' title="bbox 175 596 1354 942">
     <span class='ocr_line' id='line_1_2' title="bbox 175 596 1354 693; baseline -0.008 -20"><span class='ocrx_word' id='word_1_5' title='bbox 175 607 303 673; x_wconf 80' lang='lat' dir='ltr'><strong>Tantum</strong></span> <span class='ocrx_word' id='word_1_6' title='bbox 328 613 494 693; x_wconf 87' lang='lat' dir='ltr'><strong>potuerunt</strong></span> <span class='ocrx_word' id='word_1_7' title='bbox 518 599 750 669; x_wconf 79' lang='lat' dir='ltr'><strong>misericordiae</strong></span> <span class='ocrx_word' id='word_1_8' title='bbox 775 599 903 679; x_wconf 91' lang='lat' dir='ltr'><strong>merita,</strong></span> <span class='ocrx_word' id='word_1_9' title='bbox 928 607 1046 664; x_wconf 90' lang='lat' dir='ltr'><strong>tantum</strong></span> <span class='ocrx_word' id='word_1_10' title='bbox 1071 615 1167 686; x_wconf 88' lang='lat' dir='ltr'><strong>opera</strong></span> <span class='ocrx_word' id='word_1_11' title='bbox 1191 596 1271 664; x_wconf 86' lang='lat' dir='ltr'><strong>iusta</strong></span> <span class='ocrx_word' id='word_1_12' title='bbox 1298 616 1354 664; x_wconf 87' lang='lat' dir='ltr'><strong>va·</strong></span> 
     </span>
     <span class='ocr_line' id='line_1_3' title="bbox 175 722 1350 817; baseline -0.007 -19"><span class='ocrx_word' id='word_1_13' title='bbox 175 731 307 798; x_wconf 86' lang='lat' dir='ltr'><strong>luerunt.</strong></span> <span class='ocrx_word' id='word_1_14' title='bbox 326 731 413 817; x_wconf 83' lang='lat' dir='ltr'>Quae</span> <span class='ocrx_word' id='word_1_15' title='bbox 434 728 646 797; x_wconf 79' lang='lat' dir='ltr'><strong>laborantibus</strong></span> <span class='ocrx_word' id='word_1_16' title='bbox 667 726 769 795; x_wconf 92' lang='lat' dir='ltr'><strong>viduis</strong></span> <span class='ocrx_word' id='word_1_17' title='bbox 792 725 901 814; x_wconf 78' lang='lat' dir='ltr'><strong>largita</strong></span> <span class='ocrx_word' id='word_1_18' title='bbox 924 724 1024 792; x_wconf 87' lang='lat' dir='ltr'><strong>iuerat</strong></span> <span class='ocrx_word' id='word_1_19' title='bbox 1045 723 1184 792; x_wconf 91' lang='lat' dir='ltr'><strong>subsidia</strong></span> <span class='ocrx_word' id='word_1_20' title='bbox 1209 722 1350 803; x_wconf 87' lang='lat' dir='ltr'><strong>vivendi,</strong></span> 
     </span>
     <span class='ocr_line' id='line_1_4' title="bbox 176 850 1056 942; baseline -0.007 -20"><span class='ocrx_word' id='word_1_21' title='bbox 176 856 284 922; x_wconf 90' lang='lat' dir='ltr'><strong>meruit</strong></span> <span class='ocrx_word' id='word_1_22' title='bbox 305 853 345 922; x_wconf 93' lang='lat' dir='ltr'><strong>ad</strong></span> <span class='ocrx_word' id='word_1_23' title='bbox 368 854 480 935; x_wconf 84' lang='lat' dir='ltr'><strong>uitam,</strong></span> <span class='ocrx_word' id='word_1_24' title='bbox 505 852 668 920; x_wconf 85' lang='lat' dir='ltr'><strong>uiduarum</strong></span> <span class='ocrx_word' id='word_1_25' title='bbox 692 850 841 942; x_wconf 88' lang='lat' dir='ltr'><strong>petitione</strong></span> <span class='ocrx_word' id='word_1_26' title='bbox 864 850 1016 917; x_wconf 77' lang='lat' dir='ltr'><strong>rovorari.</strong></span> <span class='ocrx_word' id='word_1_27' title='bbox 1043 877 1056 908; x_wconf 66' lang='grc' dir='ltr'>υ</span> 
     </span>
    </p>
   </div>
   <div class='ocr_carea' id='block_1_3' title="bbox 178 1067 1354 1788">
    <p class='ocr_par' dir='ltr' id='par_1_3' title="bbox 178 1067 1354 1788">
     <span class='ocr_line' id='line_1_5' title="bbox 216 1067 1352 1162; baseline -0.012 -15"><span class='ocrx_word' id='word_1_28' title='bbox 216 1080 362 1147; x_wconf 63' lang='grc' dir='ltr'>4ἳ-45.</span> <span class='ocrx_word' id='word_1_29' title='bbox 381 1079 501 1146; x_wconf 85' lang='lat' dir='ltr'><strong>Notum</strong></span> <span class='ocrx_word' id='word_1_30' title='bbox 513 1088 617 1143; x_wconf 85' lang='lat' dir='ltr'><strong>cutem</strong></span> <span class='ocrx_word' id='word_1_31' title='bbox 629 1078 749 1160; x_wconf 78' lang='lat' dir='ltr'><strong>[cotom</strong></span> <span class='ocrx_word' id='word_1_32' title='bbox 763 1085 820 1154; x_wconf 85' lang='lat' dir='ltr'><strong>ost,</strong></span> <span class='ocrx_word' id='word_1_33' title='bbox 830 1077 917 1160; x_wconf 83' lang='lat' dir='ltr'><strong>etc).</strong></span> <span class='ocrx_word' id='word_1_34' title='bbox 934 1073 1056 1140; x_wconf 88' lang='lat' dir='ltr'><strong>Graeca</strong></span> <span class='ocrx_word' id='word_1_35' title='bbox 1067 1093 1231 1162; x_wconf 75' lang='grc' dir='ltr'><strong>εγνωστον,</strong></span> <span class='ocrx_word' id='word_1_36' title='bbox 1241 1095 1270 1135; x_wconf 87' lang='grc' dir='ltr'><strong>κ.</strong></span> <span class='ocrx_word' id='word_1_37' title='bbox 1281 1095 1311 1134; x_wconf 78' lang='grc' dir='ltr'><strong>τ.</strong></span> <span class='ocrx_word' id='word_1_38' title='bbox 1321 1067 1352 1133; x_wconf 87' lang='grc' dir='ltr'><strong>λ.</strong></span> 
     </span>
     <span class='ocr_line' id='line_1_6' title="bbox 178 1195 1354 1292; baseline -0.007 -23"><span class='ocrx_word' id='word_1_39' title='bbox 178 1203 296 1292; x_wconf 79' lang='lat' dir='ltr'><strong>Belgice</strong></span> <span class='ocrx_word' id='word_1_40' title='bbox 311 1203 435 1270; x_wconf 87' lang='lat' dir='ltr'><strong>valent:</strong></span> <span class='ocrx_word' id='word_1_41' title='bbox 455 1225 493 1269; x_wconf 87' lang='lat' dir='ltr'><strong>en</strong></span> <span class='ocrx_word' id='word_1_42' title='bbox 516 1204 568 1268; x_wconf 85' lang='lat' dir='ltr'><strong>bot</strong></span> <span class='ocrx_word' id='word_1_43' title='bbox 591 1203 678 1267; x_wconf 82' lang='lat' dir='ltr'><strong>word</strong></span> <span class='ocrx_word' id='word_1_44' title='bbox 700 1201 828 1266; x_wconf 81' lang='lat' dir='ltr'><strong>dolend.</strong></span> <span class='ocrx_word' id='word_1_45' title='bbox 853 1198 990 1266; x_wconf 90' lang='lat' dir='ltr'><strong>lnnotuit</strong></span> <span class='ocrx_word' id='word_1_46' title='bbox 1013 1195 1097 1287; x_wconf 93' lang='lat' dir='ltr'><strong>quod</strong></span> <span class='ocrx_word' id='word_1_47' title='bbox 1117 1195 1274 1264; x_wconf 90' lang='lat' dir='ltr'><strong>acciderat</strong></span> <span class='ocrx_word' id='word_1_48' title='bbox 1297 1215 1354 1285; x_wconf 93' lang='lat' dir='ltr'><strong>per</strong></span> 
     </span>
     <span class='ocr_line' id='line_1_7' title="bbox 179 1319 1351 1415; baseline -0.006 -21"><span class='ocrx_word' id='word_1_49' title='bbox 179 1329 348 1395; x_wconf 91' lang='lat' dir='ltr'><strong>universam</strong></span> <span class='ocrx_word' id='word_1_50' title='bbox 366 1326 521 1395; x_wconf 87' lang='lat' dir='ltr'><strong>civitatem</strong></span> <span class='ocrx_word' id='word_1_51' title='bbox 542 1327 680 1415; x_wconf 91' lang='lat' dir='ltr'><strong>loppen;</strong></span> <span class='ocrx_word' id='word_1_52' title='bbox 702 1324 879 1412; x_wconf 84' lang='lat' dir='ltr'><strong>factumque</strong></span> <span class='ocrx_word' id='word_1_53' title='bbox 895 1334 941 1390; x_wconf 88' lang='lat' dir='ltr'><strong>est</strong></span> <span class='ocrx_word' id='word_1_54' title='bbox 957 1320 1044 1405; x_wconf 84' lang='grc' dir='ltr'>(και),</span> <span class='ocrx_word' id='word_1_55' title='bbox 1062 1333 1096 1388; x_wconf 87' lang='lat' dir='ltr'><strong>ut</strong></span> <span class='ocrx_word' id='word_1_56' title='bbox 1111 1319 1264 1412; x_wconf 90' lang='lat' dir='ltr'><strong>stupendo</strong></span> <span class='ocrx_word' id='word_1_57' title='bbox 1290 1319 1351 1388; x_wconf 94' lang='lat' dir='ltr'><strong>hoc</strong></span> 
     </span>
     <span class='ocr_line' id='line_1_8' title="bbox 181 1446 1350 1541; baseline -0.004 -23"><span class='ocrx_word' id='word_1_58' title='bbox 181 1452 322 1520; x_wconf 88' lang='lat' dir='ltr'><strong>miraculo</strong></span> <span class='ocrx_word' id='word_1_59' title='bbox 346 1452 509 1532; x_wconf 89' lang='lat' dir='ltr'><strong>commoti,</strong></span> <span class='ocrx_word' id='word_1_60' title='bbox 535 1471 574 1517; x_wconf 88' lang='lat' dir='ltr'><strong>ex</strong></span> <span class='ocrx_word' id='word_1_61' title='bbox 597 1448 803 1541; x_wconf 91' lang='lat' dir='ltr'><strong>loppensibus</strong></span> <span class='ocrx_word' id='word_1_62' title='bbox 824 1449 911 1516; x_wconf 89' lang='lat' dir='ltr'><strong>multi</strong></span> <span class='ocrx_word' id='word_1_63' title='bbox 935 1446 1141 1515; x_wconf 78' lang='lat' dir='ltr'><strong>Christianam</strong></span> <span class='ocrx_word' id='word_1_64' title='bbox 1168 1446 1350 1535; x_wconf 81' lang='lat' dir='ltr'><strong>religionem</strong></span> 
     </span>
     <span class='ocr_line' id='line_1_9' title="bbox 183 1570 1353 1666; baseline -0.004 -23"><span class='ocrx_word' id='word_1_65' title='bbox 183 1577 444 1666; x_wconf 74' lang='lat' dir='ltr'><strong>amplecterentur.</strong></span> <span class='ocrx_word' id='word_1_66' title='bbox 463 1576 531 1662; x_wconf 88' lang='lat' dir='ltr'><strong>Qua</strong></span> <span class='ocrx_word' id='word_1_67' title='bbox 548 1574 710 1642; x_wconf 82' lang='lat' dir='ltr'><strong>occasione</strong></span> <span class='ocrx_word' id='word_1_68' title='bbox 726 1575 837 1640; x_wconf 89' lang='lat' dir='ltr'><strong>Petrus</strong></span> <span class='ocrx_word' id='word_1_69' title='bbox 853 1572 1035 1662; x_wconf 91' lang='lat' dir='ltr'><strong>permultos</strong></span> <span class='ocrx_word' id='word_1_70' title='bbox 1051 1570 1118 1639; x_wconf 91' lang='lat' dir='ltr'><strong>dies</strong></span> <span class='ocrx_word' id='word_1_71' title='bbox 1135 1573 1250 1661; x_wconf 92' lang='lat' dir='ltr'><strong>loppae</strong></span> <span class='ocrx_word' id='word_1_72' title='bbox 1267 1592 1353 1639; x_wconf 89' lang='lat' dir='ltr'><strong>ccm-</strong></span> 
     </span>
     <span class='ocr_line' id='line_1_10' title="bbox 185 1695 1210 1788; baseline -0.007 -20"><span class='ocrx_word' id='word_1_73' title='bbox 185 1712 311 1769; x_wconf 89' lang='lat' dir='ltr'><strong>moratus</strong></span> <span class='ocrx_word' id='word_1_74' title='bbox 327 1712 393 1780; x_wconf 84' lang='lat' dir='ltr'><strong>est3</strong></span> <span class='ocrx_word' id='word_1_75' title='bbox 411 1699 495 1788; x_wconf 93' lang='lat' dir='ltr'><strong>quod</strong></span> <span class='ocrx_word' id='word_1_76' title='bbox 518 1699 648 1768; x_wconf 85' lang='lat' dir='ltr'><strong>novellis</strong></span> <span class='ocrx_word' id='word_1_77' title='bbox 664 1698 727 1766; x_wconf 93' lang='lat' dir='ltr'><strong>illis</strong></span> <span class='ocrx_word' id='word_1_78' title='bbox 743 1697 929 1766; x_wconf 91' lang='lat' dir='ltr'><strong>Christianis</strong></span> <span class='ocrx_word' id='word_1_79' title='bbox 944 1697 1032 1765; x_wconf 87' lang='lat' dir='ltr'><strong>valde</strong></span> <span class='ocrx_word' id='word_1_80' title='bbox 1048 1695 1210 1787; x_wconf 84' lang='lat' dir='ltr'><strong>profuerit.</strong></span> 
     </span>
    </p>
   </div>
   <div class='ocr_carea' id='block_1_4' title="bbox 521 1909 1015 1988">
    <p class='ocr_par' dir='ltr' id='par_1_4' title="bbox 521 1909 1015 1988">
     <span class='ocr_line' id='line_1_11' title="bbox 521 1909 1015 1988; baseline -0.008 -1"><span class='ocrx_word' id='word_1_81' title='bbox 521 1911 692 1988; x_wconf 83' lang='lat' dir='ltr'><strong>CAPUT</strong></span> <span class='ocrx_word' id='word_1_82' title='bbox 743 1909 1015 1985; x_wconf 89' lang='lat' dir='ltr'><strong>DECIMUM.</strong></span> 
     </span>
    </p>
   </div>
   <div class='ocr_carea' id='block_1_5' title="bbox 183 2071 1361 4140">
    <p class='ocr_par' dir='ltr' id='par_1_5' title="bbox 183 2071 1361 4140">
     <span class='ocr_line' id='line_1_12' title="bbox 183 2071 1356 2143; baseline 0.002 -19"><span class='ocrx_word' id='word_1_83' title='bbox 183 2071 371 2128; x_wconf 82' lang='lat' dir='ltr'><strong>dnouusnruu.</strong></span> <span class='ocrx_word' id='word_1_84' title='bbox 384 2075 511 2129; x_wconf 84' lang='lat' dir='ltr'><strong>Ethnicus</strong></span> <span class='ocrx_word' id='word_1_85' title='bbox 522 2076 639 2143; x_wconf 87' lang='lat' dir='ltr'><strong>quidam,</strong></span> <span class='ocrx_word' id='word_1_86' title='bbox 650 2076 756 2128; x_wconf 89' lang='lat' dir='ltr'><strong>nomino</strong></span> <span class='ocrx_word' id='word_1_87' title='bbox 765 2074 910 2137; x_wconf 87' lang='lat' dir='ltr'><strong>Cornelius,</strong></span> <span class='ocrx_word' id='word_1_88' title='bbox 920 2074 975 2126; x_wconf 89' lang='lat' dir='ltr'><strong>veri</strong></span> <span class='ocrx_word' id='word_1_89' title='bbox 987 2074 1033 2126; x_wconf 87' lang='lat' dir='ltr'><strong>Dei</strong></span> <span class='ocrx_word' id='word_1_90' title='bbox 1045 2074 1130 2126; x_wconf 83' lang='lat' dir='ltr'><strong>cultor</strong></span> <span class='ocrx_word' id='word_1_91' title='bbox 1140 2073 1200 2140; x_wconf 86' lang='lat' dir='ltr'><strong>pius</strong></span> <span class='ocrx_word' id='word_1_92' title='bbox 1211 2077 1238 2126; x_wconf 88' lang='lat' dir='ltr'><strong>ot</strong></span> <span class='ocrx_word' id='word_1_93' title='bbox 1248 2074 1356 2141; x_wconf 90' lang='lat' dir='ltr'><strong>probus,</strong></span> 
     </span>
     <span class='ocr_line' id='line_1_13' title="bbox 217 2157 1355 2226; baseline -0.001 -16"><span class='ocrx_word' id='word_1_94' title='bbox 217 2161 280 2213; x_wconf 86' lang='lat' dir='ltr'><strong>inter</strong></span> <span class='ocrx_word' id='word_1_95' title='bbox 296 2161 426 2214; x_wconf 91' lang='lat' dir='ltr'><strong>orandum</strong></span> <span class='ocrx_word' id='word_1_96' title='bbox 443 2160 566 2226; x_wconf 82' lang='lat' dir='ltr'><strong>angelum</strong></span> <span class='ocrx_word' id='word_1_97' title='bbox 585 2160 656 2211; x_wconf 89' lang='lat' dir='ltr'><strong>videt</strong></span> <span class='ocrx_word' id='word_1_98' title='bbox 672 2160 705 2211; x_wconf 90' lang='lat' dir='ltr'><strong>ad</strong></span> <span class='ocrx_word' id='word_1_99' title='bbox 723 2173 751 2211; x_wconf 88' lang='lat' dir='ltr'><strong>so</strong></span> <span class='ocrx_word' id='word_1_100' title='bbox 767 2160 963 2220; x_wconf 77' lang='lat' dir='ltr'><strong>introeuntem,</strong></span> <span class='ocrx_word' id='word_1_101' title='bbox 981 2171 996 2210; x_wconf 93' lang='lat' dir='ltr'><strong>a</strong></span> <span class='ocrx_word' id='word_1_102' title='bbox 1014 2170 1066 2224; x_wconf 92' lang='lat' dir='ltr'><strong>quo</strong></span> <span class='ocrx_word' id='word_1_103' title='bbox 1083 2157 1189 2208; x_wconf 88' lang='lat' dir='ltr'><strong>iubetur</strong></span> <span class='ocrx_word' id='word_1_104' title='bbox 1206 2157 1355 2210; x_wconf 87' lang='lat' dir='ltr'><strong>Caesaream</strong></span> 
     </span>
     <span class='ocr_line' id='line_1_14' title="bbox 215 2241 1355 2311; baseline -0.001 -17"><span class='ocrx_word' id='word_1_105' title='bbox 215 2257 338 2297; x_wconf 86' lang='lat' dir='ltr'><strong>arcessere</strong></span> <span class='ocrx_word' id='word_1_106' title='bbox 355 2245 472 2307; x_wconf 87' lang='lat' dir='ltr'><strong>Petrum,</strong></span> <span class='ocrx_word' id='word_1_107' title='bbox 484 2245 579 2311; x_wconf 89' lang='lat' dir='ltr'><strong>loppae</strong></span> <span class='ocrx_word' id='word_1_108' title='bbox 591 2248 746 2305; x_wconf 88' lang='lat' dir='ltr'><strong>morantem,</strong></span> <span class='ocrx_word' id='word_1_109' title='bbox 759 2246 790 2294; x_wconf 90' lang='lat' dir='ltr'><strong>ut</strong></span> <span class='ocrx_word' id='word_1_110' title='bbox 801 2243 834 2295; x_wconf 92' lang='lat' dir='ltr'><strong>ab</strong></span> <span class='ocrx_word' id='word_1_111' title='bbox 846 2242 889 2294; x_wconf 91' lang='lat' dir='ltr'><strong>illo</strong></span> <span class='ocrx_word' id='word_1_112' title='bbox 902 2242 992 2305; x_wconf 89' lang='lat' dir='ltr'><strong>discat,</strong></span> <span class='ocrx_word' id='word_1_113' title='bbox 1006 2241 1070 2308; x_wconf 95' lang='lat' dir='ltr'><strong>quid</strong></span> <span class='ocrx_word' id='word_1_114' title='bbox 1082 2241 1131 2293; x_wconf 90' lang='lat' dir='ltr'><strong>sibi</strong></span> <span class='ocrx_word' id='word_1_115' title='bbox 1144 2241 1293 2293; x_wconf 87' lang='lat' dir='ltr'><strong>laciendum</strong></span> <span class='ocrx_word' id='word_1_116' title='bbox 1305 2243 1355 2304; x_wconf 91' lang='lat' dir='ltr'><strong>sit,</strong></span> 
     </span>
     <span class='ocr_line' id='line_1_15' title="bbox 217 2326 1356 2393; baseline 0.002 -18"><span class='ocrx_word' id='word_1_117' title='bbox 217 2339 252 2378; x_wconf 68' lang='lat' dir='ltr'><strong>vs⁴</strong></span> <span class='ocrx_word' id='word_1_118' title='bbox 265 2330 340 2379; x_wconf 87' lang='lat' dir='ltr'><strong>t-7.</strong></span> <span class='ocrx_word' id='word_1_119' title='bbox 358 2327 439 2379; x_wconf 87' lang='lat' dir='ltr'><strong>Mittit</strong></span> <span class='ocrx_word' id='word_1_120' title='bbox 452 2328 541 2380; x_wconf 87' lang='lat' dir='ltr'><strong>statim</strong></span> <span class='ocrx_word' id='word_1_121' title='bbox 555 2326 690 2379; x_wconf 90' lang='lat' dir='ltr'><strong>Cornelius</strong></span> <span class='ocrx_word' id='word_1_122' title='bbox 701 2327 784 2390; x_wconf 89' lang='lat' dir='ltr'><strong>viros,</strong></span> <span class='ocrx_word' id='word_1_123' title='bbox 803 2327 849 2393; x_wconf 91' lang='lat' dir='ltr'><strong>qui</strong></span> <span class='ocrx_word' id='word_1_124' title='bbox 861 2326 968 2377; x_wconf 91' lang='lat' dir='ltr'><strong>Petrum</strong></span> <span class='ocrx_word' id='word_1_125' title='bbox 981 2328 1124 2387; x_wconf 80' lang='lat' dir='ltr'><strong>arcessant,</strong></span> <span class='ocrx_word' id='word_1_126' title='bbox 1138 2340 1178 2377; x_wconf 90' lang='lat' dir='ltr'><strong>vs.</strong></span> <span class='ocrx_word' id='word_1_127' title='bbox 1191 2326 1246 2376; x_wconf 86' lang='lat'><strong>7-8.</strong></span> <span class='ocrx_word' id='word_1_128' title='bbox 1260 2326 1292 2377; x_wconf 92' lang='lat' dir='ltr'><strong>Hi</strong></span> <span class='ocrx_word' id='word_1_129' title='bbox 1304 2339 1356 2393; x_wconf 93' lang='lat' dir='ltr'><strong>quo</strong></span> 
     </span>
     <span class='ocr_line' id='line_1_16' title="bbox 218 2409 1357 2477; baseline -0.001 -17"><span class='ocrx_word' id='word_1_130' title='bbox 218 2413 328 2477; x_wconf 87' lang='lat' dir='ltr'><strong>tempore</strong></span> <span class='ocrx_word' id='word_1_131' title='bbox 346 2411 496 2463; x_wconf 84' lang='lat' dir='ltr'><strong>Caesaream</strong></span> <span class='ocrx_word' id='word_1_132' title='bbox 513 2411 565 2463; x_wconf 90' lang='lat' dir='ltr'><strong>iam</strong></span> <span class='ocrx_word' id='word_1_133' title='bbox 582 2410 810 2477; x_wconf 88' lang='lat' dir='ltr'><strong>appropinquant,</strong></span> <span class='ocrx_word' id='word_1_134' title='bbox 824 2409 917 2461; x_wconf 88' lang='lat' dir='ltr'><strong>Petrus</strong></span> <span class='ocrx_word' id='word_1_135' title='bbox 929 2411 1009 2461; x_wconf 91' lang='lat' dir='ltr'><strong>sacris</strong></span> <span class='ocrx_word' id='word_1_136' title='bbox 1020 2409 1141 2475; x_wconf 88' lang='lat' dir='ltr'><strong>precibus</strong></span> <span class='ocrx_word' id='word_1_137' title='bbox 1152 2412 1241 2472; x_wconf 80' lang='lat' dir='ltr'><strong>vacat3</strong></span> <span class='ocrx_word' id='word_1_138' title='bbox 1255 2412 1282 2460; x_wconf 90' lang='lat' dir='ltr'><strong>ot</strong></span> <span class='ocrx_word' id='word_1_139' title='bbox 1293 2409 1357 2460; x_wconf 92' lang='lat' dir='ltr'><strong>dum</strong></span> 
     </span>
     <span class='ocr_line' id='line_1_17' title="bbox 218 2493 1358 2559; baseline 0 -15"><span class='ocrx_word' id='word_1_140' title='bbox 218 2497 285 2556; x_wconf 88' lang='lat' dir='ltr'><strong>orat,</strong></span> <span class='ocrx_word' id='word_1_141' title='bbox 303 2494 407 2546; x_wconf 91' lang='lat' dir='ltr'><strong>animus</strong></span> <span class='ocrx_word' id='word_1_142' title='bbox 418 2496 475 2546; x_wconf 91' lang='lat' dir='ltr'><strong>eius</strong></span> <span class='ocrx_word' id='word_1_143' title='bbox 486 2495 572 2546; x_wconf 89' lang='lat' dir='ltr'><strong>subito</strong></span> <span class='ocrx_word' id='word_1_144' title='bbox 584 2508 597 2546; x_wconf 89' lang='lat' dir='ltr'><strong>a</strong></span> <span class='ocrx_word' id='word_1_145' title='bbox 610 2493 730 2545; x_wconf 88' lang='lat' dir='ltr'><strong>sensibus</strong></span> <span class='ocrx_word' id='word_1_146' title='bbox 741 2493 880 2555; x_wconf 87' lang='lat' dir='ltr'><strong>alienatur,</strong></span> <span class='ocrx_word' id='word_1_147' title='bbox 893 2507 931 2544; x_wconf 87' lang='lat' dir='ltr'><strong>vs.</strong></span> <span class='ocrx_word' id='word_1_148' title='bbox 944 2494 1034 2544; x_wconf 82' lang='lat' dir='ltr'><strong>9-t0.</strong></span> <span class='ocrx_word' id='word_1_149' title='bbox 1048 2493 1169 2559; x_wconf 88' lang='lat' dir='ltr'><strong>Dumque</strong></span> <span class='ocrx_word' id='word_1_150' title='bbox 1181 2493 1208 2543; x_wconf 92' lang='lat' dir='ltr'><strong>in</strong></span> <span class='ocrx_word' id='word_1_151' title='bbox 1220 2506 1250 2544; x_wconf 90' lang='lat' dir='ltr'><strong>oa</strong></span> <span class='ocrx_word' id='word_1_152' title='bbox 1263 2494 1358 2544; x_wconf 89' lang='lat' dir='ltr'><strong>mentis</strong></span> 
     </span>
     <span class='ocr_line' id='line_1_18' title="bbox 218 2575 1358 2642; baseline 0.002 -16"><span class='ocrx_word' id='word_1_153' title='bbox 218 2578 307 2629; x_wconf 85' lang='lat' dir='ltr'><strong>exstasi</strong></span> <span class='ocrx_word' id='word_1_154' title='bbox 329 2579 489 2630; x_wconf 91' lang='lat' dir='ltr'><strong>constitutus</strong></span> <span class='ocrx_word' id='word_1_155' title='bbox 499 2581 553 2638; x_wconf 90' lang='lat' dir='ltr'><strong>est,</strong></span> <span class='ocrx_word' id='word_1_156' title='bbox 567 2578 655 2629; x_wconf 90' lang='lat' dir='ltr'><strong>animo</strong></span> <span class='ocrx_word' id='word_1_157' title='bbox 667 2578 723 2629; x_wconf 88' lang='lat' dir='ltr'><strong>eius</strong></span> <span class='ocrx_word' id='word_1_158' title='bbox 734 2576 861 2627; x_wconf 90' lang='lat' dir='ltr'><strong>divinitus</strong></span> <span class='ocrx_word' id='word_1_159' title='bbox 872 2576 1029 2628; x_wconf 83' lang='lat' dir='ltr'><strong>informatur</strong></span> <span class='ocrx_word' id='word_1_160' title='bbox 1040 2577 1140 2642; x_wconf 90' lang='lat' dir='ltr'><strong>species</strong></span> <span class='ocrx_word' id='word_1_161' title='bbox 1150 2575 1231 2627; x_wconf 89' lang='lat' dir='ltr'><strong>voluti</strong></span> <span class='ocrx_word' id='word_1_162' title='bbox 1243 2576 1358 2641; x_wconf 84' lang='lat' dir='ltr'><strong>ingentis</strong></span> 
     </span>
     <span class='ocr_line' id='line_1_19' title="bbox 218 2660 1358 2725; baseline 0.001 -15"><span class='ocrx_word' id='word_1_163' title='bbox 218 2661 347 2712; x_wconf 92' lang='lat' dir='ltr'><strong>cuiusdam</strong></span> <span class='ocrx_word' id='word_1_164' title='bbox 359 2661 527 2724; x_wconf 90' lang='lat' dir='ltr'><strong>linteaminis,</strong></span> <span class='ocrx_word' id='word_1_165' title='bbox 538 2661 632 2714; x_wconf 89' lang='lat' dir='ltr'><strong>ecoolo</strong></span> <span class='ocrx_word' id='word_1_166' title='bbox 643 2662 672 2712; x_wconf 92' lang='lat' dir='ltr'><strong>in</strong></span> <span class='ocrx_word' id='word_1_167' title='bbox 685 2665 782 2713; x_wconf 88' lang='lat' dir='ltr'><strong>terram</strong></span> <span class='ocrx_word' id='word_1_168' title='bbox 794 2660 909 2723; x_wconf 88' lang='lat' dir='ltr'><strong>demissi,</strong></span> <span class='ocrx_word' id='word_1_169' title='bbox 922 2663 949 2712; x_wconf 88' lang='lat' dir='ltr'><strong>et</strong></span> <span class='ocrx_word' id='word_1_170' title='bbox 959 2660 1117 2712; x_wconf 87' lang='lat' dir='ltr'><strong>continentis</strong></span> <span class='ocrx_word' id='word_1_171' title='bbox 1128 2661 1243 2711; x_wconf 89' lang='lat' dir='ltr'><strong>cuiusvis</strong></span> <span class='ocrx_word' id='word_1_172' title='bbox 1254 2660 1358 2725; x_wconf 83' lang='lat' dir='ltr'><strong>generis</strong></span> 
     </span>
     <span class='ocr_line' id='line_1_20' title="bbox 218 2743 1357 2810; baseline 0.002 -18"><span class='ocrx_word' id='word_1_173' title='bbox 218 2745 347 2808; x_wconf 88' lang='lat' dir='ltr'><strong>animalia,</strong></span> <span class='ocrx_word' id='word_1_174' title='bbox 371 2744 508 2796; x_wconf 94' lang='lat' dir='ltr'><strong>immunda</strong></span> <span class='ocrx_word' id='word_1_175' title='bbox 532 2744 637 2796; x_wconf 90' lang='lat' dir='ltr'><strong>mundis</strong></span> <span class='ocrx_word' id='word_1_176' title='bbox 661 2744 795 2806; x_wconf 83' lang='lat' dir='ltr'><strong>admixta;</strong></span> <span class='ocrx_word' id='word_1_177' title='bbox 820 2743 951 2810; x_wconf 90' lang='lat' dir='ltr'><strong>simulque</strong></span> <span class='ocrx_word' id='word_1_178' title='bbox 973 2743 1079 2795; x_wconf 84' lang='lat' dir='ltr'><strong>videtur</strong></span> <span class='ocrx_word' id='word_1_179' title='bbox 1094 2743 1142 2794; x_wconf 92' lang='lat' dir='ltr'><strong>sibi</strong></span> <span class='ocrx_word' id='word_1_180' title='bbox 1161 2744 1251 2795; x_wconf 88' lang='lat' dir='ltr'><strong>audire</strong></span> <span class='ocrx_word' id='word_1_181' title='bbox 1267 2757 1357 2796; x_wconf 91' lang='lat' dir='ltr'><strong>vocem</strong></span> 
     </span>
     <span class='ocr_line' id='line_1_21' title="bbox 218 2824 1357 2893; baseline 0.003 -18"><span class='ocrx_word' id='word_1_182' title='bbox 218 2824 321 2880; x_wconf 90' lang='lat' dir='ltr'><strong>dicentis</strong></span> <span class='ocrx_word' id='word_1_183' title='bbox 335 2842 341 2878; x_wconf 90' lang='lat'>:</span> <span class='ocrx_word' id='word_1_184' title='bbox 356 2827 455 2892; x_wconf 84' lang='lat' dir='ltr'><strong>Surge,</strong></span> <span class='ocrx_word' id='word_1_185' title='bbox 468 2828 543 2880; x_wconf 87' lang='lat' dir='ltr'><strong>Petro</strong></span> <span class='ocrx_word' id='word_1_186' title='bbox 554 2868 560 2891; x_wconf 96' lang='lat'><strong>,</strong></span> <span class='ocrx_word' id='word_1_187' title='bbox 573 2831 672 2891; x_wconf 88' lang='lat' dir='ltr'><strong>macta,</strong></span> <span class='ocrx_word' id='word_1_188' title='bbox 687 2832 714 2879; x_wconf 91' lang='lat' dir='ltr'><strong>et</strong></span> <span class='ocrx_word' id='word_1_189' title='bbox 725 2828 843 2879; x_wconf 85' lang='lat' dir='ltr'><strong>vesceret</strong></span> <span class='ocrx_word' id='word_1_190' title='bbox 863 2827 938 2879; x_wconf 90' lang='lat' dir='ltr'><strong>Petro</strong></span> <span class='ocrx_word' id='word_1_191' title='bbox 950 2840 1012 2878; x_wconf 89' lang='lat' dir='ltr'><strong>vero</strong></span> <span class='ocrx_word' id='word_1_192' title='bbox 1026 2827 1133 2893; x_wconf 84' lang='lat' dir='ltr'><strong>neganti</strong></span> <span class='ocrx_word' id='word_1_193' title='bbox 1143 2841 1171 2879; x_wconf 88' lang='lat' dir='ltr'><strong>so</strong></span> <span class='ocrx_word' id='word_1_194' title='bbox 1182 2831 1357 2880; x_wconf 91' lang='lat' dir='ltr'><strong>comesturum</strong></span> 
     </span>
     <span class='ocr_line' id='line_1_22' title="bbox 218 2909 1358 2978; baseline 0.003 -18"><span class='ocrx_word' id='word_1_195' title='bbox 218 2923 268 2963; x_wconf 90' lang='lat' dir='ltr'><strong>esse</strong></span> <span class='ocrx_word' id='word_1_196' title='bbox 279 2912 425 2978; x_wconf 89' lang='lat' dir='ltr'><strong>quidquam</strong></span> <span class='ocrx_word' id='word_1_197' title='bbox 438 2912 509 2977; x_wconf 91' lang='lat' dir='ltr'><strong>quod</strong></span> <span class='ocrx_word' id='word_1_198' title='bbox 521 2911 589 2976; x_wconf 83' lang='lat' dir='ltr'><strong>Lege</strong></span> <span class='ocrx_word' id='word_1_199' title='bbox 601 2915 734 2978; x_wconf 87' lang='lat' dir='ltr'><strong>tamquam</strong></span> <span class='ocrx_word' id='word_1_200' title='bbox 746 2909 914 2962; x_wconf 91' lang='lat' dir='ltr'><strong>immundum</strong></span> <span class='ocrx_word' id='word_1_201' title='bbox 926 2913 1068 2973; x_wconf 89' lang='lat' dir='ltr'><strong>vetaretur,</strong></span> <span class='ocrx_word' id='word_1_202' title='bbox 1079 2911 1170 2962; x_wconf 88' lang='lat' dir='ltr'><strong>eadem</strong></span> <span class='ocrx_word' id='word_1_203' title='bbox 1182 2923 1234 2961; x_wconf 80' lang='lat' dir='ltr'><strong>vox</strong></span> <span class='ocrx_word' id='word_1_204' title='bbox 1246 2924 1358 2977; x_wconf 89' lang='lat' dir='ltr'><strong>respon-</strong></span> 
     </span>
     <span class='ocr_line' id='line_1_23' title="bbox 218 2991 1357 3059; baseline 0.002 -16"><span class='ocrx_word' id='word_1_205' title='bbox 218 2991 257 3045; x_wconf 88' lang='lat' dir='ltr'><strong>det</strong></span> <span class='ocrx_word' id='word_1_206' title='bbox 269 3011 275 3046; x_wconf 90' lang='lat'>:</span> <span class='ocrx_word' id='word_1_207' title='bbox 289 2995 327 3046; x_wconf 88' lang='lat' dir='ltr'><strong>Tu</strong></span> <span class='ocrx_word' id='word_1_208' title='bbox 341 3007 374 3045; x_wconf 92' lang='lat' dir='ltr'><strong>no</strong></span> <span class='ocrx_word' id='word_1_209' title='bbox 385 2993 484 3045; x_wconf 89' lang='lat' dir='ltr'><strong>iudices</strong></span> <span class='ocrx_word' id='word_1_210' title='bbox 501 2993 653 3057; x_wconf 91' lang='lat' dir='ltr'><strong>immunda,</strong></span> <span class='ocrx_word' id='word_1_211' title='bbox 672 3007 740 3059; x_wconf 88' lang='lat' dir='ltr'><strong>quac</strong></span> <span class='ocrx_word' id='word_1_212' title='bbox 758 2994 827 3045; x_wconf 88' lang='lat' dir='ltr'><strong>Deus</strong></span> <span class='ocrx_word' id='word_1_213' title='bbox 844 2992 985 3044; x_wconf 87' lang='lat' dir='ltr'><strong>declaravit</strong></span> <span class='ocrx_word' id='word_1_214' title='bbox 1002 3006 1057 3044; x_wconf 90' lang='lat' dir='ltr'><strong>esse</strong></span> <span class='ocrx_word' id='word_1_215' title='bbox 1071 2991 1184 3057; x_wconf 91' lang='lat' dir='ltr'><strong>munda,</strong></span> <span class='ocrx_word' id='word_1_216' title='bbox 1196 3006 1235 3043; x_wconf 86' lang='lat' dir='ltr'><strong>vs.</strong></span> <span class='ocrx_word' id='word_1_217' title='bbox 1249 2994 1357 3045; x_wconf 82' lang='lat' dir='ltr'><strong>tt-rr.</strong></span> 
     </span>
     <span class='ocr_line' id='line_1_24' title="bbox 217 3076 1358 3145; baseline 0.003 -18"><span class='ocrx_word' id='word_1_218' title='bbox 217 3076 252 3128; x_wconf 84' lang='lat' dir='ltr'><strong>dd</strong></span> <span class='ocrx_word' id='word_1_219' title='bbox 263 3092 290 3129; x_wconf 88' lang='lat' dir='ltr'><strong>se</strong></span> <span class='ocrx_word' id='word_1_220' title='bbox 302 3091 423 3129; x_wconf 86' lang='lat' dir='ltr'><strong>reversus</strong></span> <span class='ocrx_word' id='word_1_221' title='bbox 439 3078 532 3130; x_wconf 88' lang='lat' dir='ltr'><strong>Petrus</strong></span> <span class='ocrx_word' id='word_1_222' title='bbox 549 3078 613 3129; x_wconf 91' lang='lat' dir='ltr'><strong>dum</strong></span> <span class='ocrx_word' id='word_1_223' title='bbox 631 3078 758 3145; x_wconf 90' lang='lat' dir='ltr'><strong>expendit</strong></span> <span class='ocrx_word' id='word_1_224' title='bbox 769 3077 832 3143; x_wconf 92' lang='lat' dir='ltr'><strong>quid</strong></span> <span class='ocrx_word' id='word_1_225' title='bbox 844 3077 888 3129; x_wconf 92' lang='lat' dir='ltr'><strong>illa</strong></span> <span class='ocrx_word' id='word_1_226' title='bbox 901 3078 965 3128; x_wconf 93' lang='lat' dir='ltr'><strong>visio</strong></span> <span class='ocrx_word' id='word_1_227' title='bbox 982 3077 1126 3142; x_wconf 85' lang='lat' dir='ltr'><strong>significet,</strong></span> <span class='ocrx_word' id='word_1_228' title='bbox 1145 3079 1197 3128; x_wconf 90' lang='lat' dir='ltr'><strong>iam</strong></span> <span class='ocrx_word' id='word_1_229' title='bbox 1209 3077 1314 3129; x_wconf 87' lang='lat' dir='ltr'><strong>adstant</strong></span> <span class='ocrx_word' id='word_1_230' title='bbox 1324 3076 1358 3130; x_wconf 87' lang='lat' dir='ltr'><strong>ad</strong></span> 
     </span>
     <span class='ocr_line' id='line_1_25' title="bbox 218 3159 1359 3226; baseline 0.001 -17"><span class='ocrx_word' id='word_1_231' title='bbox 218 3162 307 3212; x_wconf 91' lang='lat' dir='ltr'><strong>ostium</strong></span> <span class='ocrx_word' id='word_1_232' title='bbox 324 3160 418 3213; x_wconf 81' lang='lat' dir='ltr'><strong>domus</strong></span> <span class='ocrx_word' id='word_1_233' title='bbox 429 3159 506 3226; x_wconf 82' lang='lat' dir='ltr'><strong>legati</strong></span> <span class='ocrx_word' id='word_1_234' title='bbox 520 3159 639 3212; x_wconf 88' lang='lat' dir='ltr'><strong>Cornelii.</strong></span> <span class='ocrx_word' id='word_1_235' title='bbox 653 3160 729 3212; x_wconf 87' lang='lat' dir='ltr'><strong>Prius</strong></span> <span class='ocrx_word' id='word_1_236' title='bbox 740 3164 828 3212; x_wconf 89' lang='lat' dir='ltr'><strong>autem</strong></span> <span class='ocrx_word' id='word_1_237' title='bbox 842 3173 920 3226; x_wconf 90' lang='lat' dir='ltr'><strong>quam</strong></span> <span class='ocrx_word' id='word_1_238' title='bbox 935 3159 972 3210; x_wconf 95' lang='lat' dir='ltr'><strong>illi</strong></span> <span class='ocrx_word' id='word_1_239' title='bbox 986 3160 1127 3212; x_wconf 84' lang='lat' dir='ltr'><strong>nunciatur</strong></span> <span class='ocrx_word' id='word_1_240' title='bbox 1140 3160 1277 3211; x_wconf 82' lang='lat' dir='ltr'><strong>advenisse</strong></span> <span class='ocrx_word' id='word_1_241' title='bbox 1288 3160 1359 3212; x_wconf 91' lang='lat' dir='ltr'><strong>viros</strong></span> 
     </span>
     <span class='ocr_line' id='line_1_26' title="bbox 218 3241 1358 3310; baseline 0.002 -17"><span class='ocrx_word' id='word_1_242' title='bbox 218 3243 257 3306; x_wconf 87' lang='lat' dir='ltr'><strong>qui</strong></span> <span class='ocrx_word' id='word_1_243' title='bbox 274 3247 432 3310; x_wconf 87' lang='lat' dir='ltr'><strong>quaererent</strong></span> <span class='ocrx_word' id='word_1_244' title='bbox 448 3243 548 3308; x_wconf 87' lang='lat' dir='ltr'><strong>ipsum,</strong></span> <span class='ocrx_word' id='word_1_245' title='bbox 568 3243 610 3295; x_wconf 92' lang='lat' dir='ltr'><strong>ille</strong></span> <span class='ocrx_word' id='word_1_246' title='bbox 627 3242 754 3294; x_wconf 89' lang='lat' dir='ltr'><strong>divinitus</strong></span> <span class='ocrx_word' id='word_1_247' title='bbox 771 3256 826 3294; x_wconf 91' lang='lat' dir='ltr'><strong>rem</strong></span> <span class='ocrx_word' id='word_1_248' title='bbox 843 3242 975 3305; x_wconf 86' lang='lat' dir='ltr'><strong>edocetur,</strong></span> <span class='ocrx_word' id='word_1_249' title='bbox 993 3241 1125 3308; x_wconf 88' lang='lat' dir='ltr'><strong>simulque</strong></span> <span class='ocrx_word' id='word_1_250' title='bbox 1142 3242 1257 3307; x_wconf 90' lang='lat' dir='ltr'><strong>iubetur,</strong></span> <span class='ocrx_word' id='word_1_251' title='bbox 1276 3244 1358 3295; x_wconf 92' lang='lat' dir='ltr'><strong>utne</strong></span> 
     </span>
     <span class='ocr_line' id='line_1_27' title="bbox 218 3323 1361 3394; baseline 0 -18"><span class='ocrx_word' id='word_1_252' title='bbox 218 3323 315 3378; x_wconf 88' lang='lat' dir='ltr'><strong>dubitet</strong></span> <span class='ocrx_word' id='word_1_253' title='bbox 326 3326 454 3394; x_wconf 89' lang='lat' dir='ltr'><strong>proficisci</strong></span> <span class='ocrx_word' id='word_1_254' title='bbox 467 3340 527 3378; x_wconf 90' lang='lat' dir='ltr'><strong>oum</strong></span> <span class='ocrx_word' id='word_1_255' title='bbox 540 3326 606 3390; x_wconf 89' lang='lat' dir='ltr'><strong>illis;</strong></span> <span class='ocrx_word' id='word_1_256' title='bbox 620 3325 690 3393; x_wconf 93' lang='lat' dir='ltr'><strong>quod</strong></span> <span class='ocrx_word' id='word_1_257' title='bbox 702 3329 729 3378; x_wconf 88' lang='lat' dir='ltr'><strong>et</strong></span> <span class='ocrx_word' id='word_1_258' title='bbox 741 3326 812 3389; x_wconf 85' lang='lat' dir='ltr'><strong>lacit,</strong></span> <span class='ocrx_word' id='word_1_259' title='bbox 825 3340 864 3377; x_wconf 89' lang='lat' dir='ltr'><strong>vs.</strong></span> <span class='ocrx_word' id='word_1_260' title='bbox 880 3325 985 3378; x_wconf 71' lang='lat'><strong>17-24.</strong></span> <span class='ocrx_word' id='word_1_261' title='bbox 1000 3325 1126 3378; x_wconf 90' lang='lat' dir='ltr'><strong>Postridie</strong></span> <span class='ocrx_word' id='word_1_262' title='bbox 1138 3339 1217 3392; x_wconf 88' lang='lat' dir='ltr'><strong>quam</strong></span> <span class='ocrx_word' id='word_1_263' title='bbox 1230 3340 1257 3378; x_wconf 92' lang='lat' dir='ltr'><strong>se</strong></span> <span class='ocrx_word' id='word_1_264' title='bbox 1269 3326 1296 3377; x_wconf 92' lang='lat' dir='ltr'><strong>in</strong></span> <span class='ocrx_word' id='word_1_265' title='bbox 1310 3327 1361 3379; x_wconf 91' lang='lat' dir='ltr'><strong>iter</strong></span> 
     </span>
     <span class='ocr_line' id='line_1_28' title="bbox 217 3407 1358 3478; baseline 0.004 -18"><span class='ocrx_word' id='word_1_266' title='bbox 217 3407 334 3473; x_wconf 87' lang='lat' dir='ltr'><strong>dederat,</strong></span> <span class='ocrx_word' id='word_1_267' title='bbox 353 3409 503 3463; x_wconf 87' lang='lat' dir='ltr'><strong>Caesaream</strong></span> <span class='ocrx_word' id='word_1_268' title='bbox 514 3412 651 3477; x_wconf 87' lang='lat' dir='ltr'><strong>pervenit,</strong></span> <span class='ocrx_word' id='word_1_269' title='bbox 663 3414 690 3463; x_wconf 89' lang='lat' dir='ltr'><strong>et</strong></span> <span class='ocrx_word' id='word_1_270' title='bbox 701 3409 888 3463; x_wconf 88' lang='lat' dir='ltr'><strong>venerabunde</strong></span> <span class='ocrx_word' id='word_1_271' title='bbox 899 3425 914 3463; x_wconf 91' lang='lat' dir='ltr'><strong>a</strong></span> <span class='ocrx_word' id='word_1_272' title='bbox 926 3410 1045 3462; x_wconf 90' lang='lat' dir='ltr'><strong>Cornelio</strong></span> <span class='ocrx_word' id='word_1_273' title='bbox 1058 3414 1198 3477; x_wconf 84' lang='lat' dir='ltr'><strong>exceptus,</strong></span> <span class='ocrx_word' id='word_1_274' title='bbox 1213 3411 1251 3462; x_wconf 93' lang='lat' dir='ltr'><strong>illi</strong></span> <span class='ocrx_word' id='word_1_275' title='bbox 1264 3411 1358 3478; x_wconf 87' lang='lat' dir='ltr'><strong>aperit,</strong></span> 
     </span>
     <span class='ocr_line' id='line_1_29' title="bbox 216 3492 1360 3560; baseline 0.003 -18"><span class='ocrx_word' id='word_1_276' title='bbox 216 3504 259 3554; x_wconf 82' lang='lat' dir='ltr'><strong>cur</strong></span> <span class='ocrx_word' id='word_1_277' title='bbox 276 3493 387 3545; x_wconf 87' lang='lat' dir='ltr'><strong>ludacus</strong></span> <span class='ocrx_word' id='word_1_278' title='bbox 406 3507 458 3546; x_wconf 92' lang='lat' dir='ltr'><strong>non</strong></span> <span class='ocrx_word' id='word_1_279' title='bbox 483 3494 628 3546; x_wconf 89' lang='lat' dir='ltr'><strong>dubitasset</strong></span> <span class='ocrx_word' id='word_1_280' title='bbox 650 3493 783 3545; x_wconf 90' lang='lat' dir='ltr'><strong>hominem</strong></span> <span class='ocrx_word' id='word_1_281' title='bbox 808 3494 880 3546; x_wconf 88' lang='lat' dir='ltr'><strong>adiro</strong></span> <span class='ocrx_word' id='word_1_282' title='bbox 897 3492 1044 3555; x_wconf 89' lang='lat' dir='ltr'><strong>Gentilem;</strong></span> <span class='ocrx_word' id='word_1_283' title='bbox 1070 3507 1165 3560; x_wconf 89' lang='lat' dir='ltr'><strong>nempe</strong></span> <span class='ocrx_word' id='word_1_284' title='bbox 1189 3493 1316 3546; x_wconf 89' lang='lat' dir='ltr'><strong>divinitus</strong></span> <span class='ocrx_word' id='word_1_285' title='bbox 1332 3508 1360 3546; x_wconf 92' lang='lat' dir='ltr'><strong>se</strong></span> 
     </span>
     <span class='ocr_line' id='line_1_30' title="bbox 217 3573 1359 3642; baseline 0.002 -18"><span class='ocrx_word' id='word_1_286' title='bbox 217 3573 334 3626; x_wconf 88' lang='lat' dir='ltr'><strong>edoctum</strong></span> <span class='ocrx_word' id='word_1_287' title='bbox 352 3574 447 3634; x_wconf 86' lang='lat' dir='ltr'><strong>luisse,</strong></span> <span class='ocrx_word' id='word_1_288' title='bbox 462 3575 594 3626; x_wconf 90' lang='lat' dir='ltr'><strong>neminem</strong></span> <span class='ocrx_word' id='word_1_289' title='bbox 611 3573 747 3626; x_wconf 91' lang='lat' dir='ltr'><strong>hominum</strong></span> <span class='ocrx_word' id='word_1_290' title='bbox 765 3575 888 3642; x_wconf 91' lang='lat' dir='ltr'><strong>deinceps</strong></span> <span class='ocrx_word' id='word_1_291' title='bbox 904 3588 952 3642; x_wconf 92' lang='lat' dir='ltr'><strong>pro</strong></span> <span class='ocrx_word' id='word_1_292' title='bbox 968 3574 1105 3626; x_wconf 90' lang='lat' dir='ltr'><strong>immundo</strong></span> <span class='ocrx_word' id='word_1_293' title='bbox 1123 3589 1178 3626; x_wconf 92' lang='lat' dir='ltr'><strong>esse</strong></span> <span class='ocrx_word' id='word_1_294' title='bbox 1196 3573 1359 3640; x_wconf 90' lang='lat' dir='ltr'><strong>habendum,</strong></span> 
     </span>
     <span class='ocr_line' id='line_1_31' title="bbox 217 3655 1360 3725; baseline 0.003 -19"><span class='ocrx_word' id='word_1_295' title='bbox 217 3667 251 3708; x_wconf 88' lang='lat' dir='ltr'><strong>vs.</strong></span> <span class='ocrx_word' id='word_1_296' title='bbox 265 3655 373 3708; x_wconf 71' lang='lat'><strong>24-29.</strong></span> <span class='ocrx_word' id='word_1_297' title='bbox 390 3656 525 3709; x_wconf 91' lang='lat' dir='ltr'><strong>Cornelius</strong></span> <span class='ocrx_word' id='word_1_298' title='bbox 542 3660 630 3709; x_wconf 88' lang='lat' dir='ltr'><strong>autem</strong></span> <span class='ocrx_word' id='word_1_299' title='bbox 642 3671 658 3709; x_wconf 89' lang='lat' dir='ltr'><strong>a</strong></span> <span class='ocrx_word' id='word_1_300' title='bbox 670 3657 746 3709; x_wconf 90' lang='lat' dir='ltr'><strong>Petro</strong></span> <span class='ocrx_word' id='word_1_301' title='bbox 762 3661 884 3722; x_wconf 81' lang='lat' dir='ltr'><strong>rogatus,</strong></span> <span class='ocrx_word' id='word_1_302' title='bbox 903 3671 983 3725; x_wconf 90' lang='lat' dir='ltr'><strong>quam</strong></span> <span class='ocrx_word' id='word_1_303' title='bbox 994 3657 1027 3709; x_wconf 90' lang='lat' dir='ltr'><strong>ab</strong></span> <span class='ocrx_word' id='word_1_304' title='bbox 1039 3671 1143 3710; x_wconf 86' lang='lat' dir='ltr'><strong>causam</strong></span> <span class='ocrx_word' id='word_1_305' title='bbox 1160 3658 1236 3710; x_wconf 92' lang='lat' dir='ltr'><strong>illum</strong></span> <span class='ocrx_word' id='word_1_306' title='bbox 1247 3659 1360 3711; x_wconf 88' lang='lat' dir='ltr'><strong>accersi·</strong></span> 
     </span>
     <span class='ocr_line' id='line_1_32' title="bbox 217 3734 1358 3807; baseline 0.003 -18"><span class='ocrx_word' id='word_1_307' title='bbox 217 3741 301 3803; x_wconf 87' lang='lat' dir='ltr'><strong>risset,</strong></span> <span class='ocrx_word' id='word_1_308' title='bbox 311 3739 354 3791; x_wconf 91' lang='lat' dir='ltr'><strong>hic</strong></span> <span class='ocrx_word' id='word_1_309' title='bbox 367 3742 472 3791; x_wconf 88' lang='lat' dir='ltr'><strong>enarrat</strong></span> <span class='ocrx_word' id='word_1_310' title='bbox 484 3753 551 3807; x_wconf 89' lang='lat' dir='ltr'><strong>quae</strong></span> <span class='ocrx_word' id='word_1_311' title='bbox 564 3740 613 3792; x_wconf 92' lang='lat' dir='ltr'><strong>sibi</strong></span> <span class='ocrx_word' id='word_1_312' title='bbox 626 3741 790 3802; x_wconf 89' lang='lat' dir='ltr'><strong>accidissent,</strong></span> <span class='ocrx_word' id='word_1_313' title='bbox 803 3754 893 3806; x_wconf 91' lang='lat' dir='ltr'><strong>seque,</strong></span> <span class='ocrx_word' id='word_1_314' title='bbox 904 3734 1050 3792; x_wconf 85' lang='lat' dir='ltr'><strong>secunduni</strong></span> <span class='ocrx_word' id='word_1_315' title='bbox 1062 3740 1181 3792; x_wconf 89' lang='lat' dir='ltr'><strong>divinum</strong></span> <span class='ocrx_word' id='word_1_316' title='bbox 1194 3741 1358 3805; x_wconf 89' lang='lat' dir='ltr'><strong>mandatum,</strong></span> 
     </span>
     <span class='ocr_line' id='line_1_33' title="bbox 216 3822 1361 3890; baseline 0.002 -16"><span class='ocrx_word' id='word_1_317' title='bbox 216 3823 321 3874; x_wconf 88' lang='lat' dir='ltr'><strong>aPotro</strong></span> <span class='ocrx_word' id='word_1_318' title='bbox 339 3837 395 3874; x_wconf 88' lang='lat' dir='ltr'><strong>esse</strong></span> <span class='ocrx_word' id='word_1_319' title='bbox 411 3824 589 3886; x_wconf 91' lang='lat' dir='ltr'><strong>edocendum,</strong></span> <span class='ocrx_word' id='word_1_320' title='bbox 609 3823 673 3890; x_wconf 91' lang='lat' dir='ltr'><strong>quid</strong></span> <span class='ocrx_word' id='word_1_321' title='bbox 690 3837 717 3874; x_wconf 93' lang='lat' dir='ltr'><strong>sc</strong></span> <span class='ocrx_word' id='word_1_322' title='bbox 734 3823 818 3875; x_wconf 84' lang='lat' dir='ltr'><strong>facore</strong></span> <span class='ocrx_word' id='word_1_323' title='bbox 835 3825 983 3889; x_wconf 89' lang='lat' dir='ltr'><strong>oporteret,</strong></span> <span class='ocrx_word' id='word_1_324' title='bbox 1003 3837 1042 3875; x_wconf 86' lang='lat' dir='ltr'><strong>vs.</strong></span> <span class='ocrx_word' id='word_1_325' title='bbox 1062 3822 1171 3876; x_wconf 73' lang='lat' dir='ltr'><strong>aa-aa.</strong></span> <span class='ocrx_word' id='word_1_326' title='bbox 1192 3823 1282 3876; x_wconf 85' lang='lat' dir='ltr'><strong>Officio</strong></span> <span class='ocrx_word' id='word_1_327' title='bbox 1300 3822 1361 3876; x_wconf 90' lang='lat' dir='ltr'><strong>huic</strong></span> 
     </span>
     <span class='ocr_line' id='line_1_34' title="bbox 216 3905 1360 3973; baseline 0.002 -17"><span class='ocrx_word' id='word_1_328' title='bbox 216 3905 400 3963; x_wconf 82' lang='lat' dir='ltr'><strong>satisfacturus,</strong></span> <span class='ocrx_word' id='word_1_329' title='bbox 415 3906 508 3958; x_wconf 87' lang='lat' dir='ltr'><strong>Petrus</strong></span> <span class='ocrx_word' id='word_1_330' title='bbox 519 3905 638 3958; x_wconf 89' lang='lat' dir='ltr'><strong>Cornelio</strong></span> <span class='ocrx_word' id='word_1_331' title='bbox 650 3907 797 3972; x_wconf 90' lang='lat' dir='ltr'><strong>ceterisque</strong></span> <span class='ocrx_word' id='word_1_332' title='bbox 808 3907 854 3973; x_wconf 94' lang='lat' dir='ltr'><strong>qui</strong></span> <span class='ocrx_word' id='word_1_333' title='bbox 866 3907 904 3959; x_wconf 91' lang='lat' dir='ltr'><strong>ibi</strong></span> <span class='ocrx_word' id='word_1_334' title='bbox 915 3907 1025 3959; x_wconf 89' lang='lat' dir='ltr'><strong>adorant</strong></span> <span class='ocrx_word' id='word_1_335' title='bbox 1038 3908 1123 3959; x_wconf 90' lang='lat' dir='ltr'><strong>losum</strong></span> <span class='ocrx_word' id='word_1_336' title='bbox 1135 3906 1268 3958; x_wconf 90' lang='lat' dir='ltr'><strong>Christum</strong></span> <span class='ocrx_word' id='word_1_337' title='bbox 1280 3920 1360 3973; x_wconf 88' lang='lat' dir='ltr'><strong>prae-</strong></span> 
     </span>
     <span class='ocr_line' id='line_1_35' title="bbox 216 3986 1361 4056; baseline 0.001 -18"><span class='ocrx_word' id='word_1_338' title='bbox 216 3986 296 4050; x_wconf 87' lang='lat' dir='ltr'><strong>dicat,</strong></span> <span class='ocrx_word' id='word_1_339' title='bbox 316 4002 355 4039; x_wconf 89' lang='lat' dir='ltr'><strong>vs.</strong></span> <span class='ocrx_word' id='word_1_340' title='bbox 368 3987 476 4040; x_wconf 60' lang='lat' dir='ltr'><strong>ata-ta.</strong></span> <span class='ocrx_word' id='word_1_341' title='bbox 495 3989 571 4042; x_wconf 87' lang='lat' dir='ltr'><strong>Petro</strong></span> <span class='ocrx_word' id='word_1_342' title='bbox 588 3993 676 4041; x_wconf 90' lang='lat' dir='ltr'><strong>autom</strong></span> <span class='ocrx_word' id='word_1_343' title='bbox 693 3988 779 4042; x_wconf 91' lang='lat' dir='ltr'><strong>adhuc</strong></span> <span class='ocrx_word' id='word_1_344' title='bbox 804 3990 945 4056; x_wconf 91' lang='lat' dir='ltr'><strong>loquente,</strong></span> <span class='ocrx_word' id='word_1_345' title='bbox 969 3989 1082 4056; x_wconf 88' lang='lat' dir='ltr'><strong>Spiritus</strong></span> <span class='ocrx_word' id='word_1_346' title='bbox 1109 3990 1220 4042; x_wconf 86' lang='lat' dir='ltr'><strong>Sanctus</strong></span> <span class='ocrx_word' id='word_1_347' title='bbox 1244 3989 1361 4041; x_wconf 90' lang='lat' dir='ltr'><strong>illabitur</strong></span> 
     </span>
     <span class='ocr_line' id='line_1_36' title="bbox 217 4069 1360 4140; baseline 0.004 -20"><span class='ocrx_word' id='word_1_348' title='bbox 217 4069 242 4121; x_wconf 95' lang='lat' dir='ltr'><strong>in</strong></span> <span class='ocrx_word' id='word_1_349' title='bbox 259 4069 408 4122; x_wconf 90' lang='lat' dir='ltr'><strong>Cornelium</strong></span> <span class='ocrx_word' id='word_1_350' title='bbox 426 4071 535 4138; x_wconf 90' lang='lat' dir='ltr'><strong>eiusque</strong></span> <span class='ocrx_word' id='word_1_351' title='bbox 552 4072 721 4135; x_wconf 88' lang='lat' dir='ltr'><strong>domesticos,</strong></span> <span class='ocrx_word' id='word_1_352' title='bbox 741 4073 787 4140; x_wconf 93' lang='lat' dir='ltr'><strong>qui</strong></span> <span class='ocrx_word' id='word_1_353' title='bbox 804 4087 881 4139; x_wconf 92' lang='lat' dir='ltr'><strong>porro</strong></span> <span class='ocrx_word' id='word_1_354' title='bbox 898 4087 989 4126; x_wconf 90' lang='lat' dir='ltr'><strong>omnes</strong></span> <span class='ocrx_word' id='word_1_355' title='bbox 1005 4074 1181 4140; x_wconf 89' lang='lat' dir='ltr'><strong>baptizantur,</strong></span> <span class='ocrx_word' id='word_1_356' title='bbox 1198 4087 1237 4125; x_wconf 89' lang='lat' dir='ltr'><strong>vs.</strong></span> <span class='ocrx_word' id='word_1_357' title='bbox 1251 4071 1360 4125; x_wconf 78' lang='lat' dir='ltr'><strong>ll—l8.</strong></span> 
     </span>
    </p>
   </div>
   <div class='ocr_carea' id='block_1_6' title="bbox 230 4221 1360 4313">
    <p class='ocr_par' dir='ltr' id='par_1_6' title="bbox 230 4221 1360 4313">
     <span class='ocr_line' id='line_1_37' title="bbox 230 4221 1360 4313; baseline 0.003 -26"><span class='ocrx_word' id='word_1_358' title='bbox 230 4221 259 4287; x_wconf 88' lang='lat' dir='ltr'><strong>l.</strong></span> <span class='ocrx_word' id='word_1_359' title='bbox 289 4223 349 4288; x_wconf 83' lang='lat' dir='ltr'><strong>Vir</strong></span> <span class='ocrx_word' id='word_1_360' title='bbox 376 4233 482 4288; x_wconf 85' lang='lat' dir='ltr'><strong>cotem</strong></span> <span class='ocrx_word' id='word_1_361' title='bbox 509 4226 638 4310; x_wconf 83' lang='lat' dir='ltr'><strong>quidam</strong></span> <span class='ocrx_word' id='word_1_362' title='bbox 665 4226 746 4291; x_wconf 84' lang='lat' dir='ltr'><strong>crct¹</strong></span> <span class='ocrx_word' id='word_1_363' title='bbox 777 4229 813 4291; x_wconf 86' lang='lat' dir='ltr'><strong>irt</strong></span> <span class='ocrx_word' id='word_1_364' title='bbox 841 4225 1015 4309; x_wconf 81' lang='lat' dir='ltr'><strong>Caesareo,</strong></span> <span class='ocrx_word' id='word_1_365' title='bbox 1047 4223 1142 4313; x_wconf 83' lang='lat' dir='ltr'><strong>etc).</strong></span> <span class='ocrx_word' id='word_1_366' title='bbox 1174 4224 1360 4313; x_wconf 81' lang='lat' dir='ltr'><strong>lntolligitur</strong></span> 
     </span>
    </p>
   </div>
   <div class='ocr_carea' id='block_1_7' title="bbox 190 4361 380 4377">
    <p class='ocr_par' dir='ltr' id='par_1_7' title="bbox 190 4361 380 4377">
     <span class='ocr_line' id='line_1_38' title="bbox 190 4361 380 4377; baseline 0.005 -1"><span class='ocrx_word' id='word_1_367' title='bbox 190 4361 380 4377; x_wconf 52' lang='lat' dir='ltr'>Q</span> 
     </span>
    </p>
   </div>
   <div class='ocr_carea' id='block_1_8' title="bbox 217 4457 1361 4630">
    <p class='ocr_par' dir='ltr' id='par_1_8' title="bbox 217 4457 1361 4630">
     <span class='ocr_line' id='line_1_39' title="bbox 217 4457 1361 4528; baseline 0.002 -19"><span class='ocrx_word' id='word_1_368' title='bbox 217 4457 236 4524; x_wconf 85' lang='lat'><strong>¹)</strong></span> <span class='ocrx_word' id='word_1_369' title='bbox 252 4460 318 4511; x_wconf 75' lang='lat' dir='ltr'><strong>Van.</strong></span> <span class='ocrx_word' id='word_1_370' title='bbox 337 4472 406 4511; x_wconf 82' lang='lat' dir='ltr'><strong>nnus.</strong></span> <span class='ocrx_word' id='word_1_371' title='bbox 426 4460 484 4512; x_wconf 85' lang='lat' dir='ltr'><strong>Vox</strong></span> <span class='ocrx_word' id='word_1_372' title='bbox 495 4468 529 4520; x_wconf 83' lang='grc' dir='ltr'><strong>ην</strong></span> <span class='ocrx_word' id='word_1_373' title='bbox 547 4474 600 4513; x_wconf 91' lang='lat' dir='ltr'><strong>non</strong></span> <span class='ocrx_word' id='word_1_374' title='bbox 622 4461 717 4527; x_wconf 85' lang='lat' dir='ltr'><strong>legitur</strong></span> <span class='ocrx_word' id='word_1_375' title='bbox 735 4463 762 4514; x_wconf 94' lang='lat' dir='ltr'><strong>in</strong></span> <span class='ocrx_word' id='word_1_376' title='bbox 779 4461 863 4515; x_wconf 78' lang='lat' dir='ltr'><strong>ABCE</strong></span> <span class='ocrx_word' id='word_1_377' title='bbox 881 4461 1024 4528; x_wconf 89' lang='lat' dir='ltr'><strong>multisque</strong></span> <span class='ocrx_word' id='word_1_378' title='bbox 1046 4461 1214 4523; x_wconf 89' lang='lat' dir='ltr'><strong>Minusculis;</strong></span> <span class='ocrx_word' id='word_1_379' title='bbox 1233 4473 1282 4512; x_wconf 90' lang='lat' dir='ltr'><strong>nec</strong></span> <span class='ocrx_word' id='word_1_380' title='bbox 1298 4473 1361 4512; x_wconf 89' lang='lat' dir='ltr'><strong>sane</strong></span> 
     </span>
     <span class='ocr_line' id='line_1_40' title="bbox 1199 4571 1237 4630; baseline 0.026 -1"><span class='ocrx_word' id='word_1_381' title='bbox 1199 4571 1237 4630; x_wconf 78' lang='lat'><strong>18</strong></span> 
     </span>
    </p>
   </div>
   <div class='ocr_carea' id='block_1_9' title="bbox 0 0 1549 5054">
    <p class='ocr_par' dir='ltr' id='par_1_9' title="bbox 0 0 1549 5054">
     <span class='ocr_line' id='line_1_41' title="bbox 0 0 1549 5054; baseline 0 0"><span class='ocrx_word' id='word_1_382' title='bbox 0 0 1549 5054; x_wconf 95' lang='lat' dir='ltr'><strong> </strong></span> 
     </span>
    </p>
   </div>
  </div>
 </body>
</html>
