3074 5054
177 398 243 466 ibt
548 395 683 463 ACTUS
705 395 1039 476 APOSTOLORUM,

176 589 295 655 —Pro
311 591 422 654 rnulto¹
439 590 542 671 mapls
558 589 788 654 convalescebat
803 589 923 656 Graece
939 598 985 654 est
1002 585 1120 674 μαλλον
1137 584 1356 675 soeduuapauro

176 716 279 797 nocais
296 714 519 792 invalescebat,
537 712 621 800 qnod
636 711 676 781 ob
689 723 862 779 contextam
878 715 1048 780 orationem
1064 713 1110 802 (et
1126 716 1355 799 confundebat,

175 834 254 924 ete.)
270 835 392 902 videtur
407 836 583 923 significare
601 860 609 902 :
628 838 752 901 animos
767 837 908 902 sumebat
924 839 1073 902 continuo
1089 841 1241 920 maiores,
1262 835 1359 904 tiebat

176 958 323 1025 continuo
342 957 523 1038 animosior,
542 967 634 1046 pute,
652 957 684 1022 in
701 956 910 1046 praedicendo
927 959 1106 1045 Evangelio.

222 1092 252 1148 et
275 1083 483 1167 confundebat
505 1083 658 1164 Iudaeos,
682 1080 774 1168 etc).
798 1083 856 1149 Gr.
876 1104 1020 1168 συνεχυνε
1041 1082 1266 1165 coretundebat,
1291 1081 1358 1148 effi-

174 1205 275 1275 ciebat
290 1214 324 1300 ut
339 1205 442 1271 animo
459 1215 562 1271 essent
577 1204 710 1272 contusi.
737 1207 854 1271 Modus
874 1227 934 1291 quo
950 1205 982 1272 id
999 1204 1151 1284 efficeret,
1169 1206 1358 1294 exprimitur

175 1332 206 1398 in
231 1329 433 1420 sequentibus
452 1355 460 1397 ε
479 1325 678 1415 coutebatur
699 1355 728 1394 κ.
755 1355 784 1396 τ.
810 1327 840 1392 λ.
867 1329 900 1397 h.
928 1350 957 1396 e.
983 1335 1249 1413 coapmentatlone
1265 1312 1355 1418 argu-

176 1466 370 1537 mentorum,
385 1464 458 1544 puta
474 1454 614 1522 locorum
630 1454 742 1521 Sacrae
754 1453 934 1542 Scripturae
947 1455 1100 1538 prebeas,
1117 1453 1200 1542 quod
1217 1452 1286 1537 (ὁτι)
1304 1455 1358 1520 iiie

176 1583 264 1649 lesus
279 1581 457 1648 Nazarenus
473 1589 554 1646 esset
570 1578 713 1646 Christus
732 1579 757 1661 (ὁ
777 1580 921 1668 Χριστος,
939 1581 978 1644 de
997 1576 1165 1661 Christus),
1186 1576 1219 1644 h.
1236 1598 1264 1643 e.
1282 1599 1358 1667 pro-

177 1704 290 1771 missus
307 1704 358 1770 ille
374 1703 516 1770 Messias.
532 1704 613 1790 Ergo
630 1703 817 1789 argumentis
834 1703 899 1768 suis
914 1702 1109 1769 adversarios
1125 1705 1161 1768 eb
1179 1701 1355 1790 redigebat,

176 1837 210 1894 ut
233 1826 310 1893 nibil
334 1825 484 1893 baberent
507 1824 590 1914 quod
614 1826 879 1906 contradicerent,
897 1837 990 1915 atque
1006 1828 1065 1907 ita,
1087 1826 1228 1893 obturato
1246 1846 1357 1894 eorum

177 1975 248 2033 ore,
276 1954 379 2021 animo
404 1962 520 2020 starent
543 1956 677 2038 confusi.
705 1991 747 2001 -
776 1983 789 2012 «
812 1950 1020 2039 Συμβιβαζειν
1050 1955 1176 2044 proprie
1202 1953 1358 2040 signifieat

177 2080 393 2162 conrplnpere,
410 2088 486 2161 apto
508 2080 717 2141 concnrlssnra
739 2087 968 2160 coaprnentare.
988 2077 1185 2142 Primitivnm
1201 2086 1248 2141 est
1264 2072 1354 2160 βᾱω,

174 2202 315 2282 firmiter
331 2201 429 2279 ultor,
450 2196 531 2263 trnde
550 2190 652 2280 βοιζω,Ι
672 2192 791 2281 βιβαζω
812 2201 913 2281 facio,
933 2209 968 2262 nt
984 2201 1055 2283 qsels
1077 2200 1216 2281 firmiter
1232 2203 1358 2264 nitatur

176 2334 205 2388 et
228 2325 374 2405 baereat;
399 2317 475 2394 ξυλα
498 2315 699 2405 supplebatur
723 2321 850 2410 proprie
873 2321 988 2388 dicitur
1008 2324 1108 2406 taber,
1128 2322 1180 2408 qui
1203 2321 1285 2408 ligna
1302 2321 1357 2389 de·

177 2447 324 2514 corticata
346 2449 430 2530 aptis
446 2448 532 2511 lnter
546 2466 578 2509 se
594 2447 810 2510 commissuris
826 2446 1011 2528 conspinplt.
1033 2444 1136 2532 Atque
1151 2442 1212 2510 hoc
1229 2444 1357 2532 quidem

178 2571 339 2661 proprium
365 2579 411 2635 est
433 2579 463 2635 et
479 2587 677 2656 corporeum.
693 2567 853 2656 Quidquid
871 2578 1029 2657 praeterea
1045 2566 1119 2633 huic
1135 2565 1229 2632 uerbo
1246 2567 1358 2634 tribui-

177 2707 227 2764 tur
254 2691 530 2782 significationum,
561 2689 592 2756 id
620 2709 712 2756 omne
740 2701 786 2758 est
809 2690 972 2778 figuratum
1001 2701 1030 2756 et
1057 2690 1296 2772 secundarium,
1321 2703 1358 2759 ut

177 2837 273 2907 quum
298 2813 450 2904 signifieat
465 2815 634 2879 conciliare
650 2815 868 2881 amicitiant...
888 2815 950 2882 Ubi
966 2814 1004 2881 ad
1021 2814 1191 2882 doctrinam
1209 2816 1358 2882 transier-

177 2949 239 3019 tur,
254 2949 320 3004 tum
336 2946 419 3003 notat
435 2937 466 3002 in
482 2956 537 3003 sua
553 2934 756 3024 amplitudine
774 2957 781 2998 ε
802 2938 876 3003 locis
893 2939 1021 3003 rebusve
1043 2941 1127 3003 inter
1141 2960 1173 3003 se
1189 2960 1358 3023 eompara-

178 3064 239 3144 tc's,
258 3071 350 3148 atque
372 3063 444 3125 binc
467 3062 587 3127 eductis
610 3064 808 3144 arpuncentls
830 3064 973 3144 lepitc'nca
996 3065 1194 3128 conclusione
1218 3066 1303 3128 inter
1323 3086 1358 3128 se

177 3187 268 3250 neoris
284 3187 424 3249 evincere
440 3195 469 3248 et
487 3186 715 3249 demonstrare.
735 3210 748 3241 u
772 3182 884 3250 Valck.
904 3183 942 3250 ad
960 3183 991 3249 b.
1011 3184 1032 3250 Ι.

223 3430 278 3495 23.
307 3428 385 3493 Cum
406 3439 509 3493 auten
533 3431 769 3512 implerentur).
788 3429 846 3495 Gr.
866 3426 1066 3518 επληρουντο,
1082 3430 1165 3518 quod
1189 3450 1259 3496 eum
1283 3450 1357 3497 sen-

175 3570 247 3618 sum
270 3549 362 3617 habet
376 3569 412 3617 ao
428 3551 454 3616 si
471 3550 570 3632 dicas3
590 3572 661 3616 cunr
684 3562 790 3616 autern
808 3555 1024 3636 praeterlapsi
1039 3563 1142 3619 essent
1157 3555 1225 3617 dies
1241 3555 1356 3634 multi,

175 3675 208 3743 h.
236 3696 265 3742 e.
293 3685 362 3764 post
385 3673 452 3741 dies
475 3674 600 3741 multos.
628 3675 770 3742 Verbum
793 3673 980 3766 πληρουσθαι
1003 3677 1040 3744 de
1069 3680 1216 3762 completo
1247 3680 1357 3763 aliquo

176 3805 325 3887 temporis
341 3803 445 3885 spatio
462 3801 492 3866 in
510 3800 683 3868 Graecitate
706 3820 795 3868 saera
810 3801 856 3868 sic
876 3801 1040 3870 adhibetur
1064 3803 1234 3870 secundum
1259 3803 1356 3870 ratio-

175 3945 246 3992 nem
270 3924 414 4012 loquendi
445 3923 675 4003 Hebraeorum,
706 3924 758 4011 qui
782 3923 890 3990 eodem
914 3945 1008 3991 sensu
1030 3945 1121 3992 suum
1150 3919 1207 4009 aba
1235 3925 1357 3993 intran-

175 4049 265 4117 sitive
287 4046 492 4136 usurpabant3
519 4068 549 4112 r.
577 4067 607 4133 g.
633 4047 748 4114 Genes.
777 4049 802 4112 L
828 4073 836 4113 ε
865 4052 897 4115 5.
923 4087 967 4096 -
992 4050 1118 4138 ‘Hpepaa
1143 4053 1262 4129 ίκαναι,
1287 4053 1357 4116 dies

211 4323 229 4388 ¹)
246 4321 313 4374 iilud
338 4323 416 4374 enolto
442 4323 611 4376 tribuendum
637 4323 740 4375 videtur
785 4322 891 4411 πολλῳ
904 4322 1035 4412 μαλλον,
1050 4351 1136 4404 neque
1148 4339 1199 4392 upa
1211 4343 1357 4394 versrofln.

176 4421 322 4488 interpreti,
330 4435 413 4489 quum
424 4422 451 4474 in
461 4422 534 4475 nulio
542 4421 740 4487 oodioelegatur
786 4424 859 4490 tique
871 4437 928 4478 eam
938 4424 1076 4477 lectionem
1087 4423 1218 4478 exhibeat.
