3074 5054
489 404 627 471 curav
661 404 745 483 xx,
783 382 905 471 vens.
945 404 1090 470 nrt-no.
1311 401 1375 467 too

183 615 269 656 vara
286 592 355 659 vide
369 613 464 680 supra
479 592 518 659 ad
535 595 611 682 Cap.
631 592 692 662 Vll
708 616 715 658 :
732 595 788 660 59.
807 631 851 640 -
864 591 1086 681 Προσευχομαι
1103 591 1173 658 scil.
1193 588 1276 675 Θεῳ,
1291 590 1375 678 quod

178 716 266 784 latet
288 717 319 783 in
341 716 574 804 Praepositione
598 739 682 808 προς.
709 717 784 782 Post
807 714 891 781 lusos
915 734 1098 782 communes
1122 714 1191 781 illas
1211 712 1250 781 ad
1274 715 1376 780 Deum

179 860 322 928 preces,
341 860 470 927 magnus
486 838 576 904 fletus
593 839 732 905 ommam
748 840 872 904 coortas
896 849 941 904 ast
957 835 1116 926 (syenemh
1132 848 1162 905 et
1176 840 1284 921 illapsi
1299 843 1376 926 (επι-

175 960 345 1042 meconem)
371 962 402 1027 in
426 960 542 1028 collum
569 960 676 1039 Pauli,
701 962 963 1027 deosculabantur
990 957 1197 1051 (κατεφιλουν)
1226 978 1310 1027 eum.
1332 997 1377 1008 -

174 1082 349 1151 llolchant
373 1104 410 1150 ex
435 1103 559 1162 amore,
578 1095 608 1150 et
623 1083 741 1151 doloris
757 1084 805 1152 sai
822 1084 1001 1172 amorisque
1017 1082 1242 1150 vehementiam
1260 1081 1376 1150 osculis

178 1218 227 1272 et
241 1207 388 1293 lacrymis
405 1207 606 1276 testabantur.
625 1247 669 1257 —-
686 1210 720 1274 la
738 1213 761 1295 ᾠ
779 1231 884 1298 upana
903 1221 949 1276 est
966 1211 1137 1276 attractio.

367 1573 542 1648 CAPUT
594 1571 910 1648 VIGESllllUllll
963 1575 1201 1652 PRIMUM.

182 1770 390 1820 Anooaaurnu.
404 1768 491 1820 ltllleto
508 1768 612 1820 solvens
630 1769 726 1820 Paulos
741 1783 801 1820 cum
819 1771 874 1820 suls
886 1809 892 1832 ,
905 1773 975 1822 recto
987 1783 1064 1821 corsa
1084 1773 1249 1836 pervenitad
1267 1774 1379 1826 insulam

232 1851 328 1913 Cobm,
348 1850 473 1916 postridie
492 1850 627 1914 Rhodum,
640 1856 719 1918 atque
738 1853 800 1904 inde
818 1853 926 1917 Patara,
939 1852 1001 1905 hinc
1019 1868 1081 1906 vero
1093 1855 1206 1919 'lyram3
1222 1856 1266 1907 ubi
1279 1896 1285 1919 ,
1298 1871 1380 1924 quum

234 1933 284 1986 illic
301 1935 440 1999 reperisset
458 1933 632 1998 Christianos,
649 1949 696 2000 per
711 1939 811 2000 septem
831 1937 887 1987 dies
910 1941 1094 1989 commoratur.
1115 1939 1197 1990 Erant
1215 1939 1312 1992 ibidem
1333 1942 1380 2008 qui

233 2015 319 2067 afflatu
337 2015 489 2082 prophetico
509 2019 646 2078 noverant,
667 2031 772 2070 manere
784 2017 894 2068 Paulum
909 2018 1062 2070 afflictiones
1074 2019 1279 2085 hierosolymae:
1298 2037 1380 2088 quaro

233 2096 316 2148 eidem
336 2096 482 2148 suadebant
502 2111 549 2160 ne,
573 2098 609 2148 uti
630 2101 773 2161 statuerat,
794 2099 857 2151 illuc
877 2101 1093 2165 proficisceretur.
1113 2102 1158 2154 llla
1170 2117 1231 2156 vero
1243 2104 1381 2158 nihilomi-

234 2195 283 2232 nus
295 2182 443 2232 institutum
456 2180 518 2231 illac
529 2181 578 2231 iter
590 2183 726 2232 continuat
736 2221 741 2243 ‚
752 2197 790 2232 vs.
805 2185 880 2234 t—t.
893 2184 984 2249 ltaque
996 2186 1063 2249 Tyro
1074 2185 1194 2248 solvens,
1207 2188 1281 2240 venit
1291 2188 1380 2242 Ptole·

234 2262 360 2325 maidem,
373 2262 487 2328 indeque
498 2263 622 2327 postridie
634 2263 806 2327 proficiscitur
818 2264 969 2315 Caesaream
982 2264 1160 2330 Palaestinae,
1175 2269 1220 2319 ubi
1234 2269 1381 2323 diversatur

234 2346 303 2412 apud
324 2345 474 2411 Philippum
492 2346 693 2410 evangelistam,
710 2362 748 2398 vs.
768 2349 841 2398 7-9.
865 2348 964 2400 ibidem
985 2350 1110 2415 propheta
1131 2351 1252 2416 quidam,
1275 2354 1381 2417 Agabus

236 2429 351 2490 nomine,
363 2428 443 2479 Paulo
455 2428 580 2493 praedicit
592 2429 710 2480 laturum
722 2444 786 2493 esse,
797 2433 827 2481 ut
839 2431 1030 2495 hierosolymae
1040 2433 1171 2483 vinciatur
1183 2437 1209 2484 et
1221 2434 1339 2485 tradatur
1352 2435 1378 2486 in

237 2524 329 2561 manus
339 2509 524 2562 Romanorum.
539 2511 699 2574 Rogantibus
711 2516 798 2563 autem
817 2512 971 2564 Christianis
983 2527 1016 2564 ne
1027 2527 1055 2564 se
1067 2514 1241 2566 committeret
1253 2515 1377 2569 Hieroso-

235 2591 328 2657 lymae,
340 2605 390 2643 non
405 2593 554 2658 acquiescit,
567 2606 606 2643 vs.
620 2592 709 2644 to-tt.
723 2593 790 2658 Ergo
800 2593 1004 2658 Hierosolymam
1016 2594 1199 2660 proficiscitur,
1210 2595 1278 2646 abia
1289 2597 1381 2650 lacobo

233 2678 259 2726 et
269 2688 284 2725 a
295 2674 452 2740 presbyteris
464 2675 577 2738 benigne
589 2679 726 2740 exceptus,
740 2680 845 2728 enarrat
856 2680 954 2742 quanta
968 2677 1036 2728 Deus
1048 2691 1095 2742 per
1106 2678 1188 2743 ipsius
1205 2679 1379 2733 ministerium

234 2759 353 2821 gessisset
364 2760 432 2809 inter
444 2757 555 2820 Gentes,
567 2772 606 2809 vs.
620 2759 727 2809 l5-20.
741 2759 780 2808 llli
800 2762 888 2810 autem
906 2759 986 2810 Paulo
1006 2765 1098 2810 notum
1112 2759 1230 2823 iaciunt,
1245 2775 1300 2812 esse
1318 2775 1380 2813 eam

232 2840 301 2904 apud
317 2839 477 2892 Christianos
494 2841 700 2893 Palaestinenses
719 2840 849 2904 delatum,
862 2841 932 2908 qaod
953 2840 1214 2893 Iudaeo-Christianis
1226 2843 1295 2895 inter
1307 2842 1381 2896 Gen-

233 2921 291 2972 tiles
304 2921 460 2986 degentibus
471 2923 602 2985 suaderet,
615 2927 645 2974 ut
657 2936 706 2974 nec
718 2924 785 2975 filios
794 2937 854 2975 suos
866 2923 1093 2987 circumciderent,
1105 2937 1154 2975 nec
1165 2928 1249 2977 cetera
1262 2926 1381 2979 instituta

232 3003 341 3056 Mosaioa
361 3011 513 3069 servarent;
536 3006 608 3071 atqui
630 3005 694 3058 haec
718 3008 806 3058 omnia
833 3021 926 3070 magna
952 3007 1077 3069 religione
1102 3006 1188 3058 adhoc
1214 3008 1380 3061 observarla

232 3086 498 3139 Iudaeo-Christianis
517 3087 767 3151 Palaestinensibus;
786 3103 922 3154 quumque
934 3089 981 3140 bos
993 3088 1074 3139 latere
1087 3102 1139 3140 noa
1160 3092 1247 3154 posset
1258 3091 1341 3155 ipsius
1352 3092 1380 3144 in

232 3169 323 3220 urbem
337 3169 481 3232 adventus,
495 3169 641 3221 timendum
655 3184 710 3222 esso
722 3184 756 3221 ne
769 3170 833 3237 quid
852 3171 920 3223 lorte
932 3170 994 3222 hinc
1010 3171 1139 3222 tumultds
1157 3172 1311 3224 exoriretur.
1325 3175 1381 3225 lta-

232 3264 283 3315 que
302 3250 382 3302 Paulo
400 3251 524 3313 suadent,
540 3255 570 3303 ut
589 3253 785 3318 quamprimum
802 3266 830 3303 se
846 3253 879 3303 ab
896 3252 944 3303 bac
964 3252 1026 3304 lalsa
1040 3253 1188 3318 suspicione
1204 3253 1312 3318 liberet,
1326 3254 1379 3308 una

231 3336 400 3396 suggerentes
411 3334 433 3384 ei
448 3334 567 3395 modum,
588 3348 639 3399 qao
652 3337 783 3399 praestare
799 3333 864 3384 illud
880 3337 980 3399 posset;
995 3335 1035 3384 cui
1053 3334 1177 3398 prudenti
1189 3335 1296 3388 consilio
1307 3336 1379 3388 Pau-

231 3414 272 3466 lus
284 3415 461 3481 obtemperat,
474 3430 512 3466 vs.
527 3417 634 3467 to-io.
647 3418 715 3467 Dum
730 3429 792 3468 vero
808 3431 865 3468 eam
880 3417 981 3468 obrem
997 3417 1025 3467 in
1041 3417 1137 3482 templo
1149 3422 1277 3482 versatur,
1290 3420 1379 3473 ludaei

232 3497 338 3561 quidam
357 3498 460 3560 Asiani,
473 3498 517 3564 qui
535 3498 601 3549 lorte
620 3499 656 3549 ibi
674 3499 799 3561 aderant,
813 3499 876 3550 falso
893 3503 1031 3564 praetextu
1050 3500 1177 3566 populum
1191 3505 1281 3553 contra
1294 3503 1379 3568 ipsum

232 3581 376 3643 concitant3
392 3594 406 3631 a
418 3594 470 3647 quo
483 3583 509 3631 et
519 3580 611 3631 luisset
629 3581 728 3632 occisas
739 3619 745 3642 ,
757 3580 808 3630 nisi
820 3585 969 3646 opportune
981 3581 1160 3633 interveniens
1173 3583 1296 3635 tribunus
1308 3587 1380 3637 mlli-

232 3666 287 3712 tum
307 3676 368 3714 eum
384 3677 398 3715 e
417 3664 538 3714 manibus
556 3677 647 3716 eorum
666 3664 812 3729 eripuisset.
832 3663 879 3715 Hic
892 3664 986 3715 vinciri
1007 3664 1117 3714 Paulum
1129 3668 1156 3716 et
1169 3667 1196 3716 in
1213 3680 1299 3718 arcem
1318 3668 1378 3720 duci

232 3743 313 3795 iubet.
334 3744 506 3795 Existimabat
522 3748 609 3795 autem
628 3744 764 3807 tribuous,
778 3758 838 3795 eum
850 3758 905 3796 esse
922 3744 1080 3810 Aegyptium
1096 3745 1185 3806 illum,
1201 3747 1247 3813 qui
1259 3747 1329 3799 haud
1342 3749 1378 3801 ita

231 3826 332 3891 pridem
352 3825 505 3878 seditionem
527 3827 679 3888 excitasset;
696 3829 722 3876 ln
744 3839 797 3892 quo
815 3840 897 3892 quum
914 3827 1008 3878 lalsum
1025 3841 1052 3878 se
1068 3816 1379 3895 esse'animadvertisseh

232 3908 325 3972 Paulo,
344 3913 486 3974 antequam
506 3908 637 3959 custodiae
650 3908 805 3971 traderetur,
819 3909 937 3961 concedit
955 3908 1104 3960 lacultatem
1124 3909 1204 3962 verba
1221 3910 1332 3964 faciendi
1345 3912 1378 3964 ad

233 3992 422 4044 tumultuantes
433 4006 493 4044 suos
504 3991 659 4057 populares,
674 4006 713 4042 vs.
729 3990 835 4042 ai-lo.

246 4159 345 4227 l-5.
373 4157 454 4224 Cam
470 4168 576 4223 catera
590 4160 709 4242 factam
722 4168 811 4241 esset,
827 4167 862 4222 at
874 4160 1093 4240 navigaremus
1105 4160 1255 4224 abstracti
1265 4160 1303 4224 ab
1316 4161 1374 4242 elo,

200 4281 290 4372 etc).
308 4284 386 4350 Cum
403 4293 505 4350 autem
526 4281 640 4349 lactum
661 4291 760 4363 esset,
779 4282 899 4369 inquit,
918 4293 972 4365 at,
996 4295 1162 4368 postquam
1184 4286 1378 4349 selaaaisse-

198 4425 269 4471 ruas
289 4424 346 4469 aas
369 4401 636 4494 (αποσπασθειτας
656 4403 733 4470 Αοι.
764 4402 885 4470 Passiv.
911 4422 983 4470 cum
1006 4404 1130 4472 notione
1157 4403 1322 4482 reflexiva,
1347 4415 1381 4472 ut
