3074 5054
182 397 249 464 tus
539 390 674 458 ACTUS
709 389 1040 472 xuosuotuuutt,

181 605 232 650 ees
248 585 310 668 ecit
325 583 446 669 (ισχυσε
462 582 528 644 κατ’
545 602 664 660 αυτων,
681 579 793 668 supple
809 577 931 666 οὑτως),
949 591 983 646 ut
999 579 1073 647 nudl
1096 599 1133 647 ao
1156 579 1308 648 vulnerati
1325 600 1364 647 ex

181 707 233 774 illa
257 707 349 774 domo
377 706 558 794 effugerent.
577 705 686 770 —Ex
710 703 843 771 lectione
867 724 1044 794 αμφοτερων
1069 703 1146 792 (vid.
1173 723 1239 771 nar.
1271 700 1364 789 leot.)

179 830 386 919 colligendum
409 839 455 896 est
472 828 503 894 iu
527 847 602 894 casu
624 826 695 907 illo,
710 845 803 915 quem
828 827 928 893 Lucas
949 837 1070 904 narrat,
1090 826 1169 896 duos
1185 847 1224 895 ex
1239 837 1362 916 septem

180 955 242 1023 illis
257 955 373 1023 Sceuae
389 953 461 1021 liliis
478 952 685 1020 exorcismum
708 961 853 1018 tentasse.

227 1202 281 1268 17.
311 1200 377 1265 Hac
400 1209 507 1265 antem
526 1180 638 1264 ¹notam
661 1202 784 1283 factum
808 1208 870 1282 est,
890 1197 981 1286 eto).
1004 1199 1092 1284 Quae
1115 1199 1280 1268 exorcistis
1301 1199 1363 1267 illis

179 1323 357 1391 acciderant
378 1320 510 1413 (τουτο),
539 1342 574 1389 ea
602 1321 687 1390 breui
718 1320 917 1389 innotuerunt
940 1321 1086 1411 Ephesiis
1110 1323 1274 1403 omuibus,
1300 1335 1362 1391 tem

180 1445 302 1513 ludaeis
319 1466 411 1535 quam
435 1445 630 1526 Gentilibus;
650 1444 814 1532 allectiquc
837 1444 908 1512 iude
930 1444 1017 1512 suere
1041 1465 1148 1512 omues
1171 1467 1261 1515 sacro
1285 1468 1364 1537 quo·

178 1568 248 1638 dam
270 1592 386 1655 pauore
401 1565 523 1660 (φοβος,
542 1579 575 1636 ut
591 1570 668 1656 Cart.
685 1569 714 1635 ll
735 1588 742 1630 :
759 1571 801 1636 tet
814 1579 844 1634 et
857 1569 933 1657 Cap.
953 1568 996 1650 V,
1012 1567 1070 1648 ll);
1089 1569 1129 1636 oh
1146 1590 1278 1659 eamque
1295 1592 1361 1638 reru

179 1693 295 1782 passim
323 1712 434 1759 nomeu
460 1692 530 1758 lesu
556 1668 713 1757 laudibus
730 1692 936 1756 extollebatur
960 1690 1198 1781 (εμεγαλυνετο).
1222 1731 1266 1742 -
1284 1695 1362 1761 Ani·

177 1814 429 1885 madvertendum
447 1827 509 1896 est,
536 1815 652 1882 Lucam
670 1825 771 1881 tacere
788 1813 839 1882 hic
855 1814 894 1881 de
906 1814 1109 1895 Christiauh,
1128 1827 1158 1882 et
1175 1826 1291 1883 tautum
1310 1838 1362 1883 re-

177 1941 275 2023 ferre,
291 1962 352 2030 quo
369 1940 471 2008 auimo
489 1939 528 2007 oh
542 1960 608 2006 eam
626 1959 691 2006 rem
709 1939 809 2006 allecti
827 1951 930 2006 essent
946 1939 1063 2029 Ephesi
1081 1941 1200 2007 incolae
1217 1942 1360 2009 Gentiles

177 2076 268 2153 atque
285 2064 403 2132 ludaei.
423 2065 567 2130 -lesus
584 2061 636 2129 hic
652 2073 779 2130 vacatur
795 2059 809 2124 ὁ
827 2065 937 2149 Κυριος
954 2084 1014 2129 uon
1031 2064 1070 2131 ab
1088 2064 1125 2130 iis
1142 2064 1195 2152 qui
1215 2064 1360 2134 laudibus

178 2209 248 2256 eum
275 2189 481 2269 extollebant,
507 2187 561 2255 setl
584 2207 601 2254 a
623 2188 707 2254 Luca
733 2186 995 2276 historiographo.
1014 2188 1062 2256 Cf.
1083 2207 1161 2276 quae
1186 2191 1361 2256 notavimus

179 2311 218 2381 ad
235 2313 311 2403 Cap.
330 2314 433 2380 Xlll:
453 2315 508 2380 11.

225 2557 369 2627 tu-au.
388 2559 545 2642 Multique
560 2559 756 2623 credentium
772 2559 935 2623 octriehant
951 2560 1154 2642 confitentes,
1174 2557 1265 2647 eto).
1281 2559 1360 2628 Sen-

178 2699 231 2746 sus
248 2689 294 2746 est
312 2704 320 2745 r
340 2681 379 2745 Et
391 2678 479 2746 multi
492 2701 600 2745 eoram
613 2683 670 2764 qui
685 2683 886 2746 crediderant
902 2682 976 2770 (των
994 2687 1261 2768 nenecessitatem)
1277 2683 1311 2749 h.
1327 2704 1357 2748 e.

180 2801 231 2891 qui
250 2802 290 2870 olt
309 2823 361 2883 ea,
376 2822 456 2891 quae
472 2802 635 2869 exorcistis
659 2801 720 2868 illis
745 2803 922 2871 acciderant
946 2806 1076 2892 permoti
1101 2805 1220 2871 fueraut
1235 2804 1275 2871 atl
1292 2825 1359 2872 creu

178 2926 312 3014 dandum
334 2931 397 3017 (die
412 2929 549 3010 qelooat'q
571 2930 740 3010 qeaoruen
755 2930 891 3012 manen),
908 2927 946 2995 ad
964 2940 1084 2997 coetum
1110 2929 1359 2996 Christianorum

176 3053 340 3116 veniebant
363 3050 504 3138 (ηρχοντο
526 3051 662 3134 Inrperf.
687 3049 844 3131 antichi,
871 3071 954 3118 nunc
978 3050 1051 3137 illi),
1077 3064 1106 3119 ct
1133 3053 1360 3120 confitebantur

178 3186 270 3263 atquc
287 3172 516 3240 annunciabant
530 3184 617 3241 actus
634 3195 707 3242 suos
724 3175 833 3241 malos.
852 3176 891 3241 m
912 3186 962 3241 sot
978 3180 1073 3242 metiti
1089 3174 1213 3263 (ἰκανοι)
1230 3199 1357 3256 eorum,

176 3301 233 3384 qni
248 3299 387 3381 macione
412 3308 497 3363 antes
523 3308 729 3365 coercuerant
753 3302 823 3384 (των
844 3323 883 3362 τα
907 3321 1046 3391 περιεργα
1063 3297 1271 3389 conlaturae),
1290 3323 1358 3366 tna-

175 3426 259 3506 9icos
279 3442 353 3487 oues
376 3423 472 3488 libras
491 3430 556 3513 (τας
571 3417 709 3507 halaleca)
726 3420 941 3503 contuleruut,
957 3421 1163 3510 omnibusque
1187 3423 1357 3510 spectanti·

177 3548 235 3615 hus
252 3546 378 3614 eosdem
398 3547 647 3616 combusserunt.
673 3548 708 3613 Et
724 3557 979 3635 computaverunt
1004 3548 1077 3636 (ipsi
1096 3547 1139 3614 illi
1157 3570 1196 3609 τα
1213 3569 1357 3638 περιεργα

176 3665 362 3756 πράξαντες,
381 3678 415 3736 ut
430 3669 566 3755 videtur)
583 3673 716 3736 intortam
741 3671 893 3735 librorum
910 3671 1017 3752 pretia
1034 3671 1102 3758 (τας
1117 3693 1209 3755 arnae
1225 3667 1356 3755 aaran),

177 3802 207 3857 et
235 3792 418 3859 iuveueruut
444 3796 677 3878 quinquaqinta
703 3795 808 3858 cirillia
838 3791 1057 3859 drachmarum
1082 3787 1249 3883 (μυριαδας
1273 3813 1358 3856 neure

177 3914 246 3982 scil.
266 3910 433 4006 δραχμων,
455 3915 494 3983 de
519 3936 580 4004 qua
597 3915 706 4004 Ellipsi
723 3915 809 3996 uide,
828 3915 854 3981 si
872 3915 990 4005 placet,
1009 3914 1118 3982 Lamh.
1138 3917 1200 3982 Bos
1216 3917 1358 3999 Ettipses

176 4062 215 4108 ex
231 4040 365 4120 editione
381 4041 539 4110 Sohaeleri
558 4064 590 4131 p.
610 4044 690 4124 119,
708 4042 785 4132 sq.).
800 4043 921 4111 Graeca
936 4063 1080 4134 apyoptao
1106 4036 1258 4131 μυριαδας
1274 4061 1358 4104 aerae

180 4186 376 4197 ¹⁹¹—ae—

212 4257 232 4323 ¹)
249 4256 313 4308 Van.
339 4269 410 4307 area.
434 4255 483 4308 Pro
503 4260 744 4307 πεπιστευκοτων
788 4250 893 4303 videtur
905 4254 993 4310 noster
1006 4250 1145 4316 interpres¹
1159 4247 1358 4315 quamverterit

178 4333 636 4411 Ι11111001.ὓπιστευοντων,ἰη
653 4342 745 4395 couti
790 4335 957 4387 credentium.
1176 4336 1180 4343 ’

176 4443 421 4487 πιστευσαντων.
459 4436 624 4489 Alterutrum
655 4433 746 4498 legisse
