3074 5054
478 369 613 436 CAPUT
648 370 713 448 lV,
752 368 874 438 Vnus.
913 369 1036 437 8-10.
1292 369 1355 435 105

219 568 253 632 9.
274 565 319 630 -St
334 584 391 630 aas
408 564 499 629 trodio
513 563 748 645 diiudioamar,
767 559 859 649 etc).
878 559 1001 629 Graece
1015 559 1252 648 ανακρινομεθα,
1271 560 1357 649 quod

177 689 206 754 in
229 708 263 754 re
286 685 424 754 iudiciali
449 686 529 752 valet
552 687 792 764 examinamur,
811 686 1050 766 interropamar
1066 685 1103 748 m
1119 683 1258 764 iudicio,
1276 694 1356 751 utet

176 811 253 879 inira
268 813 346 900 Gap.
365 811 429 879 ΧΗ
450 835 458 877 :
480 811 540 891 to;
566 811 701 878 XXIV:
721 806 761 890 8,
780 818 811 875 et
834 807 1002 877 XXVlll:
1024 809 1078 875 ta.
1096 808 1291 896 Praepositio
1307 831 1356 874 em

176 935 219 1025 (V
221 935 286 1024 ulg.
303 936 356 1022 ia)
372 933 425 1002 hic
440 933 521 1002 valet
536 933 728 1002 Nostratium
745 953 830 1000 oaer.
849 933 966 1000 Sensus
985 942 1032 1000 est
1050 957 1058 999 ι
1075 935 1114 998 do
1129 932 1277 1017 beneficio
1293 935 1356 1000 ati-

176 1083 234 1148 pao
248 1060 312 1150 (επι
328 1081 482 1150 ευεργεσιᾳ
498 1059 565 1126 sine
581 1057 739 1146 Articulo)
761 1061 795 1124 ia
818 1060 852 1123 ia
866 1078 985 1123 armam
1007 1059 1176 1144 quemdam
1194 1059 1355 1124 nominem

176 1183 345 1276 (ανθρωπου
361 1182 515 1260 ασθενους,
537 1180 701 1252 Genitivus
718 1180 841 1247 Obiaoti
856 1180 924 1247 sine
939 1179 1093 1265 Articulo)
1108 1183 1233 1249 collata.
1252 1183 1357 1250 Mente

178 1305 378 1396 repetendum
394 1316 441 1373 est
454 1328 481 1369 ει
497 1304 718 1394 ανακρινομεθα
737 1314 808 1370 ante
831 1303 925 1371 verba
948 1325 978 1366 eu
996 1326 1055 1367 τινι
1079 1304 1164 1378 οὖτος
1179 1325 1354 1381 cremarat,

177 1449 272 1520 eaque
288 1428 444 1498 reddenda
459 1440 554 1497 sunt:
573 1425 612 1511 (si
628 1429 867 1516 interrogamur)
883 1450 946 1518 pua
961 1449 997 1493 re
1012 1425 1211 1516 (maardoor)
1228 1431 1280 1493 m'r
1297 1432 1356 1495 ista

179 1557 345 1621 incolumis
362 1557 541 1639 praestitas
563 1556 608 1620 ait
630 1553 819 1640 (neaeram),
842 1550 876 1618 h.
900 1571 930 1616 e.
948 1561 1084 1618 sanatus.
1102 1550 1182 1617 Nam
1205 1570 1302 1640 quum
1324 1554 1356 1618 in

178 1679 361 1766 antegressis
383 1698 485 1767 neque
506 1697 639 1768 persona
659 1677 781 1766 aliqua,
800 1696 901 1765 neque
916 1674 1041 1744 definita
1060 1675 1164 1764 aliqua
1186 1696 1237 1743 res
1252 1676 1356 1764 expri-

180 1813 289 1884 matur,
312 1812 347 1871 ut
365 1802 405 1870 ad
425 1801 506 1870 hanc
525 1800 636 1870 autad
656 1798 740 1868 illam
762 1803 938 1868 Pronomen
961 1823 1019 1864 τινι
1040 1800 1139 1889 possit
1160 1800 1287 1881 referri,
1305 1821 1355 1868 re-

180 1924 326 2014 linquitur
353 1923 431 1993 illud
457 1947 486 1990 er
511 1949 567 1990 τινι
591 1925 623 1992 in
643 1925 762 1993 Neutro
780 1925 904 1993 Genera
919 1943 988 1992 esse
1003 1922 1202 1992 sumendum.
1220 1924 1327 1994 Verba
1339 1951 1354 1993 x:

181 2048 216 2114 Si
233 2070 288 2116 aar
304 2085 349 2098 -
364 2052 466 2134 saetas
482 2059 545 2129 eat,
564 2048 724 2115 continent
734 2047 878 2115 Protasin
896 2047 1083 2128 sententiae,
1105 2066 1185 2135 qnae
1208 2046 1355 2136 eloquen-

181 2171 294 2239 tissime
314 2171 441 2240 induota
467 2170 525 2239 init
552 2191 608 2261 por
635 2171 901 2260 Praepositionem
925 2175 967 2238 ei.
996 2171 1075 2238 Nam
1103 2168 1181 2238 haec
1202 2191 1270 2238 eam
1293 2172 1355 2238 vim

181 2293 279 2376 habet,
293 2315 332 2362 ac
347 2295 373 2364 si
387 2295 530 2384 pluribus
545 2295 649 2363 verbis
664 2295 795 2362 dixisset
809 2297 921 2363 Petrus
936 2315 944 2358 z
960 2294 1185 2364 Vixcredihila
1200 2296 1355 2378 videatur,

182 2416 244 2484 fieri
260 2439 367 2508 posse,
392 2429 426 2486 ut
439 2418 553 2507 aliquis
569 2418 609 2486 ob
626 2418 812 2487 heneficium
836 2418 924 2486 alteri
952 2419 1128 2507 impensum
1148 2420 1180 2486 in
1204 2419 1355 2488 iudicium

181 2552 316 2623 vocetur,
338 2552 431 2631 atque
452 2542 522 2609 ideo
542 2553 624 2610 stare
652 2553 779 2631 cogatur
802 2562 907 2609 eoram
927 2541 1091 2624 tribunam
1114 2542 1176 2610 hoc
1199 2554 1300 2611 mmen
1327 2544 1354 2611 si

182 2664 285 2747 nohis,
303 2677 337 2734 ut
353 2664 462 2746 video,
479 2665 631 2733 hodierno
648 2665 698 2734 die
714 2665 767 2733 hic
782 2664 911 2745 accidit,
930 2675 961 2732 et
975 2665 1064 2734 vohis
1081 2664 1237 2736 iudicibus
1261 2687 1358 2756 expo-

182 2788 313 2856 nendum
330 2801 395 2869 est,
413 2809 475 2878 qua
490 2810 550 2878 ope
573 2789 701 2857 claudus
718 2788 771 2856 hic
793 2788 887 2856 tuerit
909 2799 1052 2871 sanatus,
1070 2808 1127 2878 ego
1143 2789 1270 2878 quidem
1285 2788 1357 2858 iacti

182 2911 304 2980 reddam
321 2913 485 2989 rationem.
503 2913 640 2981 Proinde
655 2925 763 2982 notum
779 2914 820 2982 sit
835 2914 980 2982 omnihus
996 2913 1102 2995 vobiS,
1121 2895 1181 2982 etc'.

227 3151 280 3217 to.
298 3150 343 3216 Ia
358 3147 500 3234 nomiae)
516 3173 546 3214 eo
562 3174 605 3236 τῳ
623 3172 768 3236 oropum,
788 3150 821 3218 h.
840 3172 870 3217 e.
888 3172 948 3234 per
963 3171 1079 3216 nomen.
1087 3199 1100 3234 ,
1119 3159 1213 3238 puta,
1228 3170 1290 3234 per
1307 3152 1358 3216 im-

181 3284 320 3340 aocatam
343 3294 459 3339 nouem
480 3275 557 3341 Iesu
574 3273 721 3357 Christi,
740 3273 763 3340 i.
782 3295 811 3341 e.
825 3275 962 3340 Messian
980 3274 1146 3365 (Χριστος,
1167 3275 1282 3361 naua),
1299 3273 1358 3340 viri

182 3399 346 3467 Nazaraei
374 3401 462 3465 idias
490 3397 561 3480 (του
589 3397 808 3487 Ναζωραιου),
836 3422 929 3486 quem
957 3422 1027 3484 aas,
1059 3411 1119 3467 etc.
1148 3402 1224 3467 Post
1249 3420 1358 3467 vocem

181 3521 315 3613 Xptarou
337 3521 516 3611 ponendum
538 3533 586 3590 est
607 3543 747 3604 comma,
772 3535 805 3590 ut
828 3524 987 3611 legatur...
1006 3523 1159 3614 Xptareu,
1176 3546 1229 3587 rou
1251 3523 1359 3598 Ναζω-

181 3668 283 3737 ραιου,
307 3649 339 3710 ὁν
356 3669 386 3709 κ.
405 3669 435 3708 τ.
454 3643 484 3709 λ.
503 3647 546 3712 Ia
561 3649 634 3726 troc,
658 3665 814 3734 graecam
830 3669 945 3732 recepi,
976 3645 1059 3735 quod
1087 3644 1254 3736 respondet
1275 3656 1359 3715 ante·

180 3790 286 3858 gresso
307 3794 338 3835 er
360 3794 439 3849 τινι,
465 3772 710 3861 uertendumque
731 3783 778 3840 est
798 3795 835 3839 ea
851 3795 886 3838 re
903 3769 1108 3861 (daardoor).
1136 3769 1320 3860 Propositae
1342 3791 1361 3838 a

181 3896 334 3982 Synedrio
350 3896 523 3985 quaestioni
548 3897 608 3980 (vs.
629 3894 666 3982 7)
687 3897 734 3963 sie
756 3898 868 3966 Petrus
883 3896 1069 3987 respondet,
1087 3895 1197 3966 utana
1213 3907 1360 3963 etremo·

182 4031 248 4088 reat
264 4021 444 4089 scandalum
459 4021 580 4103 crucis,
610 4021 817 4111 praedicando
839 4024 943 4092 lesum
963 4024 1157 4092 Nazarenum
1184 4021 1272 4089 illum
1288 4041 1361 4089 cru-

183 4143 309 4211 cifixum
336 4162 354 4211 a
381 4145 513 4212 mortuis
539 4145 636 4212 fuisse
666 4147 867 4228 suscitatum,
902 4158 932 4214 et
944 4146 1044 4238 palam
1068 4147 1190 4226 doceat,
1215 4144 1359 4213 eumdem

183 4286 250 4334 esse
265 4265 426 4334 Christum
442 4268 507 4335 sire
533 4270 680 4338 Messinm
704 4272 906 4362 promissum,
935 4273 1028 4341 simul
1045 4273 1176 4339 innuens
1196 4290 1250 4351 aa,
1281 4289 1360 4359 quae

184 4391 372 4472 affirmabat,
393 4392 497 4461 divino
516 4395 718 4485 comprobata
741 4415 809 4464 esse
826 4379 1018 4477 testimonio,
1046 4415 1142 4486 quum
1164 4394 1204 4464 ad
1225 4393 1360 4463 nominis

186 4518 255 4585 lesu
271 4517 497 4585 invocationem
514 4540 662 4608 praesens
678 4521 862 4591 miraculum
881 4520 989 4590 suisset
1005 4530 1169 4609 patratum.
