3074 5054
176 396 241 468 502
536 399 670 468 ACTUS
708 398 1039 482 APOSTOLORUM,

219 586 251 652 d.
278 587 424 654 Inventis
440 600 546 654 uectem
562 591 743 674 discipulis,
762 586 849 666 eto).
868 589 1001 657 Soiverit
1016 580 1185 679 Apostolus
1201 589 1262 679 (cl.
1278 595 1356 681 Cap.

173 710 221 776 xt
237 735 244 777 :
262 712 303 777 l9
313 734 322 791 ;
340 712 426 781 XV:
446 715 491 797 3),
511 714 588 800 Tyri
605 715 791 782 commorari
807 714 973 781 nonnullos
990 714 1204 794 Christianos3
1223 716 1279 782 sed
1297 736 1358 783 non

175 835 216 902 ila
227 833 318 903 facile
330 848 395 904 erat
410 839 549 926 reperire
567 839 649 920 illos,
666 860 762 928 quum
775 842 880 926 Tyrus
893 850 974 907 esset
988 840 1063 908 urbs
1077 839 1231 907 maximae
1247 843 1361 930 ampli-

176 961 291 1029 tudinis
314 972 344 1028 et
368 964 606 1052 populosissima
629 966 683 1052 (cl.
710 965 823 1032 Geilar.
849 967 923 1032 Not.
946 965 1026 1033 Orb.
1053 966 1159 1055 Antiq.
1186 967 1258 1034 Lib.
1285 968 1358 1034 tlt:

176 1086 252 1174 Cap.
266 1087 348 1166 ΧΙΙ,
369 1085 474 1176 395).
491 1089 596 1166 Qrtretu
613 1100 718 1155 auteur
736 1088 945 1177 investigando
963 1092 1152 1174 reperissent
1170 1091 1360 1183 (ανευροντες

177 1204 221 1295 δε)
240 1209 438 1276 Cbristiouos
456 1215 527 1278 illos
545 1211 629 1300 (τους
645 1211 805 1299 poturae),
825 1222 1004 1279 manserunt
1019 1212 1102 1301 apud
1118 1212 1188 1280 illos
1206 1213 1274 1280 dies
1292 1236 1362 1304 sep-

177 1344 251 1401 tem.
279 1336 345 1413 (leri
368 1334 541 1402 Cleristioui
556 1336 599 1426 (oi
615 1334 705 1422 τινες)
723 1357 818 1424 quum
843 1337 954 1424 spiritu
976 1336 1161 1425 prophetico
1187 1338 1281 1405 afflati
1300 1335 1363 1428 (δια

177 1477 432 1543 transcripsere,
450 1459 683 1542 perspiritum
701 1459 867 1548 Sanctum)
884 1459 1013 1540 scirent,
1028 1460 1158 1527 Paulum
1176 1461 1364 1549 Hidrosoly·

178 1597 245 1643 mae
267 1597 392 1645 manere
412 1581 613 1662 afflictionem,
632 1601 704 1648 eum
721 1580 963 1648 dehortabantur
988 1603 1026 1648 ue
1049 1582 1124 1649 illue
1141 1583 1362 1671 proficiscere-

177 1709 239 1768 tur.
259 1739 303 1750 -
324 1702 460 1769 Scientia
488 1704 539 1770 illa
562 1724 579 1771 a
601 1704 720 1793 Spiritu
748 1704 861 1771 Sancto
890 1713 982 1785 erud,
1014 1705 1069 1772 sed
1097 1726 1157 1772 non
1188 1705 1363 1774 dehortatio

178 1822 270 1906 haec;
287 1844 357 1891 nam
371 1824 396 1891 si
414 1824 492 1904 hoc,
510 1825 626 1892 Paulus
643 1825 904 1913 obtemperasset,
924 1825 1007 1914 quod
1024 1846 1085 1892 non
1103 1825 1188 1892 iecit.

223 1944 416 2039 Ανευρισκειν
432 1947 479 2036 (in
496 1947 671 2036 Praesenti)
688 1959 734 2014 est
756 1951 927 2032 dilipeuter
951 1951 1135 2035 iuqtcirete,
1162 1971 1297 2038 aucupem
1321 1950 1363 2036 (in

179 2070 317 2156 Aoristo)
334 2079 436 2136 autem
452 2073 622 2153 dilipeuter
640 2074 831 2157 incurrisiluru
850 2075 1004 2138 iuvenire.
1020 2073 1069 2138 Gi.
1085 2071 1230 2161 Rephelii
1244 2074 1361 2141 Annol.

181 2191 220 2260 ad
236 2193 314 2259 Luc.
333 2193 363 2258 li
383 2216 390 2257 τ
412 2194 472 2274 16,
491 2203 520 2259 el
535 2192 573 2259 ad
596 2194 667 2261 Aet.
695 2196 775 2260 XXI
796 2221 803 2262 :
824 2199 855 2262 ln.
884 2235 926 2244 -
951 2195 1056 2285 Λεγειν
1079 2195 1117 2262 de
1137 2201 1313 2279 monterello,
1331 2210 1365 2266 ιιι

182 2334 275 2404 supra
302 2336 348 2381 vs.
377 2316 432 2381 58.
462 2316 511 2381 De
539 2311 713 2400 αναβαιιειι
742 2316 812 2383 vide
847 2336 942 2405 supra
973 2317 1012 2383 ad
1039 2318 1115 2406 Cap.
1148 2319 1193 2383 ltt
1226 2345 1233 2385 :
1267 2322 1304 2399 l,
1335 2331 1364 2384 et

182 2437 293 2506 xvut
322 2461 328 2503 :
355 2439 410 2504 Ὦ.

228 2667 328 2734 5-6.
354 2667 399 2730 Ει
420 2667 553 2748 expletis
574 2664 700 2739 diebus,
726 2670 813 2750 eto).
839 2662 959 2726 Graece
983 2681 1043 2726 non
1066 2672 1112 2727 est
1133 2687 1202 2740 και,
1226 2666 1282 2733 sed
1311 2664 1362 2746 δε,

182 2813 261 2883 qnae
278 2790 432 2859 Particula
447 2790 511 2856 vim
528 2791 759 2855 adversativum
776 2785 836 2852 hoo
853 2785 922 2852 loeo
939 2785 1074 2864 obtinet,
1093 2797 1127 2853 ιιι
1142 2788 1222 2854 valet
1238 2791 1364 2856 Nostra-

179 2918 257 2984 tinm
276 2919 365 2982 decb.
390 2915 506 2982 Sensus
524 2924 569 2980 est
589 2939 596 2980 :
615 2911 784 2980 suadebant
800 2911 895 2977 Panlo
913 2923 945 2976 nt
962 2931 999 2976 ne
1016 2911 1270 2999 proficisceretur
1288 2915 1361 2980 Hie-

181 3041 382 3126 rosolymam,
397 3049 430 3103 ot
444 3034 504 3126 (de)
517 3035 614 3104 nihilo
632 3037 734 3104 secius
747 3037 782 3101 eb
796 3032 952 3123 proiectus
969 3045 1026 3099 est.
1043 3033 1128 3100 Dicit
1144 3055 1218 3121 ergo
1235 3037 1338 3103 Lucas
1353 3057 1359 3096 :

182 3164 222 3230 Αι
239 3161 291 3229 ubi
314 3165 434 3247 suctum
459 3170 538 3227 esset
558 3170 594 3225 ul
616 3161 854 3225 absolvissemus
870 3156 992 3246 (εγενετο
1009 3157 1088 3243 ἡμας
1104 3153 1278 3246 cispano-eu)
1295 3180 1362 3248 sep-

179 3299 242 3354 tem
259 3288 326 3351 dies
342 3287 412 3351 illos
428 3293 492 3376 (τας
507 3281 649 3373 ἡμερας),
668 3285 785 3366 epressi
799 3283 1079 3366 proficiscebantur
1102 3276 1278 3359 (εξελθοντες
1295 3307 1361 3347 eno-

180 3406 592 3500 pseudosacerdotibus
609 3427 666 3473 nos
683 3405 867 3472 Christianis
880 3403 1025 3470 omnibus
1043 3404 1104 3470 nula
1120 3423 1191 3470 enm
1209 3407 1360 3475 uxoribus

182 3543 212 3600 et
229 3530 335 3599 liberis
351 3551 450 3620 usque
466 3540 553 3597 extra
576 3529 704 3612 urbem3
723 3541 815 3618 atque
831 3529 894 3607 ibi,
914 3528 1023 3617 positis
1041 3528 1072 3594 in
1090 3528 1193 3594 littore
1208 3530 1357 3617 genibnS,

182 3655 275 3722 simul
299 3655 466 3722 oravimus.
489 3656 629 3742 Cumque
645 3654 711 3720 vale
732 3652 821 3720 nobis
846 3651 978 3718 invicem
999 3650 1186 3718 dixissemus
1203 3657 1360 3740 (unaucu-

184 3782 292 3865 μενοι),
307 3798 414 3845 navem
439 3777 696 3854 conscendimns;
711 3776 754 3842 illi
772 3785 873 3843 autem
897 3775 1030 3863 quisque
1048 3777 1175 3840 doutum
1196 3799 1291 3844 suum
1306 3777 1359 3867 (εις

184 3929 223 3967 τα
242 3899 314 3988 ritu)
332 3901 448 3969 reversi
466 3912 549 3969 sunt.
629 3957 632 3962 .

185 4035 382 4045 ψ-

214 4095 232 4157 ¹)
252 4093 279 4146 S.
294 4092 386 4158 Chrys
405 4091 479 4143 Hom.
493 4091 525 4141 ts
538 4092 565 4142 in
577 4091 634 4141 Act.
649 4075 743 4163 Ὁρα,
793 4097 844 4135 και
856 4075 1035 4157 depraedare.
1054 4085 1078 4136 t.
1090 4098 1110 4135 e.
1128 4103 1140 4128 u
1153 4084 1234 4149 Vide,
1245 4085 1358 4152 propho-

179 4183 284 4248 inqutt‚
301 4191 521 4258 προφητευουσι
545 4167 676 4228 aduersos
692 4189 745 4238 τας
793 4177 906 4230 tantilli
930 4177 1089 4229 afflictiones.
1111 4176 1251 4228 Provisum
1274 4182 1357 4230 autem

182 4255 304 4345 Θλιψεις.
321 4259 533 4344 Οικοιιομειται
549 4281 601 4320 και
619 4252 660 4320 δι’
676 4278 749 4318 auer—
795 4268 846 4320 fuit
857 4271 887 4319 ιιι
897 4271 924 4318 et
935 4267 972 4318 illi
986 4267 1116 4329 dicerent,
1129 4279 1163 4319 ne
1175 4268 1235 4332 quis
1247 4272 1357 4334 putaret,

183 4370 240 4411 νων
257 4345 415 4436 dexianus,
436 4353 483 4411 ine.
507 4373 548 4433 μη
570 4372 616 4420 τις
638 4370 748 4434 neptun
795 4356 858 4409 haec
874 4356 970 4408 frustra
987 4357 1136 4410 atiactnndi
1154 4370 1232 4410 causa
1250 4358 1357 4412 Paulum

185 4435 288 4512 ἁπλως
310 4464 406 4503 ταυτα
431 4437 524 4529 λεγειν
549 4461 598 4502 τον
623 4433 748 4501 Hesion
795 4451 926 4503 dixisse.»
