3074 5054
474 399 615 468 CAPUT
649 401 733 486 Xll,
772 401 895 470 VERS.
935 405 1079 471 ll-ttt.
1308 409 1371 474 517

187 607 318 676 nempe,
336 611 380 673 τῳ
398 585 487 674 Θεῳ,
502 591 556 676 qui
574 590 706 657 Dativns
729 601 776 658 εει
797 593 998 660 directionis.
1024 592 1139 660 Confer
1153 595 1344 662 Nostratium
1364 623 1372 664 ε

186 710 300 775 ὁίειιιεε
316 719 363 775 tot
379 710 459 776 God.
483 711 615 778 loannes
638 713 777 792 Marcus,
796 712 848 801 qui
866 711 920 781 hic
936 713 1064 795 dicitnr,
1084 715 1166 783 idem
1183 727 1229 783 est
1244 737 1317 784 cnm
1335 737 1373 784 eo

186 833 240 920 qui
257 831 337 899 inira
354 833 430 923 Cap.
448 835 528 900 Xlll
548 854 555 896 :
576 836 615 915 li,
636 837 678 901 15
694 835 880 924 simpliciter
895 838 1055 920 Ioannes,
1071 849 1102 903 ει
1115 838 1193 926 Cap.
1219 840 1283 907 XV
1301 861 1310 902 ε
1328 842 1370 908 59
1471 840 1476 857 ’

186 956 372 1044 simpliciter
398 957 528 1023 Marcas
549 958 738 1026 nominatur.
761 960 837 1026 Erat
859 959 887 1026 is
912 960 1072 1026 Barnabae
1092 950 1318 1040 consobrinus,
1336 973 1371 1030 ut

186 1081 317 1167 legimus
343 1081 374 1146 in
399 1082 459 1169 Ep.
475 1081 514 1148 ad
535 1081 755 1162 colossenses,
774 1083 850 1170 Cap.
870 1082 916 1150 lV
936 1104 944 1144 ε
966 1085 1021 1150 l0.
1046 1083 1232 1173 Disputatur
1253 1097 1369 1169 auten,

185 1213 289 1269 utrum
318 1203 359 1269 sit
384 1223 497 1270 nec-ne
524 1224 605 1271 annus
630 1204 775 1292 idemque
804 1225 875 1271 cnm
904 1207 1010 1272 Marco
1039 1207 1251 1294 Evangelista,
1278 1230 1371 1298 quem

184 1328 298 1393 Petrus
320 1326 394 1415 (Ep.
418 1328 450 1404 l,
468 1347 516 1393 vs.
544 1326 601 1416 15)
620 1329 725 1410 filiam
748 1349 843 1395 snam
867 1339 968 1396 vocat.
992 1330 1118 1398 Videsis
1142 1332 1312 1400 Berooiutn
1332 1333 1372 1401 ad

184 1453 248 1518 An.
265 1451 344 1519 Cho.
362 1454 423 1531 att,
442 1463 473 1518 et
488 1452 638 1520 Larinum
655 1452 693 1520 ad
709 1455 779 1521 Αει.
799 1455 862 1520 Xll
883 1479 891 1520 :
911 1457 965 1522 li.

233 1699 376 1766 tsi-ll.
392 1700 547 1765 Pnlsante
562 1711 667 1766 antem
685 1701 730 1764 eo¹
746 1702 862 1764 ostinrn
880 1703 1008 1783 ianuae,
1028 1699 1119 1789 etc.).
1137 1702 1249 1768 Petrus
1265 1713 1367 1770 antem

183 1839 282 1904 qnam
294 1825 454 1905 pulsasset
469 1823 679 1914 (κρουσαντος)
699 1824 849 1889 vestibuli
872 1827 990 1888 ostiam
1007 1821 1070 1904 (την
1087 1823 1179 1913 dapar
1195 1849 1249 1889 του
1266 1813 1368 1890 πυλω-

184 1966 247 2018 νος.
273 1945 356 2014 Vide
370 1946 409 2013 ad
433 1948 509 2036 Cap.
536 1949 568 2014 X
584 1973 591 2015 :
606 1947 674 2030 25),
693 1948 795 2036 puella
812 1948 983 2037 quaedam,
1002 1951 1127 2016 nomine
1151 1950 1262 2018 Rhode
1278 1951 1316 2041 (i.
1336 1972 1366 2018 e.

181 2070 422 2153 sanissimae),
442 2071 557 2160 prodiit
578 2076 619 2137 ad
635 2075 880 2138 auscultandum
897 2072 1110 2159 (inanescat),
1130 2075 1200 2163 quis
1217 2085 1298 2141 esset
1315 2075 1368 2163 qni

182 2191 334 2280 pulsaret.
349 2232 393 2243 —
406 2195 597 2272 Ὑπακουειν,
613 2195 697 2284 qnod
714 2206 797 2263 notat
813 2197 997 2264 Kainoilins
1014 2198 1052 2266 ad
1069 2197 1103 2265 h.
1119 2199 1156 2278 l.,
1175 2199 1305 2266 verbum
1322 2209 1369 2267 est

182 2317 347 2405 proprium
372 2317 411 2385 de
439 2319 642 2400 ianitoribus,
666 2321 741 2409 qni,
768 2331 931 2408 antequam
961 2321 1084 2388 ianuam
1108 2321 1266 2409 aperiant,
1297 2323 1368 2409 quis
1405 2365 1407 2368 .

180 2439 264 2506 adsit
292 2441 346 2528 qui
374 2441 536 2509 intromitti
565 2443 655 2520 velit,
686 2443 886 2531 interrogant.
902 2482 946 2493 -
962 2443 1070 2511 Puella
1093 2462 1179 2530 ergo,
1198 2443 1366 2524 sciscitata,

181 2563 255 2654 quis
275 2576 356 2633 esset
378 2567 431 2654 qui
456 2566 609 2654 pulsaret,
628 2587 699 2634 com
723 2568 807 2635 Petri
832 2566 1048 2656 respondentis
1070 2586 1178 2634 vocem
1195 2569 1369 2654 agnovisset

179 2687 391 2778 (ancyranae),
407 2710 488 2773 prce
511 2692 598 2778 (aaa.
625 2690 707 2759 Vide
729 2710 824 2779 supra
849 2690 888 2757 ad
912 2691 988 2778 Cap.
1014 2690 1087 2755 Xl:
1108 2687 1160 2770 Ι19)
1177 2686 1289 2776 gaudio
1307 2710 1368 2757 non

178 2813 304 2899 aperuit
323 2817 439 2879 ostiara
455 2815 602 2880 oestibnli
617 2815 678 2894 (τον
701 2811 853 2899 nolana),
872 2813 1035 2893 sednon,
1055 2832 1151 2900 quum
1173 2813 1366 2901 insperatum

177 2934 258 3002 illud
273 2936 420 3025 gandium
445 2938 511 3004 sola
527 2958 588 3005 non
612 2948 754 3025 caperet,
774 2939 861 3002 intro
878 2958 1048 3002 recurrens
1072 2931 1313 3025 (εισδραμουσα,
1333 2936 1364 3003 in

178 3058 361 3127 interiorem
387 3072 505 3150 partein
530 3059 656 3148 domos)
680 3061 736 3139 iis,
755 3061 808 3149 qni
826 3060 908 3127 intus
925 3047 1038 3140 erctnt,v
1050 3059 1217 3139 nuntiavit,
1235 3062 1363 3127 Petrum

177 3192 263 3250 stone
280 3203 336 3271 pro
355 3183 487 3251 loribus.

228 3420 282 3485 itt.
309 3420 354 3484 Αι
369 3421 422 3484 illi
437 3422 591 3486 disserant
605 3422 647 3485 ad
663 3441 731 3485 eane
748 3442 758 3480 .·
776 3417 922 3484 insanis!
937 3420 1004 3484 Illa
1020 3429 1145 3498 antem,
1163 3427 1250 3506 etc).
1271 3420 1364 3504 Quod

178 3543 284 3632 puella
308 3543 467 3611 nuntiabat
490 3544 566 3611 adeo
591 3543 775 3610 incredibile
799 3542 861 3610 illis
885 3542 1198 3622 videbatu1·‚uteam
1221 3547 1366 3610 insanire

177 3676 272 3756 atque
288 3677 408 3734 emotae
432 3669 544 3735 mentis
560 3689 629 3735 esse
653 3667 804 3735 dicerent.
839 3666 938 3752 «Qui
963 3666 1097 3732 maxime
1121 3666 1196 3755 qnid
1213 3667 1362 3755 cupiunt,

177 3800 213 3857 ut
229 3791 364 3857 Lorinus
380 3789 433 3857 hic
450 3791 688 3882 animadvertit,
703 3791 776 3878 quia
800 3801 946 3856 venentur
962 3789 1132 3878 plurimum
1157 3810 1195 3855 ne
1211 3810 1272 3855 non
1290 3810 1365 3856 con·

177 3897 291 4002 tingat,
318 3915 446 3982 minime
466 3937 500 3984 se
523 3916 629 3983 faciles
654 3915 804 3996 reddunt,
822 3914 989 4002 contigisse
1010 3925 1042 3980 ot
1065 3913 1232 3981 credant.»
1255 3911 1363 3980 Puella

177 4049 282 4104 antem
299 4058 395 4125 quum
413 4050 593 4106 constanter
608 4049 805 4106 asseveraret
821 4034 1070 4128 (διισχυρίζετο),
1087 4057 1153 4104 nem
1170 4037 1216 4105 sic
1232 4035 1361 4110 habene,

211 4264 511 4330 1ΝεειεεεΡεοτου
525 4251 749 4340 Haspoolegitur
797 4267 826 4315 ut
851 4262 914 4313 mini
943 4261 1065 4324 videtur,
1093 4263 1281 4328 ambigendum
1310 4277 1363 4316 non

177 4363 292 4418 aaron,
311 4357 339 4406 in
351 4356 439 4407 ABDG
455 4357 597 4423 multisque
614 4358 748 4408 Minuscn-
793 4356 848 4415 est,
869 4353 934 4419 quin
950 4353 1026 4405 lectio
1041 4362 1134 4402 αυτου
1150 4355 1225 4406 alteri
1238 4356 1272 4408 sit
1284 4370 1363 4422 prae-

177 4435 225 4500 lie,
240 4441 267 4489 et
282 4437 416 4503 plerisque
432 4440 549 4505 antiquis
564 4439 745 4502 versionibus3
795 4441 911 4493 ferenda.
