3074 5054
480 388 617 458 CAPUT
645 389 709 467 lll,
741 387 863 458 Vnus.
896 389 1040 456 lto-to.
1313 389 1355 454 89

178 582 306 663 secisse,
332 582 464 672 viroque
486 581 681 649 sanctissimo
709 590 739 646 et
763 579 1017 647 innocentissimo
1046 580 1228 669 praetulisse
1255 577 1357 645 homi-

177 707 291 774 cidam.
322 708 431 795 ltaque
457 706 575 778 crimen
609 705 749 794 ipsorum
783 702 924 771 nonnihil
956 714 1115 784 extenuat,
1145 724 1205 792 quo
1236 701 1357 769 facilius

177 829 272 897 corda
297 851 407 897 eorum
435 830 537 898 flectat
564 829 602 896 ad
631 829 869 918 poenitentiam,
900 840 930 896 et
953 829 991 897 ad
1019 829 1112 896 fidem
1140 830 1171 896 in
1199 827 1357 896 Christum

177 957 291 1022 lesum.
310 954 441 1022 Locutio
461 979 513 1016 και
532 975 583 1017 νυν
606 953 660 1041 (cl.
685 953 875 1020 Hebraieum
892 951 989 1041 egel)
1014 951 1066 1020 hic
1094 953 1223 1020 inservit
1239 955 1358 1017 trami-

178 1081 266 1144 cient.
291 1107 305 1137 ι
322 1079 427 1164 Longe
442 1075 628 1166 culpabilior
643 1076 720 1157 luit,
739 1075 822 1164 quod
838 1084 923 1142 notat
939 1073 991 1141 hio
1007 1076 1101 1142 Corn.
1123 1095 1141 1142 a
1160 1076 1254 1164 Lap.,
1273 1075 1359 1164 prin-

178 1203 284 1291 cipum
312 1199 505 1290 ignorantia,
535 1220 628 1290 quam
656 1198 783 1288 populi,
812 1208 919 1287 utpote
947 1199 1159 1278 crassissima,
1190 1199 1238 1264 vel
1267 1198 1357 1263 etiam

178 1328 335 1407 adeotata3
358 1325 431 1414 quia
455 1336 556 1391 tamma
581 1322 658 1391 haec
683 1343 808 1412 quoque
829 1323 932 1411 aliquo
958 1322 1049 1390 modo
1066 1324 1097 1389 in
1114 1322 1232 1390 scelere
1248 1322 1360 1388 minuit

178 1450 356 1529 audaciam,
371 1447 595 1537 impudentiam
612 1459 642 1514 et
657 1447 889 1513 irreverentiam
907 1447 938 1512 in
955 1447 1078 1525 Deum,
1093 1466 1130 1513 eo
1148 1446 1231 1535 quod
1248 1447 1360 1512 minuit

178 1572 386 1640 voluntarium
401 1569 540 1660 (gravius
557 1571 639 1637 enim
656 1578 855 1658 peccassent,
871 1569 898 1636 si
912 1568 1071 1658 Christum
1085 1570 1260 1656 cognitum,
1275 1569 1360 1658 quod

180 1695 298 1763 scilicet
324 1695 393 1783 ipse
421 1703 503 1760 esset
529 1693 660 1760 Messias
684 1703 715 1759 et
739 1691 839 1759 Filius
861 1692 939 1771 Dei,
964 1691 1136 1758 voluntarie
1159 1702 1189 1758 et
1211 1689 1360 1758 destinata

181 1819 294 1887 malitia
321 1817 542 1907 occidissent),
572 1817 690 1884 idcirco
719 1837 736 1883 a
763 1820 857 1884 Petro
889 1817 941 1902 hic
969 1817 1117 1905 allegatur
1145 1819 1234 1907 quasi
1268 1838 1361 1886 causa

181 1941 414 2010 Christicidium
439 1961 609 2021 excusans,
635 1962 695 2008 non
719 1942 751 2007 in
774 1952 855 2020 toto,
874 1942 929 2008 sed
953 1942 984 2008 in
1007 1953 1103 2009 tanto.
1123 1970 1137 2000 »
1159 1942 1210 2010 Ad
1230 1942 1262 2009 id
1277 1940 1361 2031 quod

182 2065 293 2133 dicitur
307 2067 390 2130 sicat
405 2075 435 2128 et
457 2067 614 2148 principes
631 2067 730 2129 vestri
740 2115 749 2144 ,
768 2084 806 2130 ex
830 2064 1015 2152 antegressis
1032 2074 1134 2131 mente
1151 2063 1359 2153 supplendum

182 2200 228 2256 est
245 2214 253 2255 z
270 2210 329 2272 per
353 2191 571 2271 ignorantiam
592 2192 746 2274 fecerunt.
770 2189 933 2278 Principes
956 2199 1057 2255 autem
1081 2187 1249 2280 (αρχοντες)
1271 2188 1361 2254 intel-

183 2316 316 2402 liguntur
328 2312 469 2380 membra
484 2313 649 2400 Synedrii,
664 2314 702 2382 de
718 2334 781 2403 quo
797 2313 911 2381 videsis
929 2313 1135 2380 holermanui
1152 2310 1359 2398 Archaeolog.

183 2461 216 2527 p.
241 2440 319 2508 258.
342 2440 377 2505 ln
404 2437 559 2504 locutione
579 2462 658 2501 κατα
681 2459 803 2528 epactas
827 2437 1120 2526 Praepositioacrc
1141 2436 1221 2504 valet
1236 2437 1363 2502 Nostra-

183 2560 259 2628 tium
286 2583 380 2645 ocor,
411 2564 554 2646 oolqeos,
584 2582 623 2629 ex
648 2583 710 2651 quo
738 2562 827 2630 facile
855 2560 1054 2646 intelligitur,
1084 2559 1240 2647 quomodo
1268 2559 1359 2624 etiam

183 2685 337 2751 notionem
362 2682 474 2751 haheat
496 2685 741 2774 Praepositionis
765 2706 837 2768 per,
868 2703 960 2772 quam
976 2681 1119 2769 Vulgata
1146 2682 1177 2747 in
1206 2680 1360 2769 praesenti

183 2811 251 2878 loco
267 2809 420 2878 adhibuit.

232 3059 284 3124 ta.
309 3056 657 3146 deponeremus).
686 3056 788 3122 Etiam
813 3055 882 3131 hic,
906 3065 940 3122 ut
966 3076 1061 3145 snpra
1089 3055 1181 3145 (Cap.
1206 3056 1235 3123 ll
1256 3081 1263 3123 ε
1288 3054 1360 3144 25),

182 3183 293 3249 Petrus
308 3181 417 3248 tacitae
434 3181 570 3249 occurrit
585 3180 765 3260 obiectioni,
784 3199 845 3269 qua
861 3180 999 3247 dicerent
1016 3178 1120 3247 ludaei
1138 3205 1145 3246 ε
1161 3179 1193 3247 Si
1211 3178 1280 3246 talis
1298 3190 1363 3246 tan-

183 3315 294 3393 tusque
320 3304 368 3369 vir
396 3314 461 3370 erat
485 3307 596 3385 lesus,
627 3306 680 3391 qul
712 3302 826 3369 lactum
854 3313 918 3383 est,
947 3314 980 3370 ut
1007 3303 1244 3390 ignominiosam
1277 3301 1361 3368 illam

187 3438 317 3494 mortem
339 3447 401 3493 non
430 3427 582 3514 effugerit.
613 3428 720 3513 ltaque
748 3425 829 3492 sicut
856 3425 1112 3515 supradixerat,
1136 3425 1232 3492 luisse
1260 3426 1363 3498 lesum

187 3552 371 3620 ludaeorum
400 3553 541 3641 potestati
569 3552 757 3641 permissum
785 3552 917 3634 definito
944 3554 1072 3616 coneilio
1101 3561 1131 3615 et
1154 3551 1365 3634 praescientia

186 3674 266 3751 Ilei,
284 3674 327 3742 ita
349 3673 402 3741 hie
424 3674 532 3754 docet,
551 3673 744 3763 praedictum
767 3672 863 3740 luisse
884 3673 967 3751 lore,
988 3683 1022 3739 ut
1042 3672 1172 3740 Messias
1194 3682 1362 3762 pateretur,

187 3795 326 3883 adeoque
342 3807 372 3864 et
388 3796 534 3864 divinitus
559 3797 735 3886 praevisum
753 3796 813 3865 hoe
829 3796 926 3864 luisse
946 3807 1037 3886 atque
1054 3798 1254 3886 permissum.
1273 3799 1367 3866 Scan-

188 3921 290 3988 dalum
318 3923 439 4003 crucis,
470 3923 554 4011 quod
582 3923 712 3992 ludaeos
740 3932 879 3990 avertere
908 3934 1013 4012 posset
1039 3944 1058 3990 a
1085 3923 1283 4013 suscipienda
1306 3923 1368 3991 fide

188 4041 381 4125 Christiana,
404 4047 631 4135 sapientissime
657 4050 769 4115 Petrus
785 4048 826 4114 ita
843 4058 998 4128 removet,
1016 4047 1142 4115 utillud
1158 4048 1251 4115 simul
1269 4058 1366 4114 vertat

189 4167 220 4232 in
249 4179 462 4255 argumentum
490 4170 767 4261 adprobandum,
798 4174 900 4239 lesum
934 4173 1127 4240 Nazarenum
1159 4193 1266 4239 verum
1297 4192 1365 4239 esse

189 4292 346 4360 Messinm.
370 4294 451 4361 Nam
474 4295 500 4361 si
528 4296 611 4364 illam
636 4307 766 4364 mortem
795 4317 962 4386 perpessus
984 4317 1045 4363 non
1068 4296 1196 4378 luisset,
1220 4317 1278 4363 nec
1300 4308 1365 4364 erat

190 4416 362 4503 promissus
384 4418 526 4491 Messias.
