3074 5054
185 391 230 458 20
544 389 679 456 dGl'US
717 388 1043 459 APOSTOLORUM.

228 577 349 646 Graeca
365 578 519 646 reddenda
543 590 640 645 sunt:
662 580 775 664 quitus
796 577 976 668 (apostolis)
1000 580 1097 641 etiam
1116 572 1199 663 (και)
1215 575 1362 638 mnium-

184 709 237 762 rct
250 698 343 787 (Aur.
362 699 545 790 παρεστησε)
561 703 763 790 semetipsum
778 706 935 767 cicentem
952 702 1079 789 (ζωντα)
1091 710 1164 782 post
1178 700 1362 781 passionem

182 845 273 889 cmm
288 824 337 912 (m
359 827 462 888 παθειν
484 825 593 914 aaron)
607 838 638 892 et
654 838 797 892 mortem.
820 857 833 886 ι
850 824 991 893 Verbum
1006 824 1112 909 ἵστημι
1128 844 1200 890 cum
1216 822 1363 889 omuibus

183 948 372 1037 Compositis
396 950 494 1016 active
516 949 627 1036 gaudet
652 950 878 1036 significatione
901 952 1155 1035 collocnndiqne,
1185 950 1362 1014 stotomdi-

183 1092 258 1155 qoe,
274 1082 490 1159 praeterquam
514 1072 545 1137 in
570 1071 778 1161 Temporibus
800 1073 980 1138 Praeteritis
1001 1082 1033 1137 et
1055 1071 1180 1137 Acristo
1203 1068 1360 1150 secundo,

182 1192 351 1279 inquibus
378 1194 459 1281 viget
485 1205 593 1261 neutra
618 1196 665 1261 vis
691 1197 811 1260 standi.
837 1223 850 1250 »
885 1194 995 1260 Valcl.
1021 1213 1051 1259 a.
1078 1192 1111 1258 lr.
1143 1192 1165 1258 l.
1195 1193 1361 1260 Viventem

183 1326 346 1403 postquam
369 1329 500 1383 mortem
523 1318 652 1385 obiisset
665 1316 760 1403 (pem
782 1341 816 1381 m
840 1317 941 1380 παθειν
966 1314 1085 1400 aaron)
1101 1336 1136 1382 se
1152 1317 1240 1382 lesus
1257 1319 1360 1405 Apos-

182 1437 254 1503 tolis
276 1439 343 1504 suis
366 1437 550 1506 exhibuerat
561 1461 591 1502 εν
615 1437 739 1514 nollem
754 1461 944 1529 τεκμηριοις,
959 1437 993 1506 h.
1014 1459 1043 1504 e.
1059 1459 1120 1522 pet·
1136 1449 1222 1502 certa
1239 1441 1362 1502 indicio

181 1560 300 1639 molta,
325 1571 415 1649 puta,
433 1572 487 1628 aut
510 1561 696 1650 palpandum
718 1581 752 1628 sc
776 1563 844 1650 ipse
866 1560 1062 1650 praebendo,
1082 1571 1135 1626 aut
1155 1560 1282 1626 vulnera
1304 1579 1362 1626 sua

181 1684 390 1766 ostendendo,
410 1695 463 1752 aut
488 1686 594 1754 cibum
618 1686 787 1767 sumendo,
804 1696 857 1753 aut
878 1686 992 1752 similia
1015 1684 1166 1752 iaciendo.
1197 1682 1247 1750 Ci.
1279 1685 1358 1750 Luc.

181 1807 402 1888 XXlettl,
432 1812 493 1888 50,
523 1811 583 1890 593
612 1808 683 1877 loh.
712 1811 812 1876 XX:
840 1811 901 1888 tn,
931 1809 992 1887 ao;
1022 1807 1093 1873 Act.
1124 1808 1183 1872 X:
1208 1809 1272 1885 dl,
1302 1809 1359 1874 ta.

180 1932 374 2020 Praepositio
401 1955 431 1996 εν
459 1932 511 2000 hic
536 1933 702 2002 adhibetur
727 1932 767 2000 ad
795 1931 992 2000 iudicandum
1021 1935 1272 1996 instrumentum
1299 1951 1361 2015 qno

179 2050 256 2138 quid
280 2051 324 2119 tit.
350 2053 398 2120 Ci.
425 2055 483 2123 Gr.
506 2076 539 2144 p.
562 2057 645 2133 417,
669 2079 694 2120 ε.
720 2056 810 2122 Certa
833 2066 935 2121 autem
952 2052 1003 2120 illa
1028 2054 1142 2122 iudicia
1159 2053 1353 2142 (τεκμηρια),

180 2180 295 2266 quibus
317 2181 457 2270 Apostoli
482 2182 559 2249 certi
581 2182 803 2262 redderentur,
827 2201 898 2248 eum
919 2201 1027 2247 revera
1050 2181 1081 2245 io
1108 2181 1202 2246 vitam
1227 2179 1358 2247 rediisse

179 2313 210 2368 et
238 2304 358 2383 vivere,
383 2306 469 2372 lesus
494 2305 556 2373 illis
578 2306 705 2374 dederat
728 2328 929 2391 οπτανομενος
957 2327 1077 2378 αυτοις,
1101 2305 1359 2386 conspiciendum

177 2447 208 2490 se
224 2429 291 2492 illis
307 2429 460 2510 praebens
476 2448 532 2518 per
548 2429 750 2518 quadraginta
773 2428 858 2511 dies,
878 2439 972 2517 puta,
999 2447 1059 2492 non
1085 2436 1129 2492 tot
1152 2424 1262 2492 diebus
1279 2444 1356 2490 cou-

178 2548 293 2617 tinuate
324 2551 379 2617 sed
407 2554 587 2632 interdum,
618 2554 730 2619 iterum
763 2563 855 2639 atque
883 2552 995 2617 iterum
1025 2569 1081 2638 per
1107 2545 1194 2635 (δια,
1220 2545 1359 2634 doram)

179 2680 274 2739 totum
302 2673 378 2741 illud
402 2675 602 2764 quadraginta
623 2674 745 2741 dierum
769 2675 934 2764 spatiunt’3
958 2694 1028 2740 narn
1046 2682 1080 2738 ut
1096 2670 1156 2738 hoc
1171 2673 1236 2757 jam
1260 2691 1358 2759 appa-

179 2797 266 2865 rendi
282 2810 368 2866 actus
385 2811 486 2888 perse
506 2799 658 2889 postulat,
677 2802 717 2867 ita
733 2800 825 2866 etiam
841 2798 965 2866 aliunde
988 2809 1126 2875 constat,
1145 2809 1176 2863 ct
1194 2808 1357 2885 praeterea

178 2922 253 2987 satis
276 2921 430 2991 indicatur
446 2943 502 3012 per
517 2936 726 3012 antegressum
744 2922 913 2997 ennolion
936 2946 1117 3014 mmmmm.
1140 2952 1154 2981 «
1170 2924 1248 2988 Tam
1266 2922 1357 3010 longo

177 3045 363 3132 conspectius
388 3047 435 3113 sui
459 3047 557 3136 spatio
581 3047 624 3112 rei
647 3047 805 3113 veritatem
829 3045 1057 3135 comprobans,
1082 3065 1121 3110 ne
1145 3043 1178 3110 id
1198 3042 1281 3130 quod
1310 3045 1358 3111 vi-

177 3164 325 3247 debatur,
345 3167 525 3257 phantasma
547 3189 615 3237 esse
638 3180 793 3258 putarent.
811 3170 921 3257 Neque
943 3167 992 3236 his
1019 3178 1199 3245 contentus,
1217 3184 1357 3234 mensam

176 3289 268 3357 etiam
283 3291 420 3375 addidit,
438 3294 470 3362 id
486 3294 569 3383 quod
585 3295 677 3362 etiam
694 3305 800 3383 postea
816 3294 892 3362 dicit
911 3319 918 3361 :
938 3305 968 3358 et
983 3313 1163 3358 convescens
1180 3312 1251 3355 com
1269 3293 1353 3357 iltis.

178 3413 246 3479 Hoc
272 3424 373 3481 autem
405 3416 464 3505 ipsi
493 3417 632 3506 Apostoli
661 3438 785 3506 semper
813 3418 843 3482 iu
873 3414 1109 3483 resurrectionis
1137 3423 1351 3500 argumentum

175 3549 369 3617 sumserunt,
388 3538 525 3607 diceutes
541 3540 627 3631 (Act.
648 3542 679 3608 X
696 3591 703 3605 .
722 3540 802 3626 ll):
822 3543 879 3626 qm'
894 3542 1154 3606 manducavimus
1170 3549 1200 3602 ct
1216 3539 1352 3604 bibimus

175 3682 246 3726 cnm
264 3666 331 3729 illo.
350 3691 363 3721 a
387 3664 421 3731 S.
437 3664 550 3752 Chrys.

222 3795 251 3850 et
274 3788 403 3871 loquens
424 3791 462 3852 de
485 3809 580 3871 reyno
604 3785 693 3871 Dei).
713 3788 858 3856 Graece:
880 3785 974 3877 λεγων
989 3812 1027 3850 τα
1044 3809 1111 3874 περι
1127 3810 1177 3860 της
1194 3783 1352 3869 βασιλειας

177 3956 347 3968 —-

209 4042 229 4108 ¹)
240 4042 277 4094 De
286 4042 335 4094 hac
343 4043 454 4108 syntaxi
466 4043 525 4095 vide
538 4043 582 4094 Gr.
592 4044 606 4109 ,ξ
617 4044 659 4107 ts,
668 4046 693 4106 u,
704 4027 735 4114 β.
787 4052 1089 4121 ρωντεσσαρακοντα·
1097 4053 1195 4120 cuyap
1209 4026 1228 4092 d
1231 4052 1351 4104 ιηνεκως

208 4133 229 4200 ¹)
241 4133 319 4185 Recte
341 4132 390 4186 hoc
412 4133 445 4186 ad
473 4147 549 4187 voces
568 4116 606 4183 δι’
621 4121 738 4211 ἡμερων
785 4145 906 4197 norom,
928 4125 968 4194 ὡς
992 4145 1043 4183 και
1060 4142 1218 4210 προτερον,
1237 4143 1348 4196 cunno,

175 4227 264 4277 monet
275 4223 430 4277 scholiastes
439 4224 501 4278 Cod.
517 4240 545 4277 c.
558 4225 601 4288 (ex
609 4216 737 4292 Mosqql:
785 4209 854 4274 αλλ’
873 4234 1015 4303 εφιστατο
1037 4235 1087 4273 και
1115 4234 1262 4301 αφιστατο
1291 4234 1350 4273 πα-

175 4296 274 4374 καλως
299 4324 352 4363 ουκ
376 4323 472 4379 einen,
496 4315 596 4381 inquit,
614 4323 643 4364 εν
666 4301 738 4387 ἡμε-
785 4299 843 4367 λιν,
1210 4325 1213 4328 ’

175 4419 241 4487 ραις
252 4421 497 4490 τεσσαρακοντα,
517 4397 598 4462 nlla
612 4396 650 4464 δι’
666 4401 738 4486 ἡμε-
