3074 5054
353 427 491 495 cnrur
526 426 618 506 xvi,
656 426 778 500 vens.
818 427 963 527 rt-ta.
1195 427 1260 503 cen

127 620 182 687 13.
209 619 269 684 Die
291 626 397 683 autem
419 617 639 695 sabbatorum,
658 619 746 701 etc).
772 615 834 683 Die
855 617 993 700 sabboti,
1012 615 1113 705 inquit
1127 614 1182 705 (de
1198 636 1262 681 uuo

80 740 208 809 abbate
236 740 414 830 promiscue
440 739 555 808 dieitur
577 764 611 805 ro
634 734 808 824 σαββατον,
839 749 869 806 ei
888 763 927 802 sot
949 733 1123 828 σαββατα),
1147 739 1262 826 egressi

81 883 189 930 sumus
205 875 296 929 extra
310 859 395 949 (εξω)
412 872 532 952 portam
556 862 644 931 urbis
659 861 697 929 ad
722 861 857 942 flumen,
876 860 928 933 ubi
946 864 1044 928 morie
1059 873 1130 927 erat
1145 861 1262 951 (ενομι-

83 990 173 1060 ζετῶ.
202 985 275 1054 vide
301 987 478 1075 Proiegom.
504 986 534 1053 in
558 988 618 1075 Ep.
644 985 683 1053 ad
707 984 846 1074 Philipp.
865 984 884 1072 S
900 986 935 1072 ᾖ)
950 987 1062 1052 iuberi
1088 990 1263 1053 oratorium
1330 1005 1332 1008 ·

84 1111 277 1200 (προσευχη).
306 1110 432 1177 Scilicet
452 1108 554 1177 sicubi
577 1108 682 1177 iudaei
703 1129 888 1197 synagogam
908 1110 939 1176 in
960 1109 1038 1181 urbe
1061 1109 1176 1179 habere
1203 1132 1264 1179 non
1379 1200 1380 1203 Ἴ

87 1248 320 1324 ροεεοηι,,ηιοε
343 1235 405 1302 iliis
425 1247 491 1303 erat
513 1235 645 1303 oratoria
666 1255 722 1303 sua
742 1233 780 1303 ad
804 1234 967 1304 fluminum
991 1236 1075 1324 ripas
1101 1248 1154 1304 aut
1176 1235 1266 1305 litora
1366 1279 1377 1298 .

89 1359 178 1426 maris
195 1359 403 1439 constituere,
421 1379 483 1448 quo
500 1377 579 1448 aqua
594 1369 773 1449 suppeteret
788 1357 826 1426 ad
841 1358 972 1427 lotiones
996 1379 1104 1431 eorum
1122 1359 1261 1429 rituales.

91 1483 222 1550 Pertinet
241 1480 303 1549 huc
327 1481 359 1549 id
381 1481 465 1570 quod
486 1481 597 1570 legitur
619 1484 649 1549 in
671 1483 806 1550 Decreta
829 1480 1161 1565 Halicarnassensiunn⁹
1182 1504 1189 1546 :
1209 1486 1265 1548 Δε·

91 1600 195 1690 δοχθαι
210 1605 303 1690 riute,
320 1582 552 1680 louteoeo'roog
569 1602 770 1691 βουλομενους
786 1601 899 1694 utaque
915 1628 946 1669 rs
963 1629 1014 1668 και
1035 1629 1180 1694 γυνριικας
1196 1629 1267 1670 rurs

92 1723 234 1813 σαββατα
255 1750 339 1817 αγειν
362 1752 414 1792 και
436 1752 475 1791 τα
498 1731 561 1817 ἱερα
581 1725 730 1792 everstan
753 1753 832 1792 κατα
855 1753 922 1804 τους
944 1725 1120 1806 [caietanae
1136 1754 1264 1817 νομους,

90 1876 137 1914 και
151 1876 206 1926 τας
221 1874 393 1944 προσευχας
415 1852 564 1917 ποιεισθαι
587 1875 660 1943 προς
681 1875 718 1941 τῃ
741 1850 883 1943 Θαλασσῃ
904 1879 983 1918 κατα
998 1878 1032 1919 ro
1049 1877 1175 1945 πατριον
1191 1856 1266 1930 stoc.

33 2038 46 2048 ,
95 1975 156 2041 Hoc
171 1987 219 2042 est
233 1961 384 2042 :Placuit
403 1976 503 2060 uobis,
521 1998 559 2041 ou
575 1977 706 2042 Iudaeis
721 1979 907 2063 quicumque
927 1981 1099 2063 volueriut,
1119 1983 1186 2047 oiri
1200 1985 1267 2048 eive

89 2103 255 2184 mutieres,
275 2112 342 2167 tum
358 2101 483 2167 sabbata
507 2103 681 2180 celebrare,
703 2115 770 2169 tum
788 2125 881 2170 socru
902 2126 1055 2190 peroqere
1075 2111 1164 2174 iuxta
1188 2112 1269 2194 ieqes

95 2223 258 2308 Iudaicos,
278 2236 308 2290 ot
324 2227 514 2308 proseuchas
532 2229 638 2309 socero
658 2226 700 2291 od
719 2247 808 2292 more
822 2248 882 2310 pro
900 2230 1008 2311 patrio
1023 2249 1151 2295 more.»
1173 2230 1267 2315 Quod

97 2346 118 2410 si
134 2357 237 2435 putes,
251 2366 359 2414 vocem
375 2370 529 2438 προσευχη
545 2347 659 2416 dictam
676 2368 744 2416 esse
761 2368 821 2415 non
839 2347 877 2416 de
890 2352 1047 2433 precandi
1063 2353 1139 2432 tneo,
1158 2349 1212 2418 sed
1229 2350 1268 2420 de

96 2471 162 2553 ipso
174 2473 375 2556 precatione,
395 2483 495 2538 vertas
511 2501 518 2538 ε
533 2473 590 2539 ubi
605 2474 721 2540 solebat
735 2476 878 2557 precatio
894 2496 960 2540 esee
967 2525 980 2558 ,
999 2475 1022 2541 i.
1041 2495 1071 2541 e.
1089 2474 1142 2542 ubi
1161 2474 1267 2543 haberi

92 2593 208 2662 solebat
224 2593 387 2680 religiosus
404 2593 590 2661 iudaeorum
606 2607 789 2665 conuentus.

133 2719 336 2796 attententes,
351 2715 438 2798 ete).
464 2716 509 2784 ibi
531 2741 603 2784 cum
623 2723 870 2786 coaccedissemus
891 2719 1107 2810 (καθισαντες),
1124 2725 1269 2789 mutieri-

95 2841 156 2921 bus,
173 2863 253 2927 quoe
270 2840 343 2907 illue
360 2839 398 2907 ad
414 2840 603 2929 precandum
620 2854 844 2926 converterunt,
862 2848 1078 2930 loquebamur)
1098 2845 1268 2914 doctrinam

99 2963 306 3051 Evangelioam
323 2962 385 3030 iilis
400 2963 635 3030 annunciantes.

138 3210 191 3276 ii.
217 3208 263 3274 Et
286 3209 440 3292 quaedam
468 3210 585 3274 nouiter
606 3211 734 3275 nomine
756 3212 879 3296 quio,
904 3217 992 3299 ete).
1023 3213 1188 3302 Proprium
1210 3213 1270 3282 hoc

96 3331 157 3400 eius
179 3351 290 3399 nomen
312 3342 393 3414 erat,
413 3354 474 3399 non
498 3354 573 3400 vero
597 3334 810 3418 Gentiiitiurn‚
830 3338 917 3424 quasi
944 3336 1043 3425 Lydia
1066 3337 1149 3405 dicta
1171 3351 1269 3428 esset,

97 3467 198 3540 utpote
221 3476 260 3523 ex
282 3454 380 3543 Lydia
404 3456 553 3538 oriunda,
581 3457 665 3546 quod
687 3459 796 3526 Grotio
821 3459 952 3547 placuit3
972 3480 1041 3527 nani
1058 3461 1084 3528 si
1103 3459 1180 3539 hoc,
1198 3481 1270 3530 eum

97 3579 233 3646 articulo
260 3579 412 3668 seriptum
442 3588 523 3646 esset
552 3580 570 3653 ἡ
600 3577 723 3662 Auito,
759 3593 812 3649 aut
839 3606 911 3672 γυνη
939 3606 985 3658 τις
1013 3579 1113 3647 Aaou
1145 3582 1273 3651 dixisset

98 3700 204 3769 Lucas.
231 3701 351 3770 Nomen
369 3700 429 3769 hoc
450 3702 585 3785 quioo,
605 3702 727 3770 mulieri
746 3704 922 3791 proprium,
940 3705 1077 3792 antiquis
1093 3705 1271 3773 inusitatum

100 3893 292 3904 -u--unn—

128 4033 146 4098 ¹)
163 4034 230 4085 Van.
253 4047 323 4084 uren.
347 4032 396 4084 Pro
418 4021 568 4103 ενομιζετο
585 4041 658 4107 προ·
704 4039 758 4097 est,
771 4039 851 4102 atque
868 4035 936 4088 hane
953 4049 985 4086 ex
1005 4035 1046 4087 ilie
1064 4039 1151 4088 natam
1164 4036 1270 4089 dixeris.

99 4131 188 4195 σευχη
216 4135 257 4183 est
287 4111 461 4194 ενομιζομεν
487 4131 658 4201 προσευχην
1157 4178 1164 4195 ,

99 4205 122 4256 in
141 4205 223 4259 codd.
243 4204 339 4267 A**C;
354 4207 381 4256 et
397 4205 423 4255 iu
443 4205 505 4258 Cod.
525 4207 547 4256 D
566 4205 663 4270 legitur
741 4209 760 4274 ')
778 4209 882 4261 Editum
901 4209 1034 4264 decretum
1055 4211 1104 4264 hoc
1125 4217 1164 4264 est
1184 4226 1198 4264 a
1223 4213 1273 4267 iac.

100 4268 190 4338 εδοκει
218 4295 391 4362 προσευχη,
420 4300 498 4353 quam
525 4288 661 4339 lectionem
708 4292 838 4347 Gronovio
848 4295 874 4346 in
888 4295 1003 4348 Decretis
1016 4296 1140 4349 Romania
1157 4304 1179 4350 ot
1190 4297 1274 4350 Aeto-

100 4369 205 4436 Vulgata
223 4375 311 4423 nostra
332 4368 419 4420 retent.
440 4369 526 4422 Lectio
548 4370 664 4435 vulgaris
707 4378 767 4428 utcu
781 4391 832 4442 pro
844 4377 996 4446 Judaeum,
1016 4380 1047 4430 22
1061 4379 1138 4446 (apud
1150 4380 1227 4433 Wolf,
1243 4382 1270 4431 in

101 4441 245 4524 ενομιζετο
262 4459 416 4526 προσευχη
429 4451 522 4503 ceteris
533 4449 664 4502 diffieilior
711 4458 798 4522 Certe,
812 4458 845 4510 ad
856 4458 881 4510 n,
896 4459 934 4524 1,),
969 4447 976 4456 “
