3074 5054
467 391 606 460 CAPUT
639 393 688 470 ll,
725 391 846 460 Vnus.
887 393 1030 460 ln—ln.
1307 397 1349 462 55

176 582 251 650 nihil
281 582 352 650 heic
378 582 467 650 video
491 582 579 671 quod
603 601 789 672 magnopere
816 581 960 664 suadeat,
989 593 1024 652 ut
1050 604 1117 652 eam
1144 604 1254 674 reapse
1285 596 1350 654 tum

176 704 285 774 laetam
309 706 405 773 luisse
421 705 558 774 credam.
577 706 668 772 Certe
683 705 714 771 in
739 706 842 773 Lucae
857 707 1033 774 narratione
1048 727 1087 773 ne
1102 707 1264 776 verbulum
1281 710 1352 798 qui·

178 827 246 895 dem
270 829 424 910 occurrit,
451 849 513 917 quo
537 826 713 895 istiusmodi
738 827 914 918 prodigium
943 829 1163 919 aliquomodo
1192 832 1348 900 innuatur.

179 956 251 1021 Nam
276 974 315 1021 ex
341 974 378 1021 eo
405 953 488 1042 quod
510 953 622 1021 Petrus
649 973 710 1021 una
738 974 813 1022 usus
841 954 962 1042 lingua,
992 956 1165 1025 intellectus
1192 955 1286 1025 luerit
1312 957 1350 1025 ab

180 1078 337 1161 omnibus,
359 1099 421 1146 non
445 1079 591 1146 continuo
615 1077 769 1167 sequitur,
793 1098 850 1168 per
872 1079 1058 1146 miraculum
1081 1079 1158 1148 illud
1179 1081 1349 1163 accidisse,

180 1203 236 1268 nisi
254 1204 341 1292 prius
358 1202 508 1293 probetur
524 1223 609 1283 earn,
627 1223 688 1292 qua
703 1205 815 1270 Petrus
827 1202 988 1284 utebatur,
1007 1205 1141 1294 linguam
1166 1205 1351 1294 incognitam

181 1324 273 1390 luisse
300 1325 357 1405 iis,
384 1324 423 1392 ad
450 1344 529 1415 quos
556 1344 730 1393 sermonem
758 1345 849 1394 suum
876 1326 1039 1415 dirigebat.
1069 1328 1236 1397 Auditores
1267 1341 1354 1399 erant

183 1448 351 1528 israelitae,
370 1448 483 1537 partim
499 1469 517 1514 e
533 1447 647 1516 Iudaea
662 1447 805 1530 oriundi,
824 1450 936 1539 partim
954 1451 986 1517 in
1010 1451 1069 1518 alia
1087 1451 1213 1540 quidem
1229 1453 1354 1542 regione

184 1571 256 1651 nati,
270 1570 326 1638 sed
338 1570 587 1658 Hierosolymam
601 1570 806 1640 inhabitantes
818 1572 1039 1662 (κατοικουντες
1051 1574 1273 1668 Ἰερουσαλημ).
1283 1578 1353 1645 Pri-

184 1712 251 1759 ores
267 1693 342 1781 quin
363 1695 491 1760 Petrum
514 1694 678 1762 vernaculo
702 1714 759 1761 suo
784 1715 927 1763 sermone
950 1705 1085 1764 utentem
1109 1698 1177 1765 sine
1204 1699 1353 1767 miraculo

185 1814 404 1896 intellexerint,
421 1814 556 1883 dubitari
582 1816 704 1904 nequit3
722 1815 762 1883 ad
786 1818 974 1906 posteriores
997 1831 1099 1887 autem
1122 1820 1205 1910 quod
1228 1821 1352 1903 attinet,

185 1959 244 2028 quo
260 1940 329 2006 iure
344 1940 543 2028 negabimus,
559 1959 612 2007 eos
628 1939 766 2029 potuisse
781 1939 841 2008 sibi
858 1961 1039 2030 comparare
1054 1943 1214 2011 scientiam
1233 1945 1355 2032 linguae

186 2065 335 2154 regionis,
361 2065 392 2130 in
421 2085 499 2152 qua,
517 2064 626 2133 relicta
649 2066 763 2155 patria,
787 2076 839 2133 aut
866 2066 1058 2136 domicilium
1083 2089 1173 2137 suum
1197 2070 1354 2152 fixissent,

185 2199 234 2255 aut
255 2199 339 2255 certe
365 2186 482 2255 diutius
510 2187 641 2255 luissent
666 2189 957 2258 commoratitNon
979 2190 1057 2258 dixit
1080 2193 1199 2272 Lucas,
1222 2214 1276 2261 eos
1301 2195 1353 2285 qui

185 2313 274 2379 Petro
290 2313 485 2380 concionanti
512 2322 690 2402 praesentes
713 2312 857 2393 aderant,
875 2312 950 2381 tales
973 2314 1069 2381 luisse
1086 2315 1139 2404 qui
1156 2335 1216 2382 non
1241 2317 1301 2384 nisi
1318 2317 1357 2385 ad

186 2457 352 2524 paucorum
376 2435 498 2504 dierum
520 2437 673 2526 spatium,
691 2447 765 2526 puta
788 2438 987 2505 Pentecostes
1014 2436 1216 2507 celebrandae
1243 2460 1354 2520 causa,

186 2562 419 2650 Hierosolymae
434 2574 570 2650 agerent.
597 2562 698 2629 Etiam
714 2561 789 2629 tales
805 2561 941 2630 adluisse
958 2562 1038 2630 inter
1052 2563 1228 2645 auditores,
1246 2568 1357 2635 verisi-

187 2685 256 2751 mile
279 2706 348 2752 esse
371 2685 432 2752 iam
455 2705 549 2775 supra
574 2685 802 2766 concessimus3
821 2683 876 2751 sed
900 2684 1001 2765 ethi,
1028 2685 1054 2753 si
1076 2685 1219 2753 alicunde
1241 2707 1279 2754 ex
1298 2687 1357 2755 Pa-

186 2781 311 2876 laestina
347 2811 518 2888 venissent,
549 2809 616 2876 sine
653 2809 804 2877 miraculo
840 2811 967 2876 Petrum
1005 2810 1181 2900 loquentem
1219 2824 1361 2902 poterant

187 2935 364 3024 intelligere.
383 2937 446 3002 Fac
457 2955 530 3002 vero
547 2954 619 3016 eoS,
634 2935 766 3024 exempli
782 2936 890 3022 gretia,
905 2955 944 3002 ex
960 2936 1068 3003 Persia
1083 2936 1178 3004 luisse
1195 2939 1356 3021 oriundos,

188 3080 242 3126 nec
257 3060 303 3126 sic
319 3059 450 3126 multum
467 3058 604 3146 urgebis,
623 3060 836 3147 quum'Lucas
853 3079 913 3125 non
931 3059 1063 3142 scribat,
1082 3063 1123 3126 oct
1139 3083 1239 3129 onom
1255 3085 1360 3131 omnes

189 3184 238 3272 qui
260 3183 387 3250 aderant
407 3184 535 3249 Petrum
557 3181 733 3270 loquentem
750 3181 951 3250 intellexisse.

234 3423 284 3488 ln.
304 3441 370 3486 noro
385 3420 485 3509 enirn)
501 3444 535 3484 oo
550 3442 621 3510 γαρ.
641 3420 796 3488 Particula
810 3445 868 3513 γαρ
885 3443 1011 3488 causam
1032 3420 1140 3502 inlert,
1158 3445 1216 3489 cor
1231 3423 1362 3494 debeant
1453 3485 1455 3488 Α

191 3548 316 3611 curibus
330 3548 496 3628 percipere
514 3547 605 3610 uerbo
621 3544 701 3612 eius.
720 3545 833 3634 lnoipit
855 3547 967 3612 Petrus
984 3566 1002 3612 a
1017 3544 1177 3614 refutanda
1194 3547 1359 3630 calumnia,

193 3689 281 3757 quam
305 3689 344 3735 ex
367 3668 558 3736 adstantibus
582 3667 722 3736 nonnulli
738 3667 801 3757 (vs.
823 3667 880 3757 ts)
896 3668 1100 3737 adhibuerant
1115 3670 1147 3736 in
1163 3671 1266 3759 ipsum
1282 3681 1364 3738 oete-

194 3811 317 3881 rosque,
342 3793 395 3880 qui
421 3792 540 3880 Spiritu
563 3792 674 3859 Sancto
697 3794 776 3874 acti,
802 3791 914 3880 linguis
936 3792 1141 3882 loquebantur
1166 3798 1266 3862 novis.
1291 3797 1364 3864 Nora

193 3928 263 3982 sont
277 3919 313 3981 ti
328 3919 426 3996 ebrii,
445 3916 562 4005 inquit,
581 3933 652 3982 cum
667 3919 710 3982 sit
725 3920 803 3983 doro
819 3920 884 3983 diei
900 3922 1013 4002 tertio,
1033 3917 1094 3985 boc
1109 3928 1173 3998 est,
1192 3918 1363 3987 secundum

193 4050 324 4106 nostram
356 4038 553 4127 computandi
586 4041 754 4119 rationem,
784 4039 861 4107 hora
892 4059 971 4106 nona
1002 4040 1252 4122 antemeridiana.
1282 4041 1364 4110 Vide

193 4162 267 4229 inlra
282 4163 407 4252 adCap.
418 4163 482 4229 lll:
497 4165 669 4230 l.—-Ante
685 4163 793 4230 boram
811 4164 949 4245 tertiam,
969 4162 1078 4231 diebus
1091 4164 1272 4253 praesertim
1288 4165 1365 4232 Sab-

193 4284 250 4352 bati
267 4297 297 4353 et
313 4287 416 4364 lestis,
434 4287 588 4354 insuetum
606 4298 670 4353 erat
692 4286 814 4354 ludaeis
837 4298 960 4374 gustare
976 4287 1135 4377 quidpiam
1152 4288 1199 4355 vel
1215 4287 1363 4357 esculenti

192 4409 238 4476 vel
254 4410 422 4500 poculenti.
441 4410 489 4477 Cl.
507 4409 679 4498 Liglrtloot,
699 4411 801 4478 Horae
819 4409 988 4478 Hebraicae
1004 4412 1042 4479 ad
1060 4411 1091 4479 b.
1111 4413 1148 4492 l.,
1167 4423 1196 4481 et
1211 4413 1363 4480 baronius
