3074 5054
191 373 259 443 aas
531 371 666 439 turus
698 369 1033 451 nnosrnnonuu,
1151 346 1153 350 ’

188 561 249 629 Dei
273 551 388 628 Filium
411 571 442 627 et
469 561 658 648 promissum
682 562 829 630 lllessiam
854 582 924 630 esse
947 561 1146 652 profitentur,
1170 572 1202 628 et
1223 573 1259 630 ut
1279 564 1372 632 talem

187 687 294 753 colunt
308 684 493 752 etadorant.
507 724 552 735 —
570 687 695 754 Dicitur
722 709 871 777 αρχιερεις
899 707 955 775 per
982 686 1208 772 Synecdochen
1233 708 1291 776 pro
1314 688 1373 773 Sy-

187 809 296 877 nedrio
325 819 401 876 toto.
431 809 523 877 Certo
551 810 677 898 quidem
705 810 767 878 dici
796 813 921 898 nequit,
952 831 1087 899 quonam
1114 810 1207 878 modo
1233 812 1372 879 Ananias

185 931 435 1000 edoctusluerit
461 931 500 999 de
526 933 680 1013 concilio,
709 954 771 1020 quo
806 932 918 1000 Saulus
952 935 1143 1000 Damascum
1178 943 1261 998 esset
1297 952 1371 1021 pro-

183 1053 302 1137 iectus;
332 1054 502 1144 probabilis
529 1066 631 1122 tamen
659 1056 838 1122 coniectura
864 1065 928 1132 est,
955 1074 1020 1120 rem
1044 1073 1063 1120 a
1086 1053 1171 1120 Sauli
1198 1054 1372 1122 comitibus

183 1180 330 1248 Damasci
357 1178 542 1266 divulgatam
569 1177 683 1258 luisse,
712 1188 805 1266 atque
832 1178 874 1245 ita
892 1177 932 1245 ad
954 1176 1092 1244 Ananiae
1121 1197 1246 1264 quoque
1274 1196 1369 1244 aures

184 1302 376 1392 pervenisse.

230 1545 285 1611 tt.
301 1543 399 1626 Vnde,
417 1544 567 1626 qnoniam
580 1562 634 1606 cos
651 1541 812 1606 electionis
829 1549 874 1605 est
888 1542 973 1606 milei
988 1543 1066 1624 iste,
1084 1549 1122 1606 nt
1135 1551 1253 1626 portet,
1273 1539 1368 1628 etc).

183 1664 306 1754 Repetit
323 1665 413 1731 lesus
430 1663 607 1731 mandatum
623 1683 715 1730 suum
731 1661 770 1729 de
785 1661 927 1729 adeundo
943 1662 1057 1742 Saulu;
1075 1674 1107 1730 ει
1121 1676 1155 1731 ιιι
1170 1662 1209 1730 ab
1225 1665 1368 1733 Ananiae

181 1790 284 1858 animo
308 1807 431 1856 omnem
455 1797 572 1853 metum
587 1784 721 1853 adeundi
737 1785 865 1852 Saulum
882 1785 1053 1874 propellat,
1072 1786 1215 1853 eumdem
1232 1789 1365 1868 edocet,

181 1913 367 1981 acerrimum
392 1911 480 1978 illum
501 1909 748 1977 Christianorum
771 1919 1023 1998 persecutorem,
1041 1909 1188 1999 deinceps
1209 1909 1276 1977 iore
1300 1913 1368 1978 exi·

181 2037 279 2104 mium
302 2034 461 2122 Evangelii
486 2032 751 2123 praedicatorem,
776 2042 807 2098 et
833 2032 953 2110 virum,
982 2033 1036 2121 qui
1058 2043 1140 2100 tanta
1157 2032 1260 2100 adhuc
1283 2035 1367 2102 mala

181 2159 367 2227 Christianis
391 2157 554 2234 intulerat,
572 2155 657 2223 lrunc
673 2157 776 2245 ipsum
801 2154 895 2223 huius
913 2157 1048 2224 nominis
1064 2157 1157 2224 eausa
1180 2157 1366 2244 gravissima

181 2301 324 2372 quaeque
339 2301 407 2348 esse
424 2299 659 2370 perpessurum.
678 2281 739 2381 ios
756 2280 915 2345 electionis
931 2281 1052 2368 (σκευος
1068 2276 1205 2369 calopus)
1219 2280 1241 2345 i.
1261 2300 1290 2345 e.
1312 2302 1369 2346 one

179 2402 451 2495 (instrumentum)
471 2406 629 2469 selectum.
656 2402 763 2476 Σκευος
787 2424 842 2468 uns
867 2401 981 2492 (Hebr.
1007 2397 1081 2489 aba)
1105 2403 1257 2470 Hebraeis
1279 2403 1367 2471 dioe-

181 2529 272 2598 batur
284 2529 375 2596 etiam
394 2530 432 2593 de
450 2530 578 2592 homine
597 2526 635 2594 ad
652 2526 713 2593 hoc
729 2526 776 2593 vel
794 2525 871 2593 illud
888 2527 1039 2615 agendum
1056 2527 1179 2595 idoneo.
1200 2528 1367 2596 Genitivus

180 2648 302 2742 εκλογης
316 2650 504 2741 (electionis)
517 2661 563 2717 est
575 2649 738 2717 Genitivus
756 2653 933 2734 qualitatis,
947 2650 1015 2737 qui,
1030 2670 1069 2716 ex
1080 2650 1280 2728 Hebraismo,
1295 2652 1364 2719 Ad-

179 2775 281 2842 iectivi
300 2774 433 2841 nominis
446 2774 546 2840 uicem
559 2772 683 2862 supplet
699 2773 769 2863 (een
784 2776 960 2855 uitpelezen
976 2772 1158 2860 werltuip).
1177 2776 1239 2840 Per
1251 2774 1363 2842 lnfini-

178 2897 276 2966 tivum
291 2896 562 2965 Nominascentem
577 2920 631 2959 του
648 2892 806 2981 perrorat
822 2897 879 2985 (od
890 2896 1102 2986 portandum)
1115 2896 1270 2964 indicatur
1285 2898 1365 2981 tinia

179 3023 221 3087 od
239 3041 330 3108 quem
345 3018 556 3088 adhibendum
573 3031 655 3088 esset
678 3019 756 3087 illud
769 3041 823 3084 oar
834 3021 1009 3087 electionis.
1027 3019 1109 3089 Vide
1125 3039 1220 3109 supra
1232 3019 1270 3086 ad
1283 3022 1362 3110 Cap.

180 3143 241 3214 Vll
262 3167 270 3211 z
290 3144 344 3211 19.
366 3141 427 3208 llic
449 3153 551 3208 autem
575 3140 647 3208 finis
664 3154 729 3209 erat
749 3154 882 3226 portare
904 3164 1017 3209 nomen
1039 3145 1074 3207 J.
1103 3143 1138 3208 θ.
1164 3165 1272 3209 corum
1287 3167 1365 3228 pen-

179 3268 281 3348 lidua,
300 3277 331 3333 et
346 3266 488 3349 rapidus,
504 3276 534 3331 et
547 3267 627 3348 liliis
646 3266 772 3348 Israel,
789 3264 850 3331 hoc
872 3274 935 3346 est,
955 3267 1087 3353 imagine
1104 3277 1238 3348 remota,
1257 3269 1363 3335 lesum

177 3388 337 3460 Christum
353 3369 500 3458 Messiam
518 3388 698 3478 praedicare
714 3388 853 3455 cuiusvis
868 3389 991 3474 generis
1008 3388 1201 3457 hominibus.

224 3613 279 3680 16.
305 3612 373 3694 Epo
396 3612 483 3675 enirn
506 3612 669 3676 ostendero
693 3611 762 3689 illi,
788 3607 880 3694 etc.).
905 3610 1012 3676 Nexus
1036 3608 1202 3688 orationis,
1224 3620 1259 3677 ut
1281 3610 1361 3679 mihi

177 3731 312 3811 uidetur,
331 3731 384 3798 hic
400 3743 446 3798 est
464 3752 472 3794 τ
492 3731 550 3801 Vir
574 3732 632 3798 iste
650 3730 726 3798 mihi
750 3730 852 3798 estad
873 3731 1007 3798 nominis
1025 3731 1084 3797 mei
1105 3732 1360 3820 propagationem

176 3852 417 3921 instrumentum
440 3852 607 3933 selectum3
622 3871 692 3919 nam
711 3851 865 3940 permulta
882 3851 943 3916 mei
960 3871 1053 3918 causa
1072 3872 1280 3941 perpessurus
1297 3865 1358 3922 est.

177 4012 223 4029 -
239 3976 346 4064 ltaque
365 3974 487 4042 videtur
507 3973 618 4041 Saulus
642 3976 710 4039 ideo
735 3972 797 4040 dici
826 3973 1066 4039 instrumentum
1088 3975 1254 4052 selectum,
1276 3975 1300 4041 i.
1326 3995 1358 4044 ε.

176 4097 344 4176 eximium,
361 4100 439 4183 quio
450 4102 614 4183 permerito
634 4118 692 4186 pro
714 4096 881 4164 Christiani
898 4097 1031 4164 nominis
1048 4099 1267 4187 propagatione
1283 4119 1361 4166 oon-

174 4233 292 4293 stanter
319 4234 400 4292 essct
423 4243 642 4313 perpessurus.
671 4225 842 4291 Ostendam
870 4226 922 4290 illi
948 4224 1028 4291 valet
1051 4223 1131 4293 hic:
1156 4230 1361 4311 experientia

175 4371 247 4416 eum
262 4350 410 4427 edocebo,
430 4351 572 4432 experiri
586 4351 716 4432 fociant.
