3074 5054
437 383 576 451 ctrur
610 384 688 463 Vll,
727 378 848 449 Vnus.
880 381 981 447 Η.
1223 380 1285 448 tar

102 578 300 660 soporamiae
329 577 447 659 finibus
474 575 589 663 (llebr.
615 587 694 659 *illd
716 587 796 658 upra
819 570 858 638 de
886 570 1013 658 regione
1040 569 1292 659 Trans-euphra-

104 699 212 786 tensi),
231 711 292 767 eto.
316 700 409 789 Atqui
440 699 565 766 recitata
590 717 628 764 ex
656 699 747 764 losue
776 694 834 761 Dei
860 693 955 760 verba
978 692 1137 761 referenda
1160 715 1229 761 esse
1252 694 1291 762 ad

104 825 320 912 migrationem
339 843 432 912 quam
456 821 632 902 Abraham,
658 830 801 889 monente
822 820 908 897 Dco,
936 820 1074 908 suscepit
1090 839 1128 886 ex
1145 820 1214 888 loco
1231 841 1289 888 suo

105 951 219 1029 natali,
242 948 276 1017 h.
301 971 331 1017 e.
358 970 397 1018 ex
420 950 466 1018 Ur
493 947 741 1024 Chaldaeorum,
767 944 907 1033 adeoque
930 943 982 1011 hic
1004 944 1091 1012 innui
1115 945 1313 1023 mandatum,

105 1072 259 1153 divinam,
276 1073 455 1141 distinctum
472 1073 511 1140 ab
527 1092 577 1152 eo,
594 1092 656 1161 qno
673 1070 809 1138 monitus
826 1068 884 1135 luit
895 1078 929 1135 ut
941 1088 980 1135 ex
992 1067 1134 1135 Charane
1151 1067 1295 1157 proficis-

104 1197 230 1264 ceretur
251 1197 283 1262 in
306 1207 419 1264 terram
447 1195 611 1275 Chanaan‚
637 1193 714 1274 hoo,
740 1203 774 1260 ut
796 1190 873 1259 mihi
902 1188 1029 1280 quidem
1057 1191 1193 1271 videtur,
1216 1192 1292 1259 satis

104 1329 194 1385 certo
220 1317 293 1384 inde
313 1317 499 1397 conficitur,
529 1316 613 1407 quod
640 1326 767 1383 vocatus
799 1314 852 1382 hic
884 1314 998 1382 dicitur
1028 1313 1187 1383 Abraham
1220 1335 1291 1383 cum

104 1442 212 1511 adhuc
233 1454 316 1510 esset
339 1443 480 1511 idolatra.

152 1566 282 1634 Accedit
298 1578 329 1634 et
345 1567 423 1647 hoo;
442 1569 563 1637 scilicet
586 1569 645 1636 nisi
662 1567 840 1635 admittatur
859 1566 999 1634 diuinum
1015 1565 1143 1654 aliquod
1166 1565 1295 1632 eChal·

104 1689 183 1757 daea
199 1690 376 1778 egrediendi
393 1692 586 1773 mandatum,
603 1691 808 1760 sufficientem
830 1690 897 1758 dari
919 1711 980 1757 non
1003 1709 1096 1779 posse
1117 1689 1288 1770 rationem,

104 1815 150 1882 ab
166 1835 258 1904 quam
270 1836 331 1884 una
346 1837 418 1884 cum
436 1815 614 1884 Abrahamo
632 1828 693 1884 tota
709 1815 814 1883 'share
826 1814 956 1895 familia,
972 1815 1082 1882 relicto
1099 1814 1167 1882 loco
1186 1814 1291 1890 natali,

105 1939 200 2026 longo
223 1938 334 2007 itinere
349 1916 522 2007 Chararlem
539 1941 645 2018 iverit,
664 1939 749 2028 quod
765 1939 796 2005 in
813 1938 927 2007 Genesi
946 1953 1089 2005 narratur
1106 1938 1200 2022 (Gen.
1219 1939 1290 2004 Xl:

106 2057 169 2145 51)
191 2085 200 2127 ι
225 2063 331 2144 Tulit,
362 2062 405 2128 ait
431 2062 610 2151 Scriptura,
642 2063 747 2128 There
776 2063 897 2128 Abram
924 2064 1031 2146 filiam
1058 2083 1152 2128 eoam
1177 2072 1207 2126 et
1234 2062 1294 2128 Lot

104 2187 213 2268 folium
240 2187 350 2266 Area,
374 2188 480 2269 liliam
506 2189 571 2271 filii
595 2189 665 2269 sai,
696 2197 725 2252 et
751 2185 852 2252 Sarai
877 2208 998 2252 aarum
1025 2208 1135 2270 mam,
1160 2207 1294 2251 oaorem

106 2312 233 2377 Abram
255 2315 322 2396 filii
344 2316 414 2396 seri,
442 2325 472 2380 et
494 2316 605 2380 eduxit
628 2336 677 2379 eos
700 2316 737 2378 de
765 2314 809 2378 Ur
835 2313 1078 2380 Chaldaeorum.

158 2435 256 2502 Etiam
280 2435 371 2503 Philo
395 2436 504 2518 docet,
523 2436 735 2505 Abrahamum
754 2437 803 2505 bis
819 2456 836 2515 a
852 2437 920 2503 Deo
936 2447 1079 2503 vocatum
1096 2433 1211 2518 luisse,
1231 2437 1292 2525 pri-

107 2578 196 2626 mum
212 2579 285 2626 oum
301 2560 333 2626 in
350 2560 396 2628 Ur
412 2560 656 2642 Chaldaeorum,
678 2573 708 2628 et
723 2559 835 2628 deinde
850 2580 922 2628 cum
940 2559 1080 2627 Charane
1096 2570 1289 2640 moraretur3

105 2701 148 2747 ex
170 2701 232 2769 quo
255 2681 443 2770 colligimus,
470 2682 550 2751 hanc
571 2683 757 2751 ludaeorum
773 2703 808 2750 ea
824 2683 856 2749 in
873 2704 907 2749 re
924 2694 998 2750 tunc
1019 2682 1177 2770 vulgarem
1193 2682 1292 2750 luisse

106 2804 304 2872 sententiam.
337 2834 351 2865 ι
379 2805 527 2896 Δευτεραν
556 2803 625 2882 ὃέις
653 2828 815 2884 acciacae,
839 2807 957 2895 inquit,
980 2806 1019 2874 de
1041 2804 1219 2874 Abrahamo
1246 2806 1291 2872 lo·

106 2937 236 3019 quens¹,
252 2927 363 2994 παλιν
380 2929 552 3011 occillaret,
571 2931 665 3023 loyrp
686 2930 797 2998 παλιν
816 2934 944 3008 πεισθεις
961 2937 976 2997 ὁ
992 2955 1128 3010 αστειος,
1146 2955 1243 2996 carere
1260 2955 1292 2996 εκ

106 3049 224 3126 πολεως
239 3076 280 3127 εις
297 3050 406 3132 πολιν,
424 3052 494 3119 αλλ’
518 3079 559 3130 εις
582 3079 687 3146 χωραιι
712 3079 843 3147 ερημην,
862 3079 892 3120 εν
907 3062 926 3146 ᾖ
943 3054 1130 3142 πλαζομενος
1153 3051 1290 3122 diarchae.

105 3177 142 3239 h.
162 3196 191 3239 e.
212 3176 358 3243 «Divino
375 3176 475 3246 denuo
491 3179 668 3247 admonitus
691 3181 838 3261 oracula,
856 3179 958 3247 denuo
980 3180 1028 3245 vir
1046 3178 1145 3246 bonus
1162 3178 1293 3245 mittitur

106 3298 143 3363 in
169 3298 336 3367 secundam
373 3303 603 3391 migrationem,
642 3326 703 3371 non
738 3306 800 3372 iarn
829 3325 866 3372 ex
895 3325 955 3371 nna
989 3304 1113 3371 civitate
1140 3303 1171 3369 in
1199 3302 1291 3369 aliam

107 3420 164 3504 (ec
182 3421 227 3486 lie·
250 3422 481 3492 Chaldaeorum
506 3430 542 3494 ia
566 3427 779 3515 Characem),
801 3426 857 3495 sed
881 3428 912 3494 in
937 3426 1094 3514 regionem
1118 3424 1290 3505 desertam,

108 3545 143 3610 in
165 3566 225 3634 qna
249 3567 343 3645 vagus
365 3551 612 3638 permanebat.»
638 3551 778 3620 Kimcbi²
799 3551 975 3619 dubitanter
1003 3571 1039 3617 ea
1063 3550 1102 3618 de
1130 3570 1164 3617 re
1190 3551 1292 3641 loqui·

108 3679 179 3747 tur;
196 3670 239 3737 ait
254 3670 338 3737 enim
357 3696 365 3738 :
384 3685 457 3749 tarr:
479 3687 561 3734 nana
585 3687 642 3733 aaa
666 3687 757 3733 ιιι-ιιι
777 3672 840 3734 aba
864 3687 927 3734 rau
953 3687 1050 3735 annai
1073 3674 1106 3739 b.
1126 3693 1153 3738 a.
1174 3673 1290 3739 «Fieri

108 3792 201 3861 etiam
229 3804 348 3882 potest,
372 3804 406 3861 ut
433 3794 572 3863 divinum
602 3795 779 3863 mandatum
808 3794 853 3861 illi
883 3794 1025 3883 obtigerit
1052 3796 1145 3864 altera
1173 3797 1241 3864 vice
1259 3798 1290 3864 in

109 3913 265 3982 Charace.
286 3946 300 3976 »

113 4076 310 4088 -———

145 4166 165 4232 ¹)
180 4167 209 4218 ln
227 4167 295 4220 libro
317 4169 349 4220 de
368 4169 519 4232 Abraham,
543 4185 603 4236 pag·
629 4171 677 4222 362
725 4179 865 4232 Parasbam
892 4167 927 4254 a}
950 4166 1002 4251 ηξ,
1025 4182 1112 4234 statim
1138 4183 1165 4233 in
1191 4184 1292 4250 princi-

109 4247 183 4314 Μὴ·
213 4249 328 4302 Turnebi
355 4255 382 4302 el
408 4252 566 4315 Hoescltelll‚
596 4253 676 4304 Paris·
724 4261 776 4327 pio)
793 4277 827 4314 ox
847 4262 909 4316 Cod.
930 4263 985 4314 lllS.
1006 4262 1100 4328 hegiae
1120 4264 1292 4318 Bibliothecae

112 4326 195 4395 ibid).
725 4342 876 4395 Parisiensis
917 4344 1068 4410 nuperrime
1106 4346 1290 4412 (Presbnrgao,

146 4420 167 4484 ²)
180 4419 209 4472 ln
220 4421 411 4476 Commentario
419 4436 467 4475 suo
478 4423 505 4474 in
519 4421 632 4476 Genesin
641 4423 678 4489 (in
726 4424 800 4490 ⁴842)
812 4427 927 4492 primam
938 4427 1009 4478 edito
1020 4427 1155 4493 (Hebraico
1167 4429 1292 4495 matum).
