3074 5054
177 359 222 424 id
517 353 652 421 ACTUS
685 352 1017 429 APOSTOLORUM,

175 545 240 611 siae
263 565 403 632 regnum.
430 543 544 609 Confer
572 540 682 609 Matth.
707 542 771 607 XX
790 567 797 608 :
816 543 859 608 20
876 551 905 606 et
921 542 999 606 Lac.
1018 540 1124 607 XXlV
1143 561 1150 601 ε
1170 543 1226 608 Ἡ,
1253 543 1350 630 igitur

176 671 259 759 (aaa)
276 691 388 748 corum¹
401 689 482 737 unus
498 670 544 735 sic
567 689 638 735 eum
662 669 828 755 interrogat
847 693 854 735 :
872 667 1025 746 Domine,
1044 687 1117 734 num
1134 667 1194 735 hoc
1210 681 1349 758 tempore

174 792 261 880 (soll.
288 793 381 860 modo
405 791 562 879 designato
587 811 642 879 per
664 790 716 856 illa
739 787 772 852 οὐ
789 812 865 876 μετα
882 785 1124 864 collateraneae
1140 789 1266 881 ἡμερας)
1284 812 1349 858 res-

173 926 350 982 tauraturus
376 936 410 982 es
433 915 464 980 in
493 913 628 981 savorem
658 914 844 980 israeliticae
867 914 967 1001 gentis
994 912 1053 1000 (τῷ
1080 912 1212 1003 lupa-al,
1242 915 1345 981 Dativ.

175 1035 347 1124 commodi)
371 1039 492 1126 lapsum
516 1057 623 1103 eorum
648 1038 798 1124 regnum?

219 1295 253 1358 7.
293 1293 493 1380 interrogatio
525 1290 746 1380 Apostolorum
776 1311 793 1356 a
824 1290 948 1360 Christo
977 1291 1116 1358 relicitur
1147 1287 1219 1380 (de,
1250 1291 1350 1380 doale)

174 1416 318 1497 pancrati
339 1413 392 1480 illo
416 1413 551 1494 monito,
566 1434 627 1502 quo
649 1413 756 1494 docet,
777 1414 959 1480 mortalibus
983 1435 1042 1480 non
1066 1434 1134 1480 esse
1155 1415 1279 1480 curiose
1302 1416 1349 1481 iu-

177 1537 314 1625 daganda
337 1557 388 1618 ea,
404 1556 482 1625 qnae
504 1537 591 1602 Deus
610 1536 641 1601 in
661 1535 783 1603 occulto
799 1535 903 1624 posuit
926 1557 1061 1626 suaeque
1076 1539 1223 1604 scientiae
1248 1560 1348 1606 reser-

175 1665 267 1739 varit.
293 1666 378 1730 Bene
394 1664 488 1729 Corn.
510 1681 527 1727 a
546 1660 662 1749 Lapide
685 1660 773 1727 adh.
794 1661 815 1727 Ι.
844 1680 852 1722 :
879 1660 1052 1728 «Christus
1075 1662 1113 1729 ad
1139 1664 1349 1750 quaestionem

173 1808 281 1855 carum
305 1808 365 1854 non
390 1786 440 1854 dat
459 1785 607 1852 directam
632 1783 834 1863 solutionem,
851 1784 923 1872 qnia
943 1784 1010 1850 eins
1033 1783 1134 1851 adhuc
1158 1800 1245 1852 crant
1265 1787 1349 1855 iuca-

177 1934 285 2002 paces3
303 1912 358 1979 sed
374 1909 541 1977 retundens
562 1903 670 1975 eoruri'r
692 1908 919 1988 curiositatem,
939 1908 1090 1974 indirecte
1105 1920 1135 1976 et
1151 1899 1242 1977 tacite
1265 1932 1349 1979 cam-

177 2036 246 2104 dem
273 2035 384 2114 solvit3
413 2034 532 2101 scilicet
558 2042 720 2098 venturum
753 2031 904 2119 Spiritum
931 2032 1099 2113 Sanctum,
1132 2044 1166 2101 ut
1197 2034 1349 2124 intrepida

176 2158 292 2225 Christi
309 2176 438 2244 regnum
454 2155 615 2244 spirituale
630 2176 686 2243 per
702 2154 814 2234 fidem,
829 2155 859 2221 in
878 2154 988 2221 ludaea
1004 2166 1034 2221 et
1049 2157 1205 2236 Samaria,
1224 2169 1349 2248 totoque

178 2281 253 2348 orlse
280 2291 493 2369 propagent.»
517 2280 609 2365 Quod
631 2281 718 2345 lesus
742 2277 793 2344 hic
815 2278 915 2345 dicit:
934 2281 1008 2347 Nau
1031 2292 1077 2346 est
1099 2293 1254 2362 oestrum,
1271 2295 1347 2363 etc,

177 2424 213 2470 eo
238 2403 350 2471 docere
373 2403 494 2471 videtur
510 2403 571 2470 dna
588 2423 656 2470 esse
677 2423 781 2487 rerum
805 2403 1088 2490 cognoscendarum
1104 2424 1216 2492 genera
1233 2433 1241 2471 ε
1260 2419 1292 2474 ct
1314 2428 1349 2474 ca

176 2525 315 2615 quidem,
334 2546 414 2614 qnae
429 2527 528 2615 posita
549 2537 620 2592 sunt
637 2526 667 2590 in
684 2525 869 2591 naturalium
892 2546 1055 2592 causarum
1071 2527 1164 2594 veluti
1182 2541 1347 2617 potestate,
1396 2536 1398 2542 ’

180 2648 256 2715 haec
283 2670 319 2715 eo
349 2650 417 2738 ipso
457 2648 607 2716 humanae
638 2646 823 2734 indagationi
854 2667 890 2714 aa
917 2648 1064 2714 scientiae
1091 2661 1161 2716 sunt
1190 2650 1346 2732 subiecta,

179 2792 276 2860 caque
300 2773 387 2838 Deus
411 2771 471 2838 hoc
494 2770 585 2837 moda
611 2769 788 2836 hominibus
813 2769 905 2835 veluti
929 2770 1100 2858 patefacere
1117 2773 1229 2853 voluit3
1248 2787 1349 2844 cetera

181 2914 271 2973 vero,
291 2914 368 2983 quae
392 2893 430 2960 ab
455 2891 503 2958 his
523 2891 626 2958 causis
646 2910 706 2956 non
730 2889 864 2979 pendent
879 2892 971 2978 (quaa
991 2895 1088 2957 Pater
1110 2899 1217 2977 posuit
1240 2900 1275 2962 iu
1297 2919 1350 2964 sna

181 3018 364 3106 potestate),
385 3035 525 3106 quaeque
548 3016 634 3081 Deus
661 3013 759 3081 noluit
783 3013 961 3082 hominihus
989 3016 1177 3105 patefacere,
1203 3039 1238 3086 ea
1265 3021 1350 3088 nulla

183 3143 274 3211 modo
299 3143 337 3210 ab
361 3142 399 3208 iis
415 3140 560 3228 cognosci
584 3137 881 3228 possunt‚adeoque
905 3158 962 3204 nec
984 3140 1115 3207 suntab
1138 3141 1176 3207 iis
1195 3143 1351 3210 curiosius

184 3264 370 3355 quaerenda.
393 3264 480 3331 Talia
504 3275 575 3330 sunt
598 3274 740 3346 tempora
761 3273 816 3328 aut
839 3273 1013 3346 temporum
1034 3268 1168 3331 articuli
1194 3265 1352 3356 (χρονοιῆ

182 3384 313 3476 carpos),
338 3385 449 3474 quibus
474 3395 575 3452 certae
595 3384 745 3472 quaedam
769 3406 819 3451 res
843 3386 965 3452 evenire
993 3386 1133 3454 debeant.
1159 3389 1272 3480 Καιρος
1300 3389 1351 3457 de-

183 3520 267 3577 notat
288 3521 409 3592 tempus
436 3519 556 3574 certum
579 3511 736 3593 quoddam
762 3528 833 3574 cum
856 3508 1000 3596 adjuncta
1023 3511 1146 3577 notione
1168 3515 1351 3601 opportuni-

182 3632 264 3698 tatis
283 3631 330 3697 Cf.
349 3629 458 3698 matth.
476 3630 550 3698 XXl
566 3651 574 3692 ε
593 3632 655 3710 dl;
674 3631 759 3696 loun.
778 3631 853 3697 Vll:
872 3633 906 3698 6.
924 3632 1024 3696 Pater
1043 3631 1094 3699 hic
1115 3633 1228 3700 dicitur
1248 3640 1350 3702 raalio-

182 3756 313 3834 ualiter,
322 3764 354 3820 ut
366 3753 534 3842 loquuntur
546 3753 709 3841 Theologi,
718 3753 750 3821 id
762 3763 821 3835 est,
830 3754 869 3820 de
881 3754 981 3843 prima
991 3756 1127 3823 Persona
1140 3759 1352 3827 sanctissimae

182 3877 354 3946 Trinitatis.
379 3877 480 3958 Alibi,
505 3898 536 3944 v.
559 3897 590 3964 g.
615 3877 820 3957 moratione,
843 3897 921 3967 quae
944 3870 1070 3945 vocatur
1090 3881 1273 3962 Dominica,
1292 3903 1351 3948 vax

181 4001 281 4066 Pater
296 4000 446 4088 accipitur
461 4002 684 4076 essentialiter,
702 4010 732 4065 et
755 3998 933 4086 intelligitur
948 4000 1119 4068 Paternitas
1137 4003 1189 4068 toti
1207 4003 1349 4071 Trinitati

185 4145 370 4193 communis.

227 4362 260 4426 8.
290 4362 344 4426 sed
370 4361 531 4444 accipietis
557 4363 708 4425 virtutem
735 4357 905 4447 (derupta)
932 4363 1181 4446 supervenientis
1205 4362 1352 4447 Spiritus
