3074 5054
180 404 246 472 478
533 405 668 473 ACTUS
703 403 1034 487 APOSTOLORUM,

414 618 417 624 ⁸
490 673 667 750 eaeor
718 673 1056 751 vrcesruurr.

181 870 374 922 hecuumvruu.
389 868 487 922 Paulus
499 874 558 938 post
575 871 694 924 sedatum
708 872 784 924 illum
800 873 960 935 tumultum,
974 871 1063 924 relicta
1076 870 1193 938 Epheso,
1206 872 1234 923 in
1247 871 1372 925 Macedo-

213 954 284 1004 niam
303 953 494 1020 proficiscitur;
514 955 678 1022 visitatisque
697 956 732 1007 ibi
755 955 865 1008 novellis
877 955 1044 1019 Christianis,
1058 969 1073 1006 a
1088 955 1241 1007 Macedonia
1255 955 1371 1007 venitin

214 1033 338 1085 Achaiam
350 1050 356 1096 ;
369 1035 414 1085 ubi
437 1049 484 1101 per
502 1038 555 1088 tres
576 1050 679 1089 menses
697 1043 888 1100 commoratuS,
902 1050 985 1103 quum
1004 1036 1066 1090 hinc
1084 1041 1189 1104 pararet
1204 1038 1332 1102 navigare
1343 1038 1370 1088 in

214 1116 332 1182 Syriam,
342 1117 453 1169 insidiae
463 1117 499 1168 illi
512 1122 675 1172 struuntura
688 1120 804 1182 ludaeis;
816 1133 895 1186 quarn
908 1120 941 1172 ob
960 1130 1014 1170 rern
1023 1133 1071 1185 per
1082 1119 1261 1172 Macedoniam
1276 1133 1371 1171 rever·

217 1201 280 1252 titur
291 1201 319 1252 in
335 1200 436 1264 Asiam,
447 1215 486 1253 vs.
500 1201 574 1253 t-l.
588 1203 667 1254 Venit
684 1217 745 1267 ergo
763 1202 913 1271 Philippeo,
927 1203 1041 1269 indeque
1053 1202 1195 1267 Troadem,
1207 1203 1253 1255 ubi
1266 1207 1370 1270 septem

216 1283 272 1334 dies
283 1286 466 1346 commoratur,
484 1297 524 1336 vs.
537 1283 612 1335 l-i.
632 1284 689 1346 Quo
707 1289 823 1351 tompore
841 1284 1032 1337 adolescentem
1051 1284 1205 1351 quemdam,
1219 1284 1370 1350 Eutychum

216 1365 363 1427 nomine‚a
379 1369 460 1418 morte
477 1365 509 1418 ad
528 1367 609 1418 vitam
630 1371 750 1421 revocat.
763 1383 803 1420 vs.
816 1369 907 1420 7-t3.
926 1368 1009 1420 Lucas
1024 1371 1050 1419 et
1069 1367 1162 1434 reliqui
1174 1367 1249 1419 Pauli
1261 1369 1371 1421 comites

215 1447 312 1500 Troade
322 1449 442 1512 solvunt,
456 1455 483 1501 et
494 1450 588 1503 Assum
601 1453 736 1516 navigant,
755 1452 799 1503 ubi
813 1451 926 1513 Paulus,
940 1450 1007 1503 laeto
1020 1451 1081 1502 illuc
1093 1450 1205 1516 pedibus
1216 1450 1323 1511 itinere,
1336 1465 1370 1502 ex

215 1531 334 1583 condicto
346 1544 390 1583 eos
400 1533 533 1584 convenit.
547 1533 612 1585 Asso
625 1531 677 1585 una
690 1547 781 1586 omnes
792 1533 922 1585 solventes
933 1533 1093 1598 perveniunt
1104 1531 1222 1584 Miletum
1234 1572 1240 1595 ,
1253 1535 1371 1598 praeter·

215 1614 337 1678 navigata
355 1613 475 1680 Epheso,
489 1629 527 1666 vs.
539 1615 648 1667 ta-tr.
666 1616 685 1666 E
704 1616 791 1667 Mileto
809 1616 890 1666 mittit
906 1615 1003 1666 Paulus
1020 1615 1065 1680 qui
1084 1612 1233 1680 Ephesinae
1245 1613 1369 1666 ecclesiae

217 1697 381 1763 presbyteros
399 1697 431 1749 ad
450 1697 538 1764 ipsum
557 1701 726 1750 arcesserent.
747 1698 778 1749 Hi
794 1711 876 1763 quum
893 1699 1043 1761 venissent,
1062 1697 1158 1749 Paulus
1172 1696 1368 1750 valedictoriam

216 1778 249 1830 ad
260 1778 318 1831 illos
329 1778 409 1831 habet
424 1781 584 1843 orationem,
598 1779 625 1830 in
640 1793 693 1845 qua
709 1782 736 1830 et
753 1779 921 1846 apostolicam
939 1791 1012 1830 suam
1032 1791 1093 1842 erga
1110 1790 1153 1829 eos
1164 1776 1368 1830 sollicitudinem

216 1865 417 1925 commemorat,
436 1865 462 1914 et
480 1861 614 1927 praedicit,
633 1874 741 1925 magnas
761 1862 810 1912 sibi
828 1861 980 1913 afflictiones
992 1860 1025 1913 ob
1041 1873 1144 1912 caumm
1161 1860 1300 1924 Evangelii
1313 1875 1368 1914 esse

216 1944 389 2006 obventuras,
403 1957 452 1996 uec
463 1958 507 1996 eos
516 1945 639 2010 deinceps
654 1944 727 1995 illum
739 1957 794 1995 esse
809 1945 947 1996 revisuros.
966 1943 1085 1995 Graviter
1097 1941 1192 1994 deinde
1202 1943 1308 1994 eosdem
1321 1956 1367 1996 eo·

216 2025 336 2078 hortatur
348 2030 377 2078 ut
388 2026 526 2090 diligenter
546 2031 598 2078 tam
618 2040 680 2079 suae
698 2040 776 2092 quam
796 2027 924 2079 commissi
944 2026 992 2077 sibi
1012 2025 1097 2090 gregis
1114 2023 1190 2077 saluti
1210 2025 1365 2090 invigilent;

216 2112 341 2159 venturos
352 2109 423 2160 enim
443 2122 499 2160 esse
511 2113 570 2176 post
588 2109 688 2160 abitum
706 2123 784 2160 suum
805 2108 882 2160 talsos
899 2108 1030 2172 doctores,
1043 2108 1095 2159 imo
1112 2107 1190 2158 etiam
1202 2107 1365 2174 exipsorum

215 2190 307 2242 ordine
320 2193 456 2243 exorturos
469 2189 546 2242 falsae
558 2191 691 2243 doctrinae
702 2204 852 2257 praecones.
866 2190 999 2243 Postremo
1010 2190 1114 2242 divinae
1127 2189 1225 2253 gratiae
1238 2203 1282 2241 eos
1291 2203 1364 2242 com·

215 2272 336 2336 mendat,
358 2286 453 2340 eosque
473 2272 600 2336 hortatur,
622 2274 714 2341 ipsese
727 2275 754 2324 in
767 2274 918 2340 exemplum
938 2274 1085 2340 proposito,
1099 2276 1128 2324 ut
1143 2287 1177 2324 ne
1189 2272 1218 2324 in
1237 2273 1364 2326 reEvan·

214 2354 295 2420 getica
310 2356 444 2408 commoda
463 2370 510 2408 sua
528 2359 555 2409 et
573 2357 697 2408 utilitates
715 2360 861 2422 quaerant;
876 2370 928 2423 qua
942 2356 1120 2408 admonitione
1132 2355 1217 2408 clausa
1235 2367 1284 2407 sua
1305 2369 1363 2409 ora·

215 2439 306 2501 tione,
329 2451 414 2502 genua
438 2439 536 2505 ponit,
559 2443 639 2506 atquo
664 2436 786 2491 ultimbm
815 2451 874 2490 cum
902 2438 1024 2490 omnihus
1048 2436 1099 2488 illis
1121 2437 1205 2488 Deum
1230 2441 1361 2504 precatur,

215 2533 252 2572 vs.
275 2521 381 2572 tt-ao.
404 2521 510 2588 lamque
529 2521 726 2586 lacrymabundi
748 2534 854 2583 omnes,
875 2524 901 2572 et
920 2521 948 2572 in
973 2519 1070 2571 collum
1090 2519 1162 2570 Pauli
1182 2519 1275 2583 effusi,
1295 2520 1363 2572 inter

213 2603 300 2656 oscula
320 2617 472 2671 supremum
491 2605 548 2657 vale
568 2605 605 2656 illi
626 2606 732 2667 dicunt3
756 2602 851 2656 deinde
870 2603 1011 2656 abeuntem
1035 2602 1169 2654 deducunt
1191 2602 1224 2654 ad
1248 2615 1360 2665 navem,

213 2700 251 2738 vs.
271 2687 379 2740 37-38.

227 2857 259 2921 l.
285 2853 457 2941 Postquam
478 2864 580 2922 certem
604 2857 736 2921 cessavit
757 2853 932 2937 tumultus,
952 2851 1042 2942 eto).
1066 2853 1237 2941 Postquam
1258 2862 1360 2921 autem

179 2986 325 3043 cessasset
341 2977 531 3061 (conquetas
548 2972 624 3044 Aor.
641 2975 744 3066 Med.)
761 2979 814 3043 ille
831 2975 980 3044 tumultus
994 2975 1055 3058 (rou
1072 2971 1223 3066 θορυβον),
1244 2975 1361 3044 Paulus

177 3101 220 3166 ed
246 3123 278 3166 se
304 3103 485 3168 convocavit
513 3096 810 3191 (προσκαλεσαμενος
837 3098 940 3189 Med.)
973 3099 1173 3166 Christianos
1201 3101 1363 3183 Ephesios

171 3223 263 3313 (τους
291 3224 464 3312 paterae),
494 3245 610 3315 eosque
638 3223 816 3293 exhortatus
850 3232 914 3302 est,
945 3234 1036 3313 puta,
1061 3233 1095 3290 ut
1123 3223 1154 3290 in
1183 3221 1362 3312 profitenda

178 3347 295 3416 Christi
316 3349 478 3438 Religione
501 3358 605 3416 essent
628 3357 821 3426 constantes,
846 3367 947 3435 neque
971 3345 1012 3414 ob
1034 3365 1218 3425 aerumnaS‚
1244 3347 1361 3437 quibus

180 3472 337 3561 Evangelii
362 3494 454 3542 causa
478 3484 706 3564 premerentur,
732 3493 749 3540 a
773 3472 933 3562 proposito
957 3469 1137 3538 delicerent.
1161 3472 1237 3539 Post
1260 3492 1359 3561 quae,

178 3600 342 3681 coaptemus
359 3598 429 3666 illos
446 3597 571 3686 illisque
585 3599 655 3663 vole
678 3600 760 3664 dicto
777 3599 1033 3685 (ασπασαμενος),
1054 3594 1178 3685 Epheso
1203 3598 1303 3663 exivit
1319 3598 1361 3663 od

174 3724 442 3807 proficiscendum
462 3717 572 3803 (εξηλθε
592 3722 782 3812 πορευθηναι)
803 3721 834 3787 ἰι]
859 3719 1084 3788 Macedoniarn.
1102 3756 1148 3768 -
1167 3715 1360 3807 Ασπαζομαι

178 3846 318 3916 Verbum
341 3847 467 3935 Depon.
489 3845 573 3914 liet.
592 3844 677 3934 quod
693 3845 820 3935 proprie
844 3844 924 3911 valet
943 3846 984 3911 ud
998 3866 1049 3910 ene
1066 3844 1174 3927 traho,
1192 3841 1360 3911 adhibetur

178 3969 216 4037 de
233 3972 442 4056 amplexando
464 3968 618 4058 aliquem,
644 3978 675 4035 et
696 3987 790 4057 porro
815 3967 931 4035 dicitur
955 3964 993 4034 de
1015 3962 1186 4034 salutando
1206 3977 1261 4034 aut
1274 3969 1358 4034 eale·

177 4096 308 4162 dicendo
316 4143 326 4177 ,
344 4093 410 4162 sive
425 4093 458 4161 id
474 4092 527 4161 liat
541 4112 613 4161 eum
629 4091 801 4160 amicorum
817 4089 979 4181 amplexu,
998 4091 1063 4159 sive
1078 4089 1197 4179 absque
1214 4111 1265 4159 eo.

206 4357 225 4424 ¹)
243 4357 309 4410 Vsu.
329 4372 401 4412 eece.
421 4356 483 4411 Post
497 4370 586 4411 vocem
605 4343 740 4430 μαθητας
784 4356 973 4424 ABDE,multi
985 4356 1139 4422 Minuscull,
1153 4360 1180 4411 et
1191 4357 1282 4425 plures
1293 4371 1352 4412 ver-

173 4447 275 4501 addunt
309 4458 361 4497 και
402 4431 621 4525 expansisque
657 4448 738 4503 codd,
785 4442 871 4496 aiones
881 4442 1015 4508 antiquae.
