3074 5054
175 416 218 482 66
514 411 648 480 ACTUS
678 407 992 478 APOSTOLORUM
1003 457 1012 488 ,

220 604 430 669 Providebcm
457 600 660 690 Dominum).
690 602 808 670 Graeca
833 598 919 667 reddi
945 607 1108 687 possunt:
1134 617 1259 679 semper
1285 592 1352 700 (dia

174 725 285 805 παντὸς
308 730 378 797 scil.
396 728 523 821 χρονου)
536 732 769 815 prospiciebam
787 723 1017 819 (npoapopqr)
1036 727 1138 790 Deum
1160 745 1269 789 coram
1284 745 1352 802 me,

174 854 208 922 h.
227 876 256 923 e.
275 855 390 944 iugitur
413 855 526 924 mentis
542 875 628 922 meae
645 855 752 922 oculos
776 851 972 919 intendebam
994 851 1024 916 in
1048 851 1152 917 Deum
1177 860 1211 916 ut
1234 859 1356 936 protec-

174 990 273 1048 torem
298 1000 419 1062 meum;
445 999 515 1048 nam
544 1003 564 1045 a
590 982 714 1045 dextris
738 980 820 1044 miii
844 987 907 1061 est,
938 975 1059 1043 adiutor
1087 972 1163 1040 mihi
1186 973 1289 1054 adest,
1316 995 1356 1038 ne

173 1127 379 1172 commovear.
401 1104 581 1172 «Divinitas
598 1103 698 1187 enim,
718 1102 820 1191 inquit
835 1099 1049 1168 Titelmannus
1065 1098 1112 1187 (in
1130 1099 1246 1165 Psaim.
1264 1098 1351 1166 XV:

173 1227 227 1317 8),
246 1248 415 1319 numquam
438 1226 576 1295 destituit
600 1225 841 1306 humanitatem,
867 1225 923 1292 sed
950 1224 978 1290 ei
1002 1222 1100 1290 adsuit
1127 1242 1264 1311 semper,
1284 1241 1352 1288 eam

174 1352 372 1429 custodiens,
396 1371 435 1417 ne
458 1351 490 1417 in
516 1350 614 1417 ullum
642 1349 758 1417 malum
781 1347 932 1415 incideret
958 1347 1005 1413 vel
1032 1347 1170 1436 pcccati,
1189 1346 1237 1412 vei
1262 1345 1353 1412 etiarn

173 1473 301 1542 alterius
325 1474 502 1542 nocumenti
526 1484 612 1541 extra
635 1485 758 1564 tempus
774 1472 973 1564 praefinitum
997 1481 1027 1538 et
1051 1470 1354 1560 praeordinationem

174 1607 372 1666 aeternam.»

218 1837 275 1905 26.
291 1844 425 1920 propter
449 1836 506 1900 troc
528 1836 682 1900 laetatura
705 1844 752 1901 est
767 1856 821 1901 cor
840 1857 962 1915 mum,
980 1831 1071 1920 etc),
1090 1833 1121 1901 h.
1142 1854 1170 1900 e.
1191 1843 1354 1923 propterea

174 1960 259 2050 quod
278 1961 365 2028 Deus
386 1962 468 2026 miii
491 1970 537 2024 est
560 1982 580 2025 a
602 1961 748 2040 dereris,
775 1960 845 2029 ideo
870 1961 1013 2028 laetatum
1039 1972 1085 2028 est
1106 1981 1162 2028 cor
1185 1980 1306 2041 meum,
1325 1970 1355 2027 et

175 2085 322 2154 exultavit
337 2083 442 2173 lingua
458 2103 537 2153 mea.
557 2083 988 2176 P1·otin9acmcc(yi.occc
1007 2083 1082 2174 μου)
1100 2084 1131 2150 in
1148 2083 1291 2151 Hebraeo
1308 2094 1354 2150 est

174 2216 257 2296 *5523
279 2215 385 2297 pierio
400 2234 487 2292 meo,
506 2211 539 2279 h.
559 2231 588 2278 e.
607 2214 747 2296 artimus,
766 2213 832 2280 sive
847 2215 983 2297 spiritns
1003 2235 1102 2279 meas.

219 2337 351 2420 insuper
374 2346 405 2401 et
420 2357 493 2401 coro
509 2357 580 2400 meo
596 2337 769 2420 requiescet
787 2339 822 2402 in
838 2337 918 2426 spe).
942 2367 955 2397 α
971 2337 1020 2404 Ad
1037 2335 1130 2417 haec,
1149 2355 1221 2403 oum
1237 2336 1356 2402 venerit

175 2467 297 2547 tempus
313 2457 508 2526 dormitionis
532 2477 637 2538 meae,
655 2469 689 2525 ut
705 2478 818 2547 ponam
841 2478 859 2525 a
881 2480 930 2528 me
951 2460 1019 2548 ipso
1037 2458 1196 2549 paululum
1220 2459 1353 2526 animam

177 2601 295 2664 meam,
311 2584 486 2673 requiescet
503 2583 594 2651 etiam
611 2595 675 2650 tum
693 2585 760 2650 sine
775 2583 839 2652 ullo
856 2586 1066 2674 corruptionis
1083 2586 1223 2674 periculo
1239 2605 1355 2674 corpus
1405 2617 1407 2621 ·

177 2720 290 2775 meum‘
303 2707 342 2775 ab
366 2709 468 2776 anima
488 2707 561 2775 licet
582 2719 774 2798 separatum,
793 2709 824 2774 in
841 2729 897 2797 spe
919 2719 1004 2776 certa
1027 2710 1118 2798 paulo
1142 2721 1212 2799 post
1234 2710 1355 2776 suturae

177 2832 415 2900 resurrectionis
442 2852 516 2900 suae
543 2840 636 2921 atque
658 2853 730 2900 cum
758 2833 859 2900 anima
887 2833 1043 2901 iterandae
1070 2835 1347 2902 coniunctionis.»

176 2952 388 3023 Titelmannus
404 2954 443 3024 ad
460 2953 492 3023 h.
513 2956 535 3023 l.

222 3196 278 3262 at.
305 3199 457 3279 quoniam
472 3218 536 3263 aon
552 3199 753 3282 derelinques
760 3247 772 3281 ,
793 3194 882 3286 etc).
901 3197 1008 3264 Nexus
1029 3209 1075 3266 est
1093 3211 1106 3260 τ’
1121 3219 1235 3288 corpus
1252 3220 1355 3267 meum

177 3316 422 3385 commorabitur
437 3317 695 3410 (κατασκηνωσει)
719 3319 750 3385 in
768 3318 912 3408 sepulcro
930 3330 1029 3387 tutum
1046 3341 1064 3386 a
1081 3320 1261 3409 putredine3
1280 3344 1356 3388 nnnc

176 3437 284 3522 brevi,
302 3441 405 3509 anima
434 3443 557 3532 corpori
583 3442 684 3510 denuo
710 3443 811 3525 unita,
830 3464 879 3510 me
902 3443 941 3510 ad
965 3445 1058 3510 uitam
1084 3444 1255 3511 revocabis.
1281 3447 1356 3514 Non

175 3566 393 3652 derelinques,
419 3567 536 3656 inquit,
567 3571 711 3634 animam
733 3589 835 3633 mecm
851 3568 916 3656 (την
932 3567 1030 3655 ψυχην
1048 3593 1125 3655 μου,
1144 3568 1243 3636 Hebr.
1271 3570 1356 3659 tuns)

176 3693 212 3756 in
237 3694 382 3778 inferno,
408 3694 529 3762 Graece
548 3716 588 3768 εις
609 3690 705 3778 ᾅδου,
729 3698 812 3781 qnod
832 3695 968 3784 elliptice
990 3694 1104 3762 dicitnr
1127 3715 1184 3784 pro
1206 3719 1247 3769 εις
1275 3720 1356 3759 otior

176 3811 265 3898 ᾁὸου.
288 3818 338 3884 De
365 3817 493 3904 Syntaxi
519 3816 606 3884 verbi
634 3820 769 3903 quictis,
793 3817 883 3906 quale
906 3827 952 3884 est
972 3815 1024 3885 hic
1052 3815 1261 3896 καταλειπειν,
1284 3839 1356 3886 cum

177 3940 411 4030 Praepositione
436 3965 495 4019 εις,
525 3941 595 4009 vide
611 3943 669 4012 Gr.
689 3962 758 4032 pag.
781 3944 856 4010 ttt.
873 3945 1007 4028 Inferni
1024 3938 1123 4028 (ᾁδος,
1141 3942 1240 4009 Hebr.
1258 3942 1356 4032 biso)

178 4066 304 4132 nomine
331 4066 544 4154 intelliguntur
578 4067 743 4133 constituta
777 4069 813 4132 in
848 4069 1052 4152 inferioribus
1086 4078 1185 4134 terrae
1217 4068 1355 4156 partibus

179 4188 235 4280 (cf.
251 4189 368 4279 Ephes.
388 4191 434 4259 lV
449 4214 457 4257 :
473 4191 508 4278 9)
524 4191 618 4258 veluti
635 4189 808 4280 receptoria
823 4189 906 4269 loca,
925 4211 988 4279 quo
1004 4191 1219 4296 defunctorum
1236 4191 1356 4259 animae

213 4450 232 4517 1)
251 4451 397 4518 imperfect.
413 4451 480 4505 Med.
496 4451 560 4506 Vide
575 4450 620 4503 Gr.
636 4466 662 4519 p.
676 4453 707 4503 73
719 4453 745 4504 in
758 4465 815 4506 voc.
834 4443 925 4531 ὁραω.
