3074 5054
486 394 625 463 eleon
663 395 746 474 XX,
783 392 905 462 VERS.
942 394 1088 462 att-55.
1301 394 1366 461 tet

188 605 248 655 non
271 586 389 655 cessavi
414 595 505 652 noctu
526 583 639 672 dieque
662 604 734 651 oum
756 583 903 670 lacrymis
926 581 1094 650 admonere
1115 601 1371 673 unumquemque

183 713 335 779 cestriam.
353 744 398 760 —-
410 707 502 795 Quod
525 709 601 776 dicit
625 708 794 797 Apostolus
810 727 817 770 :
833 729 897 774 non
920 709 1039 775 cessavi
1057 728 1128 774 eum
1146 709 1297 792 lacrymis
1313 711 1370 776 od·

183 857 314 902 monere
329 852 582 919 unumquemque
598 832 753 912 vestrim,
771 829 968 899 referendum
984 830 1045 898 hoc
1057 840 1104 897 est
1119 831 1156 897 ad
1177 829 1371 899 Christianos

182 961 343 1051 Ephesios
360 960 516 1027 universe.
535 958 584 1024 De
601 956 729 1043 Syntexi
746 956 912 1025 uerborum
934 981 941 1023 :
960 978 1186 1044 επαυσαμην...
1205 957 1369 1035 νουθετῶν,

175 1084 256 1152 ride
272 1102 367 1177 supra
382 1080 421 1149 ad
434 1081 511 1169 Cap.
527 1079 580 1148 V:
596 1081 652 1147 42.
670 1080 794 1146 Dicitur
811 1079 864 1147 hie
879 1101 1011 1169 τριετια,
1030 1082 1224 1160 triennium,
1241 1099 1370 1147 nurnero

180 1206 340 1286 rotundo,
361 1203 400 1271 de
416 1203 499 1270 omni
518 1203 571 1269 illo
591 1213 731 1293 ternpore
751 1202 1017 1293 qnodApostolus
1037 1202 1153 1292 Ephesi
1168 1203 1280 1291 exegit.
1301 1205 1369 1271 lloc

176 1340 289 1398 autem
314 1325 463 1414 temporis
487 1325 622 1414 spatium
642 1337 676 1393 ut
699 1324 862 1406 habeatnr,
890 1324 1014 1392 hiennio
1037 1325 1100 1406 illi,
1125 1346 1187 1414 quo
1209 1325 1240 1392 in
1264 1324 1371 1392 schola
1397 1419 1401 1427 Ι

174 1451 326 1539 Tyranni
342 1449 447 1517 docuit
464 1447 551 1537 (Act.
566 1451 668 1517 XlX:
687 1453 752 1536 ld),
767 1449 897 1517 addendi
915 1460 988 1517 sunt
1004 1459 1066 1516 tres
1083 1449 1126 1515 illi
1146 1469 1285 1528 menses,
1300 1449 1370 1538 quii·

179 1575 248 1644 lrus
272 1573 378 1642 docuit
393 1572 423 1637 in
440 1591 594 1661 synagoga
610 1571 702 1662 (ibid.
724 1594 770 1639 vs.
790 1574 844 1660 8),
862 1583 954 1662 atque
977 1572 1106 1661 insuper
1130 1583 1251 1661 tempus
1275 1571 1371 1651 illud,

184 1699 275 1788 qnod
296 1697 412 1788 Ephesi
434 1699 553 1786 exegit,
580 1716 650 1764 curn
676 1697 811 1785 primurn
837 1697 912 1763 illuc
935 1697 1070 1763 venisset
1092 1696 1152 1762 un'a
1169 1715 1240 1763 cum
1258 1695 1370 1784 Aquila

186 1834 222 1889 et
237 1822 381 1890 Priscilla
398 1820 481 1902 (Act.
500 1821 609 1891 XVlll
629 1840 636 1882 :
660 1822 720 1898 te,
739 1819 807 1897 ⁶20).

238 2075 293 2140 tte.
318 2073 364 2138 Et
389 2093 473 2138 nnnc
501 2072 682 2138 ccmrrrendo
709 2091 782 2153 ors,
815 2069 901 2147 etc).
936 2067 1059 2135 Glandit
1087 2067 1258 2135 orationem
1286 2086 1373 2135 suern

192 2196 366 2285 Apostolus
384 2217 391 2259 :
412 2198 452 2262 Et
472 2215 574 2275 nunc,
594 2194 693 2281 inquit
715 2193 764 2283 (q.
790 2193 822 2261 d.
850 2192 933 2281 qnod
956 2203 1118 2280 superest,
1143 2189 1272 2271 tratres,
1297 2211 1376 2278 qno·

196 2320 274 2385 aiam
299 2318 416 2386 avellor
431 2338 449 2385 a
464 2318 577 2403 vohis),
603 2316 733 2385 tuendos
756 2317 986 2404 servandosque
1008 2337 1063 2383 vos
1082 2317 1240 2383 conrrnitto
1261 2314 1373 2405 (παρα-

192 2438 327 2526 τιθεμαι)
355 2441 422 2507 Deo
450 2451 480 2507 et
506 2442 622 2527 gratiae
650 2440 775 2528 ipsins¹‚
814 2441 880 2519 itti,
918 2439 1063 2527 inquarn,
1100 2445 1158 2525 qni
1188 2454 1292 2526 potest
1318 2441 1374 2530 (τῳ

198 2560 366 2652 derepere)
391 2563 554 2632 aedificare
570 2585 624 2631 vos
644 2563 870 2653 (spiritualiter)
884 2574 914 2630 et
931 2562 1003 2630 dare
1030 2563 1130 2644 vohis,
1150 2565 1277 2634 inbono
1302 2587 1375 2656 per·

199 2687 426 2769 separantibus,
453 2688 595 2755 coelestis
620 2687 736 2777 patriae
758 2685 976 2754 haereditatem
995 2690 1081 2754 inter
1097 2692 1150 2781 (er)
1168 2691 1376 2761 sanctificatos

202 2829 320 2878 omnes

244 2933 491 3023 Metaphoricnrn
514 2934 590 3002 illud
615 2933 807 3015 aedificium,
835 2935 919 3023 quod
947 2935 1116 3025 Apostolus
1140 2935 1192 3004 hio
1220 2938 1251 3004 in
1276 2950 1378 3007 mente

201 3054 308 3134 hahet,
338 3061 536 3125 construitur
564 3057 641 3139 fide,
671 3068 781 3147 spect
807 3057 974 3141 charitate,
1004 3072 1034 3126 et
1061 3065 1174 3127 crescit
1199 3062 1377 3130 earumdem

201 3180 347 3248 uirtutum
375 3182 528 3271 prolecto.
558 3183 606 3249 Dc
630 3186 824 3250 incremento
850 3184 961 3249 hocin
987 3185 1140 3271 praesenti
1166 3183 1234 3251 loco
1262 3186 1377 3273 agitur,

202 3303 243 3369 uti
272 3314 371 3393 patet;
402 3304 541 3392 adeoque
569 3324 678 3371 sensus
706 3315 753 3372 est
775 3325 782 3366 :
804 3305 856 3393 qni
886 3317 986 3393 potest
1012 3307 1135 3374 efficere
1161 3309 1276 3394 gratiae
1303 3329 1378 3376 suae

200 3425 328 3507 anxilio,
342 3436 376 3493 nt
387 3427 465 3507 lide,
484 3447 539 3517 spe
556 3437 587 3494 et
601 3425 750 3493 charitate
766 3429 912 3495 crescatis
929 3429 959 3494 in
973 3428 1051 3496 dies.
1067 3468 1111 3478 -
1125 3431 1231 3518 ltaque
1246 3431 1376 3500 verbnm

201 3548 339 3637 Simplex
356 3546 557 3636 οικοδομησαι
574 3547 626 3616 hio
642 3551 798 3616 notionem
824 3548 917 3617 hebet
933 3552 1102 3639 Compositi
1120 3549 1376 3640 enoraodopnccrr,

201 3684 437 3756 superstruere,
455 3676 732 3759 superaedificare.

248 3917 393 3985 55-35.
419 3919 597 4001 Arpentom
614 3926 644 3982 et
660 3938 795 3998 ocrem,
814 3917 903 4006 otc).
922 3919 1083 3985 Postremo
1105 3919 1291 4008 ApostoluS,
1310 3921 1378 4009 ipso

205 4059 238 4106 se
254 4040 285 4107 in
301 4039 476 4128 exemplum
494 4039 673 4127 proposito,
688 4040 778 4107 tacite
794 4059 847 4106 eos
872 4050 987 4121 monet,
1004 4050 1036 4107 nt
1048 4061 1086 4108 ne
1100 4042 1130 4107 in
1144 4062 1177 4108 re
1193 4042 1378 4131 Evangelioa

238 4331 258 4396 ¹)
276 4331 303 4384 S.
314 4331 444 4398 chrysost.
457 4334 530 4385 Hom.
541 4331 573 4383 te
585 4333 612 4384 in
621 4332 690 4394 het,
700 4331 726 4381 r'a
737 4330 866 4396 principio
880 4344 886 4380 ε
899 4317 949 4402 Τῳ
969 4312 1052 4404 λογῳ
1065 4340 1116 4391 της
1130 4339 1255 4408 χαριτος
1271 4340 1376 4385 aureo·

206 4429 359 4488 τουτεστι,
383 4433 419 4496 τῃ
440 4431 545 4496 χαριτι
574 4423 678 4472 evron.

1199 4536 1318 4594 52·
