3074 5054
178 395 245 464 480
517 395 654 463 ACTUS
678 394 1013 477 APOSTOLORUM,

177 581 373 651 Vocabulum
390 582 451 651 hoc
474 602 544 651 raro
568 583 695 665 obvium
711 586 830 652 ductor
848 585 1006 652 Glossarii
1019 587 1105 651 sacri
1118 584 1253 674 explicat
1271 609 1362 662 συνη-

176 702 350 780 totamque.
369 743 413 755 -
425 702 517 791 Αυτῳ
535 715 582 772 est
598 705 728 772 Dativus
752 708 927 791 societatis,
957 705 995 774 de
1018 727 1080 796 quo
1100 706 1214 774 videsis
1230 706 1362 776 Kiihne·

177 846 246 893 rum
266 824 284 915 S
306 829 384 896 575.
409 826 607 915 -Sopater
629 826 681 893 ille
706 826 832 895 forsitan
854 827 937 896 idem
962 839 1008 895 est
1032 849 1102 896 cum
1125 848 1162 896 eo
1188 828 1240 918 qui
1263 831 1358 897 Rom.

176 951 256 1017 XVI
276 975 283 1017 :
302 952 341 1018 at
363 949 522 1038 Sosipater
540 948 668 1017 dicitur.
687 949 779 1016 Certe
795 969 907 1019 nomen
931 950 1094 1043 Σωπατρος
1110 971 1148 1018 ex
1164 951 1362 1042 Σωσιπατρος

176 1083 368 1141 contractum
393 1082 451 1139 est.
481 1071 682 1139 Aristarchus
707 1072 733 1139 is
758 1082 822 1151 est,
850 1073 902 1161 qui
926 1093 1020 1163 supra
1047 1074 1134 1163 (Cap.
1160 1075 1241 1141 XlX
1268 1098 1276 1142 ε
1302 1075 1361 1161 29)

176 1207 376 1264 memoratus.
392 1194 576 1267 Timotheus
594 1194 646 1262 ille
663 1194 856 1282 intelligitur,
875 1193 913 1262 de
931 1217 992 1284 quo
1008 1196 1079 1263 inde
1094 1198 1202 1286 aCap.
1216 1199 1298 1267 XVI
1315 1218 1323 1260 :
1343 1201 1357 1267 l

175 1323 236 1389 iam
259 1321 384 1411 saepius
408 1341 510 1389 sermo
527 1319 596 1388 luit.
622 1318 784 1407 Tychicus
808 1332 838 1386 et
861 1318 1054 1409 Trophimus
1076 1319 1169 1389 iidem
1194 1334 1363 1415 censentur

175 1466 247 1513 cum
272 1445 309 1511 iis
331 1464 465 1534 quorum
489 1443 604 1511 mentio
630 1442 664 1510 lit
688 1442 807 1531 Ephes.
834 1443 879 1511 Vl
906 1463 914 1505 ε
941 1445 979 1511 at
1006 1455 1036 1510 et
1056 1447 1077 1513 T
1099 1445 1183 1512 Tim.
1207 1447 1252 1515 lV
1272 1467 1280 1510 :
1301 1449 1359 1518 20.

175 1568 299 1658 Reliqui
318 1567 397 1650 duo,
415 1565 594 1645 Secundus,
613 1576 644 1633 ct
660 1566 758 1635 Gaius
780 1564 952 1633 Derbensis
977 1565 1128 1656 (adeoque
1145 1589 1184 1636 ex
1200 1571 1361 1657 Lycaonia

176 1690 351 1783 oriundus),
370 1712 430 1758 non
455 1689 578 1758 aliunde
602 1689 715 1778 cogniti
733 1700 816 1757 sunt.
843 1690 948 1754 Marem
972 1690 1088 1759 dicitur
1109 1693 1303 1762 intransitive
1321 1695 1360 1763 de

175 1817 417 1895 commorando,
443 1824 474 1882 el
501 1812 660 1880 transitive
688 1810 726 1879 de
752 1817 962 1896 exspectando
987 1815 1138 1900 aliquem.
1169 1817 1240 1902 Quo
1265 1837 1361 1884 scnsu

175 1941 265 2008 etiam
284 1940 382 2007 Latini
408 1938 485 2007 illud
501 1937 630 2005 verbum
647 1936 874 2020 adhibuerunt,
891 1950 925 2007 ut
941 1960 971 2006 v.
998 1961 1029 2026 g.
1055 1940 1163 2008 Livius
1188 1941 1272 2022 (Lib.
1294 1943 1360 2022 da,

176 2065 261 2150 66):
286 2065 379 2149 Ipse,
402 2062 520 2151 iuquit,
543 2065 680 2128 localium
704 2064 893 2144 adventum,
916 2065 1015 2128 elatus
1036 2084 1197 2144 successu,
1223 2067 1356 2130 emansit.

220 2307 254 2376 6.
269 2307 336 2374 Nos
352 2326 425 2374 vero
437 2308 654 2390 nooipooimca
668 2315 739 2391 post
750 2307 816 2372 dics
829 2305 1030 2390 Azpmornm
1047 2329 1066 2370 o
1086 2305 1358 2396 Philippicae).

175 2435 252 2499 Dies
272 2433 472 2518 Azpmorum
501 2432 713 2520 intelliguntur
733 2431 799 2500 dies
816 2441 933 2521 septem
959 2430 1045 2521 (scil.
1070 2430 1137 2498 dies
1161 2431 1257 2498 festus
1282 2433 1361 2498 Pas-

72 2564 99 2620 ,“
176 2557 275 2626 chatis
303 2569 333 2625 et
360 2567 524 2647 sequentes
552 2555 635 2645 sax),
666 2555 779 2644 quibus
807 2575 843 2623 ex
875 2554 1031 2622 llosaicae
1059 2554 1135 2642 legis
1164 2555 1359 2644 praescripto

179 2679 283 2748 ludaci
309 2701 405 2770 panes
422 2680 648 2748 manducabant
666 2701 795 2765 ozpmns
812 2679 957 2766 (αζυμους
974 2677 1013 2745 ah
1029 2702 1049 2740 α
1066 2677 1217 2766 privativo
1234 2687 1264 2744 et
1280 2679 1361 2763 ζυμη

174 2806 379 2894 fermentum)
403 2803 469 2871 sive
493 2807 747 2889 infermentctoa.
766 2800 958 2869 -Paulum
978 2821 1050 2868 cum
1073 2801 1167 2869 sociis
1192 2801 1258 2867 suis
1275 2799 1361 2868 lrunc

177 2927 270 2994 ritum
283 2927 484 3009 observasse,
500 2946 560 2994 uon
577 2925 666 2994 uideo
680 2944 812 3014 quanam
826 2925 944 2992 ratione
961 2945 1001 2991 ex
1016 2926 1119 2991 Lucae
1135 2922 1239 2991 verbis
1253 2922 1359 3012 colligi

177 3052 287 3142 possit.
312 3053 403 3119 Certe
420 3052 486 3120 lieri
504 3052 617 3142 potuit,
635 3061 668 3117 ut
685 3051 785 3117 Lucas
801 3049 964 3139 scripserit
981 3061 1051 3134 post
1067 3052 1135 3116 dies
1151 3071 1356 3134 ozynmrum,

177 3172 232 3242 sed
249 3185 365 3241 tantum
380 3177 422 3240 od
440 3177 615 3242 morcardum
633 3184 771 3258 tempus,
792 3192 853 3260 quo
870 3172 931 3239 und
947 3192 1019 3239 cum
1035 3171 1132 3239 Paulo
1149 3182 1178 3238 et
1194 3172 1258 3239 Sila
1282 3171 1360 3240 Plri-

178 3296 271 3385 lippis
288 3296 396 3379 solvit,
422 3294 576 3364 Troadem
601 3296 714 3363 iturus.
728 3293 960 3378 -Troadem,
978 3294 1016 3364 ad
1041 3296 1144 3364 socios
1163 3296 1216 3385 qui
1235 3296 1279 3364 ibi
1303 3316 1362 3364 eos

178 3418 470 3509 exspectabamus.
496 3422 542 3507 d),
569 3431 776 3509 pervenerunt
791 3441 880 3510 αρχις
901 3419 1019 3510 ἡμερων
1045 3443 1148 3501 nanee,
1166 3418 1201 3488 h.
1220 3440 1249 3487 e.
1270 3423 1362 3489 intro

178 3547 246 3611 dies
269 3545 426 3630 quinqua,·
450 3542 576 3635 proprie
600 3565 698 3630 usque
723 3545 765 3609 od
790 3539 902 3634 (αχρις)
923 3547 990 3609 dies
1014 3547 1171 3632 quinque,
1195 3556 1266 3612 ante
1294 3546 1363 3614 dies

180 3666 317 3756 quinqua
340 3663 488 3747 essluxos,
503 3665 526 3732 i.
552 3684 582 3732 e.
609 3664 668 3732 sub
692 3664 786 3732 finem
803 3662 864 3731 diei
889 3664 1008 3755 quinti,
1026 3665 1077 3733 dic
1094 3666 1214 3755 quinto.
1232 3665 1363 3735 Videsis

179 3791 347 3859 Tittmanni
372 3790 510 3858 libellum
527 3794 565 3857 de
580 3791 778 3876 Spaoapmis
792 3793 828 3858 io
842 3792 932 3860 Novo
952 3793 1168 3872 Testomcuto,
1186 3793 1265 3882 Cap.
1294 3794 1360 3874 llI,

179 3935 212 4002 p.
240 3915 301 3994 35,
323 3932 394 4002 sqq.
421 3913 610 3980 Commorati
635 3924 707 3981 sunt
733 3911 856 3982 Troade
880 3913 947 3981 dies
970 3926 1106 4003 septem,
1131 3937 1193 4005 quo
1220 3926 1361 4007 tempore

179 4035 380 4107 memorabile
405 4034 564 4127 quidpiam
580 4036 711 4120 accidit,
729 4035 767 4104 dc
791 4057 853 4126 quo
878 4038 939 4105 iam
963 4039 1105 4127 sequitur
1127 4039 1272 4129 (7—15)
1289 4062 1360 4111 nar·

180 4159 272 4229 ratio.

224 4411 349 4496 7242.
372 4406 443 4475 Uno
464 4415 568 4475 cutem
593 4401 727 4490 sabboti,
748 4410 835 4492 eto).
854 4402 1039 4493 intelligitur
1062 4401 1128 4474 dies
1142 4409 1255 4491 prima
1272 4407 1358 4498 (pra)
