3074 5054
175 394 240 460 502
517 390 651 458 ACTUS
687 390 1023 472 APOSTOLORUM,

216 581 521 663 perambulaverunt
548 601 646 664 nsque
675 583 868 659 Phoenicen,
896 587 984 667 cta).
1015 579 1048 647 h.
1082 601 1111 648 e.
1139 600 1196 669 per
1219 581 1306 647 vicos
1331 592 1363 647 et

175 707 268 773 urbes
281 693 485 790 peraprando
498 716 528 773 et
544 706 781 795 evangelizando
790 719 1001 792 peruenerant
1016 705 1173 790 (dauhtar),
1192 709 1244 775 alii
1261 700 1363 798 us'que

173 829 212 897 ad
237 841 337 897 terrae
359 841 491 897 tractum
512 830 619 911 iilum,
647 832 700 920 qui
722 833 798 899 mari
825 831 1052 899 Mediterranea
1077 832 1196 900 adiacet
1213 833 1293 899 inter
1309 834 1364 899 lu·

174 953 281 1021 daeam
307 965 337 1020 et
360 954 502 1040 Syriam,
530 954 648 1042 quique
671 954 830 1021 Phoenice
854 956 919 1021 sive
943 959 1117 1022 Phoenicia
1142 966 1286 1038 vocatur3
1309 956 1363 1022 aiii

175 1077 206 1142 iu
231 1078 395 1167 Cyprum,
421 1076 553 1143 insulam
578 1075 766 1145 Phoeniciac
790 1079 986 1168 oppositam,
1012 1079 1063 1146 alii
1089 1081 1120 1146 in
1142 1078 1363 1162 Antiochiam,

175 1202 285 1289 Syriae
314 1201 525 1290 metropolim.
557 1204 596 1268 Et
623 1202 747 1270 iudaeis
774 1203 868 1285 solis,
896 1225 956 1271 non
985 1225 1058 1272 vero
1083 1204 1279 1286 GentilihuS,
1309 1224 1365 1270 ex·

175 1327 259 1393 sules
287 1327 331 1393 iili
360 1326 489 1392 verbnm
518 1327 746 1410 annpelicnm
774 1327 838 1414 (ror
868 1325 967 1418 loyor)
997 1328 1262 1417 praedicaveram.

221 1573 367 1642 att—m.
393 1575 503 1639 Erant
527 1585 631 1639 antem
659 1575 790 1658 quidam
813 1595 852 1637 erc
875 1576 940 1654 eis,
967 1581 1055 1663 eto.).
1081 1574 1207 1641 Scilicet
1233 1595 1271 1641 ex
1299 1579 1365 1641 dia-

173 1699 279 1779 persia
303 1698 369 1762 illis
393 1696 455 1785 (vs.
486 1697 551 1782 19).
572 1691 686 1787 Ανὸρες
713 1695 846 1787 Koupron
871 1720 920 1758 nai
949 1697 1117 1788 Kapranana
1139 1708 1211 1765 sunt
1235 1698 1367 1766 ludaeo-

176 1822 362 1902 Christiani,
387 1822 448 1888 nati
474 1841 546 1910 pars
570 1822 602 1887 in
627 1821 727 1888 insula
752 1822 874 1910 Cypro,
901 1842 973 1910 pars
998 1825 1157 1910 Cyrenas,
1183 1844 1261 1912 quae
1287 1825 1367 1892 urbs

177 1955 242 2011 erat
270 1943 386 2031 Lybiae
413 1945 603 2031 Cyrenaicae
628 1945 786 2032 primaria.
814 1946 854 2012 Hi
880 1966 976 2032 quum
1002 1947 1133 2034 ingrcssi
1159 1958 1264 2014 essent
1287 1948 1366 2014 civi-

177 2077 269 2133 tatem
303 2065 502 2134 Antiochiam
540 2069 699 2145 Graecia,
731 2065 764 2134 h.
801 2088 830 2134 e.
866 2069 1063 2149 Gentilibus,
1097 2069 1193 2137 locuti
1226 2081 1298 2136 sunt
1327 2070 1369 2136 de

138 2198 140 2202 '
178 2191 320 2273 Christo,
353 2192 526 2260 doctrinam
559 2191 776 2281 Evangelicam
808 2192 919 2260 iisdem
955 2195 1180 2283 praedicantes.
1219 2197 1369 2281 Eratque

177 2336 291 2381 ananus
324 2317 457 2384 Domini
486 2338 558 2385 aum
591 2315 641 2384 his
673 2317 963 2406 praedicandae,
991 2318 1024 2385 h.
1060 2340 1089 2386 c.
1122 2323 1271 2403 potentia
1306 2341 1369 2384 sua

180 2441 251 2528 (πῄ,
277 2462 406 2519 maneas,
425 2440 464 2508 de
478 2444 621 2525 potentia
637 2441 753 2530 passim
773 2440 900 2528 dicitur)
920 2445 1002 2507 bens
1017 2441 1162 2531 (Kopion)
1179 2442 1241 2509 iilis
1257 2441 1368 2510 aderat

180 2562 218 2631 ad
246 2566 330 2631 varia
358 2565 505 2654 patranda
533 2566 699 2646 miracula,
729 2565 843 2654 quibus
871 2567 1030 2635 veritatem
1067 2565 1260 2654 praedicatae
1289 2567 1367 2634 doo-

180 2694 278 2760 trinae
306 2693 453 2762 divinitus
481 2694 726 2761 confirma1·ent².
753 2693 937 2778 Multusque
964 2716 1116 2760 numerus
1143 2697 1365 2772 credentium,

180 2817 318 2898 Graeca,
347 2816 441 2892 πολυς
464 2840 496 2882 τε
520 2818 646 2909 αριθμος
671 2839 856 2898 πιστευσας,
880 2815 912 2883 h.
940 2837 969 2883 e.
997 2827 1175 2905 utmagnus
1199 2816 1367 2884 hominum

180 2962 329 3010 numerus
346 2942 553 3030 evangelicam
576 2944 670 3026 fidem
696 2945 836 3026 amplexi
856 2947 1057 3031 (πιστευσας),
1075 2942 1217 3009 conversi
1238 2941 1369 3009 suntad

180 3063 350 3132 Dominum
368 3069 472 3134 lesum
489 3068 549 3151 (επι
571 3089 621 3130 τον
644 3066 788 3155 Kopion),
806 3066 828 3132 i.
848 3086 877 3132 e.
904 3064 1029 3132 Christo
1054 3085 1166 3132 nomen
1190 3064 1366 3157 dederunt,

180 3185 349 3254 Christiani
367 3188 438 3256 sacti
457 3176 541 3255 sunt.

184 3352 185 3357 κ
225 3312 360 3380 Graecos
385 3313 530 3382 hocloco
556 3310 757 3399 intelligimus
779 3329 840 3376 non
856 3307 1083 3392 ‘Emanium
1101 3310 1213 3392 idest,
1233 3309 1370 3379 iudaeos
1434 3379 1439 3386 ,

183 3492 367 3502 ..—

214 3600 233 3666 1)
251 3601 317 3652 Van.
331 3616 401 3652 naar.
422 3601 525 3667 Legitur
546 3599 626 3650 hioin
639 3597 751 3661 Vulgata
796 3598 862 3661 Ka,
880 3619 914 3671 ην
936 3600 1155 3687 >paphiam
1182 3621 1274 3688 φησι,
1303 3599 1371 3684 μετ’

181 3682 356 3748 loquebantur
374 3698 405 3733 nr
423 3683 477 3742 ad,·
495 3695 528 3733 ex
548 3692 601 3745 quo
618 3679 752 3730 videretur
798 3712 909 3753 ww.
942 3712 1093 3768 mma,
1124 3711 1236 3775 συμεια
1263 3711 1370 3779 upw-

180 3765 312 3830 iuterpres
325 3765 374 3816 hoo
388 3764 443 3815 ioco
454 3763 547 3826 legisse
559 3745 686 3810 ehahonr
700 3769 751 3808 και
799 3782 896 3852 gom
915 3780 1003 3869 «Ορας
1020 3777 1071 3845 δια
1088 3805 1117 3843 τι
1136 3803 1187 3842 και
1205 3802 1256 3842 νυν
1274 3781 1370 3854 ἠΐων

181 3863 264 3930 προς.
281 3852 333 3905 Sed
345 3851 409 3902 haec
420 3849 510 3902 vocula
521 3862 573 3900 και
590 3866 605 3903 a
617 3852 749 3943 plerisque
797 3892 928 3957 ww,
945 3893 1061 3962 αναγκη
1073 3891 1209 3962 ygyoyffi
1230 3875 1278 3933 ἱνα
1293 3894 1370 3934 nru-

179 3937 318 3990 Codicibus
328 3934 416 3996 abest,
430 3947 478 3985 nec
491 3933 587 3998 legitur
598 3935 626 3985 in
640 3939 750 4000 antiqua
797 3984 958 4026 remam·

179 4019 260 4080 ltala;
276 4019 304 4068 in
317 4017 423 4080 Syriaca
435 4028 496 4066 varo
508 4017 628 4068 versione
644 4016 749 4080 iegitur.

179 4099 298 4150 Forsitan
312 4095 438 4161 glossema
450 4099 571 4162 est,qno
584 4096 748 4161 significare·
827 4085 848 4152 ⁸)
872 4085 938 4138 VAR·
974 4101 1045 4136 LECT·
1081 4086 1131 4138 Pro
1164 4068 1372 4147 Ἑλληνίστας

180 4185 233 4244 tur,
243 4181 312 4231 viros
324 4179 381 4231 ilios
389 4177 498 4244 Cyprios
506 4182 532 4229 et
541 4178 687 4243 Cyrenaeus
695 4180 749 4229 An·
793 4179 889 4243 legitur
901 4158 1046 4235 Έλληνας
1061 4177 1089 4225 in
1102 4176 1176 4238 ΑΜ,
1189 4178 1271 4240 atque
1283 4175 1321 4226 ita
1332 4174 1372 4227 le·

180 4263 290 4316 tiochiaa
312 4276 366 4315 non
389 4261 494 4312 Graecis
517 4267 636 4323 tantam,
657 4260 703 4312 sed
723 4265 750 4313 ct
794 4264 889 4326 gerunt
909 4260 987 4311 etiam
1007 4259 1033 4310 S.
1048 4258 1249 4322 chrysostomus
1267 4256 1372 4322 aliique

179 4347 281 4399 ludaeis
293 4346 466 4411 Evangelium
477 4345 648 4412 praedicasse.
794 4342 905 4407 antiqui.
935 4342 1061 4391 Auctorcs
1094 4341 1247 4392 versionum
1276 4336 1371 4402 Italae,

211 4427 230 4494 ²)
249 4427 275 4480 S.
285 4427 376 4494 Chrys.
385 4429 461 4482 Hom.
469 4428 540 4481 XXV
550 4428 577 4479 iu
587 4430 642 4480 hot.
653 4425 686 4480 aa
696 4426 747 4479 h.l.
794 4419 936 4485 vulgatae,
946 4419 1066 4484 Syriacas
1078 4422 1104 4471 at
1117 4417 1244 4470 Arabicae
1256 4402 1372 4481 Ἑλλη-
