3074 5054
467 388 509 452 m
534 386 668 454 AC'l'US
692 383 1017 453 APOSTOLORUM.
1298 387 1319 453 3

146 577 276 653 Καθως,
307 577 429 663 iuquit,
461 601 512 639 και
544 582 558 641 o‘
589 575 709 650 Λουκας
740 599 769 639 eu
795 600 862 650 ταις
893 572 1019 665 opulens
1049 599 1107 639 των
1139 573 1316 639 αποστολων

148 705 386 768 απομνημονευει
407 707 457 746 τον
479 682 603 748 Παυλον
625 681 761 772 λεγοντα·
785 679 890 773 ανδρες
907 681 1068 760 Anosenoi,
1086 708 1116 748 u.
1135 708 1164 747 r.
1184 681 1214 745 λ.
1234 682 1266 749 h.
1287 703 1318 749 e.

151 789 420 867 Quemadmodum
442 801 472 856 et
493 791 592 856 Lucos
615 794 650 856 iu
671 792 800 857 Actibus
820 791 1044 874 Apostolorum
1072 792 1211 856 Paulum
1237 811 1322 856 cour·

150 908 304 963 memoret
324 901 479 963 dicentem
501 920 511 959 .·
540 901 612 964 Viri
633 899 859 978 Athenienses,
881 908 941 965 etc.
965 898 1013 965 Cf.
1034 899 1103 964 Act.
1122 898 1217 967 XVII
1236 921 1244 962 ι
1263 899 1319 993 aa,

197 1007 228 1070 5.
253 1007 477 1071 Tnuruuumnus
508 1003 562 1092 (de
589 1004 765 1092 Baptismo,
795 1006 871 1093 Cap.
901 1004 949 1092 X)
981 1031 988 1070 ε
1020 1033 1034 1063 «
1063 1004 1165 1084 Adeo,
1195 1008 1318 1090 lupuit,

154 1121 256 1198 postea
288 1111 318 1175 in
349 1111 437 1178 Actis
466 1110 686 1200 Apostolorum
715 1112 904 1191 invenimus,
938 1112 1082 1199 quoniam
1111 1111 1163 1200 qui
1197 1111 1320 1178 loannis

154 1214 336 1304 baptismum
365 1215 533 1296 habebunt,
561 1238 621 1285 non
645 1219 837 1307 accepissent
863 1219 1011 1307 Spiritum
1036 1219 1201 1298 Sanctum,
1229 1238 1320 1307 quem

155 1341 192 1388 ne
218 1322 322 1390 auditu
351 1324 475 1412 quidem
504 1336 662 1392 noverant.
683 1353 695 1381 »
720 1327 766 1390 Et
786 1324 858 1392 alibi
887 1324 946 1415 (de
974 1325 1111 1404 ieiunio,
1141 1325 1205 1412 Cap
1233 1323 1284 1413 X)
1314 1349 1322 1391 ε

161 1430 317 1510 «Porro,
347 1435 470 1516 iuquit,
500 1452 570 1498 cum
599 1432 630 1497 in
659 1430 767 1498 eodem
795 1432 1016 1499 commentario
1049 1434 1150 1499 Lucae
1178 1441 1207 1497 et
1236 1431 1324 1497 tertia

156 1534 229 1602 hora
252 1538 399 1604 orationis
425 1537 664 1618 demonstretur,
690 1538 748 1606 sub
773 1559 832 1627 qua
856 1538 973 1627 Spiritu
996 1538 1108 1605 Sancto
1134 1538 1243 1604 initiati
1268 1556 1324 1625 pro

155 1640 248 1709 ebriis
275 1642 479 1723 habebuntur,
501 1654 655 1722 etsexta,
683 1665 743 1733 qua
767 1646 878 1711 Petrus
901 1644 1061 1711 adscendit
1084 1645 1116 1710 in
1141 1643 1324 1732 superiora,

155 1760 243 1815 eet.»
266 1751 1262 1840 ct.Aet.cap.XIX:t,5.cap.11:15,eruap.xzo.

198 1890 358 1979 Sequioris
382 1892 531 1980 temporis
556 1902 647 1958 testes
673 1891 863 1980 producere,
883 1891 959 1958 nihil
977 1912 1055 1980 opus
1079 1904 1136 1958 est.
1163 1889 1354 1962 Suffecerit

155 1994 286 2077 dixisse,
301 1997 445 2064 continua
460 1997 607 2086 deinceps
630 2008 761 2066 actatum
784 1998 865 2066 serie
886 1999 1066 2086 saepissime
1086 1998 1174 2065 citari
1191 2000 1327 2065 Actuum

157 2103 373 2192 Apostolorum
391 2104 523 2185 librum,
538 2104 744 2193 eumdemque
768 2115 873 2171 sancto
899 2106 1000 2172 Lucae
1023 2105 1235 2193 Evangelistue
1256 2124 1329 2172 auc-

158 2209 215 2275 tori
232 2221 407 2277 constanter
424 2211 531 2279 tribui.
552 2211 621 2289 Sic,
643 2222 676 2277 ut
700 2210 760 2278 hoc
777 2221 864 2291 utar,
883 2213 956 2300 quia
980 2232 1113 2291 novum,
1131 2211 1164 2278 S.
1191 2211 1329 2297 Cyrillus

159 2315 384 2384 Alexandrinus
405 2319 435 2383 iu
456 2317 683 2384 Commentario
708 2319 738 2382 in
767 2318 868 2384 Lucae
894 2319 1092 2406 Evangelium
1118 2319 1332 2384 recentissimi

158 2423 291 2512 primum
314 2423 423 2503 edit0¹‚
448 2425 563 2512 passim
592 2424 658 2491 loca
686 2424 836 2512 quaedum
854 2445 891 2491 ex
915 2424 1010 2491 altero
1039 2425 1091 2492 illo
1120 2426 1221 2491 Lucae
1251 2423 1331 2491 libro

158 2530 284 2618 allegam
309 2531 488 2621 etquidem
513 2531 551 2599 ad
576 2533 692 2619 Evang.
717 2532 751 2599 S.
776 2533 894 2612 Lucae,
919 2533 995 2620 Cap.
1020 2533 1099 2598 Xlll
1120 2556 1127 2596 ε
1149 2534 1160 2598 1
1189 2530 1238 2620 (p.
1265 2533 1331 2599 255

160 2637 191 2704 ln
218 2639 271 2704 cit.
302 2638 376 2705 edit.
407 2638 500 2705 Card.
531 2637 621 2726 Maii)
650 2637 726 2704 haec
754 2638 891 2705 scribit:
921 2639 1100 2701 «Εοικασιν
1123 2641 1150 2702 oi
1173 2635 1335 2701 Γαλιλαιοι

160 2766 237 2806 κατα
258 2768 326 2819 τους
347 2768 472 2835 χρονους
496 2743 634 2809 Πιλατου
656 2740 886 2822 εστασιακεναί,
912 2740 1063 2833 ioppuom
1086 2741 1223 2831 ἑπομενοι
1245 2738 1336 2806 Ioula

160 2873 213 2913 του
233 2848 418 2930 fulcimen,
443 2851 478 2915 οὑ
498 2875 550 2914 και
578 2855 593 2915 ὁ
621 2850 741 2924 Aeaeae
771 2873 799 2914 eu
827 2875 893 2924 ταις
918 2848 1045 2940 repulsor
1071 2874 1130 2914 των
1156 2847 1334 2913 αποστολων

162 2957 309 3040 epomis,
328 2955 395 3020 κτλ.
415 2954 448 3023 h.
467 2976 496 3023 e.
519 2958 674 3022 Videutur
699 2956 837 3022 Goliloei
860 2958 1051 3040 temporibus
1074 2959 1179 3022 Pilati
1206 2959 1335 3024 seditio-

163 3083 234 3127 uem
256 3065 424 3145 excitasse,
448 3064 595 3145 dopmoto
617 3073 778 3146 sequeutes
806 3066 971 3128 cuinullum
993 3063 1094 3127 Imloe
1119 3062 1277 3146 Goliloei,
1301 3063 1339 3125 ele

163 3189 224 3252 quo
245 3171 438 3233 mentionem
457 3170 538 3252 socit
565 3170 662 3232 etium
690 3168 790 3233 Lucos
814 3171 848 3233 iu
872 3169 1002 3234 ,Actibus
1029 3170 1265 3252 Apostolorum.
1289 3165 1337 3232 Gt.

166 3279 234 3342 Act.
261 3277 337 3366 Cap.
366 3277 428 3345 V:
459 3279 515 3344 57.

210 3418 364 3482 Esternis
386 3427 488 3483 autem
514 3414 600 3482 hisce
623 3417 811 3503 argumentis
834 3416 984 3484 accedunt
1006 3420 1149 3482 iuterna.
1170 3417 1207 3481 m
1228 3411 1338 3498 primi

166 3521 303 3609 quidem,
336 3533 444 3589 auctor
472 3522 542 3588 libri
570 3526 704 3588 Actuum
737 3524 955 3610 Apostolorum
991 3523 1020 3587 in
1055 3523 1123 3610 ipso
1158 3521 1205 3587 sui
1237 3521 1342 3609 operis

166 3627 292 3696 exordio
316 3629 480 3717 perspicue
503 3627 672 3716 siguificat,
699 3628 842 3695 cumdem
859 3650 893 3695 se
914 3649 983 3696 csse
1007 3629 1060 3717 qui
1086 3639 1155 3694 ante
1180 3627 1340 3716 couscrip-

166 3746 247 3801 serat
266 3734 427 3801 historiam
442 3734 481 3802 de
501 3735 593 3803 rebus
615 3735 709 3822 gestis
725 3736 796 3801 lesu
812 3735 949 3812 Christi,
972 3734 1030 3801 hoc
1054 3745 1119 3815 est,
1139 3732 1339 3821 Evangelium

167 3840 250 3930 quod
270 3840 361 3906 tertio
385 3840 453 3906 loco
478 3841 557 3906 inter
572 3841 725 3907 Canonicu
747 3841 908 3928 Evangelia
929 3851 1118 3908 recensetur.
1144 3838 1258 3906 Confer
1281 3841 1340 3905 Ev.

167 3950 200 4017 S.
220 3949 864 4037 Lucae,Cup.12l—lctXXIV:50‚
885 3953 922 4016 51
944 3970 1015 4017 cum
1034 3952 1104 4017 Act.
1122 3950 1184 4038 Ap.
1203 3949 1341 4036 Cupi:

171 4058 209 4136 1,
234 4057 269 4122 2.

203 4338 222 4400 1>
241 4336 300 4388 Scit.
330 4336 363 4386 ub
395 4333 569 4386 eruditissimo
603 4334 731 4387 Cardinali
778 4327 1344 4385 eVaticanisCodicibmeditorum.Roman

170 4419 252 4479 Muto,
271 4422 334 4469 tom.
355 4416 377 4468 X
399 4416 577 4468 Classicorum
596 4423 734 4468 auctorum
779 4415 853 4466 4838.
867 4417 960 4465 Graece
973 4416 1084 4464 tantum.
