3074 5054
183 377 251 443 tut
531 372 665 442 ACTUS
700 372 1032 453 apostatarunt,

181 584 293 652 genere
320 565 536 652 impostores¹3
562 575 592 630 et
619 562 694 630 tales
721 563 816 631 tuisse
849 563 993 631 videntur
1023 564 1196 632 exorcistae
1224 565 1291 646 itti,
1320 565 1359 632 de

182 689 294 778 quibus
315 691 414 756 Lucas
435 687 486 755 hic
511 689 582 776 agit.
606 690 743 768 Quidam
767 700 887 769 autem,
906 690 1024 777 inquit,
1043 692 1357 781 ecircuureuutibus²

181 815 308 878 Iudaeis
331 806 505 899 (laudetur)
533 815 695 878 exorcistis
719 823 916 877 tentaveruut
944 814 1038 876 etiam
1066 812 1153 894 (aad)
1178 816 1242 896 ipsi
1261 834 1359 897 super

182 935 261 1026 (aar)
284 959 332 1002 eos
357 939 414 1022 qui
436 936 587 1001 tabebmt
609 939 745 1020 spiritus
767 938 866 1002 matus
891 936 996 1024 (super
1024 937 1259 1021 energumenos)
1279 957 1358 1020 pro·

182 1066 333 1129 auaciare
354 1083 469 1127 uoueeu
491 1060 668 1148 (ονομαζειν)
690 1064 823 1127 Doutiui
844 1063 945 1140 Iesu⁴,
974 1063 1111 1126 diceutes
1129 1086 1135 1127 :
1154 1063 1282 1127 Adiuro
1303 1083 1358 1127 aas

182 1187 232 1275 (ut
248 1185 375 1272 exeatis)
391 1209 448 1271 per
463 1188 591 1266 Iesuua,
608 1209 699 1272 queue
716 1188 839 1252 Pautus
852 1188 1031 1269 praedicat.

227 1312 298 1379 Vox
323 1306 468 1374 laudatur
496 1310 644 1377 sumenda
668 1321 714 1376 est
740 1309 917 1390 Adiective3
942 1332 990 1372 επι
1019 1309 1184 1376 Loaaliter.
1211 1309 1356 1398 Ὁκριζειν

182 1454 252 1500 cum
269 1433 384 1523 duplici
397 1434 582 1501 accusativo
597 1485 605 1513 ‚
619 1435 728 1502 eteius
744 1455 834 1521 queue
850 1433 1047 1512 adimamus,
1064 1433 1174 1500 eteius
1188 1454 1249 1516 per
1265 1453 1355 1519 quera

182 1557 377 1638 adieramus,
396 1570 428 1625 ut
444 1561 541 1626 Marc.
561 1559 591 1626 V
610 1580 618 1620 :
638 1560 672 1625 7.

230 1803 283 1868 ii.
310 1803 416 1867 Erant
434 1811 539 1866 auteur
569 1803 698 1885 puidam
718 1802 834 1867 Iudaei
855 1801 985 1885 Sceuae,
1016 1800 1106 1890 eta).
1133 1799 1250 1868 Sensus
1275 1811 1350 1867 est:

182 1927 242 1991 Iilt'
256 1937 360 1991 autent
381 1928 436 2011 qai
458 1928 515 1990 laec
538 1925 693 2009 faciebant
714 1928 756 2014 (ui
780 1950 866 1990 rouro
882 1948 1050 2006 ποιουντες,
1065 1926 1134 1993 soil.
1162 1925 1194 1992 id
1216 1924 1351 2015 quadiu

182 2049 378 2116 antecedente
405 2048 558 2114 versiculo
586 2061 741 2115 narratum
770 2052 833 2136 est)
865 2061 956 2115 eraut
992 2053 1054 2133 filii
1080 2052 1210 2134 quidone
1238 2050 1351 2114 Sceuae

182 2174 313 2257 Iudaei,
328 2182 458 2256 septem.
484 2171 597 2239 «Solet
612 2192 629 2239 a
645 2173 793 2254 Graeca,
812 2184 934 2240 notente
949 2173 1155 2242 Valckenario
1176 2171 1225 2253 (ad
1244 2172 1277 2239 h.
1297 2171 1350 2260 l.)‚

182 2298 372 2366 indefinitum
396 2321 441 2370 τις
467 2296 513 2363 sic
535 2296 754 2364 Numeralibus
782 2297 928 2385 praefigi,
954 2309 987 2364 ut
1014 2297 1170 2364 abundare
1196 2296 1350 2363 rideatur.

182 2420 392 2489 Dicaearchus
415 2424 538 2505 coaptes
555 2424 621 2486 uiui
635 2423 780 2488 undecim
796 2420 844 2486 vei
869 2424 1033 2487 duodecim
1050 2421 1127 2488 dixit
1143 2444 1223 2484 cruca
1248 2417 1352 2485 ἕνδεκα

182 2570 199 2619 η
228 2542 345 2610 dudeco
370 2569 471 2624 τινας,
498 2544 588 2634 paulo
617 2544 745 2611 iuferius
774 2564 948 2611 memorans
971 2541 1044 2608 deca
1070 2567 1152 2619 τινας
1174 2543 1353 2635 Αιγιναιοιις

181 2667 323 2756 udaiaus,
349 2675 454 2736 decem
480 2672 580 2735 obuios
603 2672 819 2753 Aepiuaeos...
845 2669 1060 2737 Graecismum
1084 2669 1237 2758 expressit
1256 2652 1352 2758 'Apu-

181 2795 259 2862 leius
286 2794 367 2877 (Lib.
400 2795 447 2873 tl,
474 2816 505 2883 p.
538 2795 592 2878 36)
613 2817 621 2858 :
646 2796 851 2872 introductis,
880 2793 997 2880 iuquit,
1023 2795 1209 2879 quibusdam
1235 2807 1354 2880 septem

181 2919 319 2983 testibus.
350 2945 363 2974 »
392 2919 461 2984 Non
490 2914 661 3007 putaverim
689 2928 808 2996 tamen,
839 2915 918 2982 hanc
945 2915 1170 2985 adnotationem
1201 2918 1356 2986 inservire

179 3063 270 3132 posse
292 3042 330 3109 ad
351 3042 444 3109 huius
465 3043 524 3109 loci
545 3041 706 3128 Syntaxim
728 3041 819 3128 (aaut
847 3035 879 3103 de
905 3062 980 3114 τινες
1002 3043 1061 3103 utor
1089 3040 1187 3104 Σκευᾶ
1209 3038 1355 3106 [cadurco

178 3164 268 3256 ἑπτα)
289 3166 519 3256 explicandam,
544 3187 639 3255 quum
667 3167 767 3233 Lucas
797 3165 1058 3253 conscripserit,
1085 3166 1260 3232 continuata
1283 3187 1357 3234 ora-

179 3292 277 3372 tione,
299 3301 352 3358 aut
378 3287 453 3354 ἑπτα
476 3314 551 3364 τινες
575 3295 650 3370 υἰοι,
673 3301 725 3358 aut
746 3293 803 3353 uice
826 3312 900 3363 τινες
922 3286 1014 3366 ἑπτα,
1046 3287 1100 3356 sed
1118 3312 1194 3364 τινες
1217 3294 1297 3370 uiue,
1323 3302 1356 3358 et

178 3536 256 3586 rum,
281 3524 325 3589 qui
341 3524 414 3588 apud
430 3536 476 3573 uos
495 3523 614 3587 tueretur,
633 3537 739 3589 aequm,
785 3521 856 3573 bitur
870 3535 875 3569 :
889 3521 1032 3572 Daemones
1044 3537 1062 3572 a
1076 3521 1167 3586 Mapis
1185 3535 1240 3572 uua
1257 3535 1357 3588 coqua-

179 3612 225 3657 aut
237 3607 385 3674 justorum,
406 3611 452 3656 aut
467 3605 674 3670 prophetarum,
693 3611 740 3657 aut
785 3613 838 3669 tur,
850 3609 894 3658 scd
909 3621 941 3658 ea
951 3613 1029 3673 pacto
1043 3608 1219 3672 obtemperant
1237 3613 1355 3659 tautum.

175 3687 394 3753 patriarcharum
414 3689 558 3751 adieretis,
578 3701 633 3739 aaa
655 3687 740 3738 subii·
818 3688 837 3754 ¹)
855 3687 982 3748 Quaestus
993 3703 1083 3752 causa,
1095 3688 1245 3740 utvtdetur.
1261 3688 1287 3740 S.
1298 3689 1356 3755 Cy-

177 3771 342 3822 cieturuobis
360 3771 441 3823 ultum
461 3772 635 3823 daemonium.
648 3771 698 3822 Sed
716 3771 741 3822 si
784 3771 892 3837 priauus
913 3771 997 3838 (serm.
1020 3773 1051 3823 de
1073 3772 1208 3835 Baptismo
1235 3771 1357 3836 Christo)

177 3856 236 3920 quis
246 3861 362 3907 vestrum
373 3856 477 3907 adiuret
491 3869 539 3920 per
557 3857 636 3906 Deum
648 3855 739 3906 Abra·
785 3868 828 3905 eos
839 3857 913 3905 vocat
926 3855 1070 3905 exorcistas
1087 3855 1283 3919 quaestuarios.

177 3937 276 4002 ttae‚et
292 3939 485 3999 Deum-isaac,
505 3944 528 3989 et
544 3938 624 3989 Deum
644 3936 737 3999 iacob,
816 3933 835 4000 ⁸)
853 3935 916 3986 Van.
937 3949 1007 3985 neor.
1027 3934 1076 3986 Pro
1100 3943 1176 3994 τινες
1204 3944 1264 3985 utto
1292 3945 1355 3986 των

176 4023 458 4086 fortassesubiicietue.
472 4022 602 4072 iamoero
620 4022 739 4073 caereis·
783 4025 879 4090 legitur
898 4033 973 4084 τινες
994 4034 1046 4072 και
1070 4034 1129 4075 των
1153 4027 1180 4078 in
1204 4027 1288 4080 Codd.
1308 4029 1355 4081 ΑΕ

176 4111 218 4156 tas
226 4110 326 4156 uestros
337 4105 408 4169 dici,
419 4110 478 4155 arte
486 4103 736 4167 adhibita‚periude
784 4115 811 4161 et
821 4108 920 4174 aliquot
932 4108 1092 4160 Minusculis.

175 4193 251 4252 atque
263 4167 368 4250 Gentes,
381 4187 519 4248 adiurare,
533 4183 692 4254 etsuffitibus
703 4199 735 4236 ac
812 4190 832 4255 ⁴)
851 4191 975 4243 viderant
996 4193 1055 4258 isti,
1078 4192 1215 4244 daemonia
1237 4191 1355 4246 aPauto

174 4273 296 4325 amuletis
307 4274 353 4324 uti.
464 4318 468 4328 ,
780 4274 837 4325 eiici
863 4272 896 4325 ad
921 4275 1109 4327 invocationem
1135 4274 1251 4327 nominis
1274 4274 1353 4339 Iesu;

206 4355 225 4421 ¹)
243 4355 336 4408 Confer
354 4354 399 4406 Del
419 4353 465 4404 Rio
484 4353 630 4418 Bisqutsitt.
642 4353 732 4417 Magio.
780 4371 861 4421 quare
881 4361 908 4408 et
926 4357 975 4422 ipsi
998 4361 1166 4410 tentaverunt
1189 4371 1219 4409 eo
1243 4358 1356 4410 uomina

174 4438 229 4491 Lib.
241 4441 266 4490 a.
281 4438 311 4500 Q.
331 4440 371 4490 30.
387 4438 455 4492 Sect.
472 4438 496 4488 a.
515 4437 569 4502 §a
583 4437 627 4503 qui
640 4438 734 4489 iuscri—
780 4440 900 4492 invocato
912 4439 1048 4492 daemonia
1060 4442 1162 4492 eiicere.
