3074 5054
182 392 228 460 80
519 388 655 458 dGl'US
688 388 1024 471 decretorium,

183 590 264 660 toru3
281 580 387 649 malim
411 600 485 648 rero
507 579 562 648 hie
584 600 753 669 agnoscere
769 580 963 669 ellipsiu,ut
978 582 1096 649 dictum
1111 583 1154 649 sit
1167 582 1233 645 καθ’
1245 583 1364 674 ippone
1425 577 1431 583 ’

178 727 212 770 τε
225 727 514 797 προσωμιρουντες
533 726 592 795 pro
611 728 904 798 npoaaaprupourrsg
921 731 1020 785 ησαν,
1044 720 1080 774 ut
1101 727 1197 797 supra
1218 709 1283 797 (rs.
1301 706 1364 792 42)

181 828 283 947 lucas
305 829 486 918 scripserat.
516 829 582 896 iarn
596 828 697 916 Syrus
717 829 765 896 sio
787 830 955 912 intellexit3
981 833 1074 899 rertit
1098 833 1209 899 enirm
1233 825 1365 938 <mi

180 937 294 1025 m
312 937 373 1043 εἷς’
397 955 431 1026 Ιι.
446 977 476 1025 e.
494 967 670 1023 constanter
690 968 784 1023 erum
806 962 842 1023 in
864 961 991 1043 tempto.
1016 959 1067 1025 De
1088 957 1148 1026 hac
1163 960 1275 1050 uttipst
1291 961 1364 1028 ride

181 1090 372 1157 Hermaeum
392 1086 432 1155 ad
454 1086 626 1174 vinorum,
640 1104 711 1174 pag.
737 1087 818 1154 770.
841 1085 891 1153 Ci.
910 1088 1004 1154 Rom.
1029 1085 1087 1155 V:
1115 1090 1170 1154 rt.
1185 1126 1229 1136 -
1245 1091 1268 1157 2
1283 1089 1361 1156 Gor.

179 1212 240 1282 Vll
259 1231 269 1276 τ
287 1214 321 1281 6.
350 1209 530 1300 Repetitutn
553 1231 585 1272 re
613 1205 688 1275 hnic
711 1208 956 1298 interpretationi
980 1230 1043 1277 uon
1069 1207 1195 1278 uidetur
1220 1210 1360 1279 obstare.

178 1334 227 1402 Εἴ,
253 1337 314 1404 Act
351 1335 430 1405 xv!
456 1354 466 1398 τ
493 1335 554 1412 Η,
580 1335 636 1402 id.

222 1470 254 1526 et
275 1464 463 1548 [ronpenter
487 1461 573 1525 circu
595 1461 705 1524 domos
718 1462 860 1546 panon).
881 1459 1085 1548 Partieipium
1100 1456 1230 1534 κλωντες
1245 1459 1363 1548 pendet

176 1583 315 1653 chrltc
327 1584 430 1652 Finito
444 1579 688 1670 μετελαμβανον.
707 1584 780 1654 Vox
796 1607 884 1675 αρτος
900 1604 963 1650 uon
979 1595 1013 1650 ut
1028 1602 1123 1672 supra
1140 1582 1201 1667 (VS.
1215 1583 1274 1670 Ω)
1286 1603 1361 1650 cum

177 1710 338 1792 micale,
356 1709 412 1779 sed
423 1710 491 1779 sine
503 1729 540 1778 ec
553 1710 705 1799 ponitur:
722 1708 850 1784 κλωντες
866 1732 969 1802 αρτον.
988 1709 1096 1797 ltaque
1112 1708 1215 1798 pauiS,
1233 1709 1287 1798 qui
1305 1707 1360 1776 llic

177 1833 305 1916 dieitur,
323 1855 384 1904 nou
402 1832 524 1902 videtur
547 1833 763 1922 intelligendus
787 1833 877 1922 panis
900 1835 1150 1916 mauricien&
1173 1833 1359 1921 praesertim

177 1981 274 2051 quum
293 1959 332 2030 de
347 1958 442 2029 huius
459 1959 548 2048 panis
566 1979 625 2027 usu
640 1978 744 2026 sermo
760 1978 855 2047 supra
870 1960 933 2048 (vs.
953 1955 1011 2043 tc)
1028 1959 1089 2024 iam
1112 1957 1222 2036 tuerit,
1241 1967 1273 2023 et
1286 1976 1361 2024 mox

177 2081 304 2159 κλωντις
319 2105 410 2174 αρτον
425 2083 599 2173 explicetur
611 2103 668 2172 per
680 2078 911 2169 μετελαμβανον
926 2105 1035 2174 upupae
1046 2078 1278 2172 (contritura).
1295 2082 1359 2148 Lc-

177 2208 333 2276 cntionem
349 2211 415 2272 κατ’
431 2231 511 2272 aanor
527 2205 659 2295 Vulgata
673 2206 747 2275 alibi
764 2204 815 2289 (ad
829 2205 964 2274 Philum.
979 2227 1027 2274 vs.
1042 2204 1074 2286 2)
1090 2205 1183 2272 vertit
1197 2208 1232 2271 in
1248 2208 1358 2286 cmo,

177 2330 230 2401 hic
257 2352 331 2401 uero
359 2336 446 2401 circo
473 2336 597 2412 domos,
623 2332 657 2400 h.
683 2352 713 2401 e.
731 2335 898 2399 domarim.
923 2333 1037 2400 Nescio
1065 2351 1104 2398 an
1133 2341 1235 2413 reote;
1259 2351 1363 2420 neque

176 2458 258 2529 enlm
280 2462 347 2524 κατ’
363 2482 444 2523 utnon
471 2458 574 2527 velere
594 2477 687 2548 pesse
709 2457 832 2526 videtur
853 2457 918 2520 καθ’
939 2453 1064 2521 ἕκαστον
1089 2478 1182 2522 utnon.
1206 2455 1362 2536 Accedit,

180 2586 295 2654 Lucam
319 2585 373 2655 ubi
398 2585 503 2653 dicere
526 2582 593 2651 uult
611 2587 786 2666 domarim,
804 2582 943 2651 scribere
965 2606 1045 2645 κατα
1066 2605 1135 2656 τους
1158 2604 1257 2655 ornava
1277 2580 1359 2670 (vid.

134 2718 140 2726 '
180 2709 251 2777 dot.
281 2709 387 2779 Vlll:
413 2707 463 2798 3).
488 2711 559 2778 Mea
587 2709 713 2797 quidem
737 2709 907 2791 sententia,
934 2727 1082 2798 praesens
1110 2707 1198 2775 locus
1221 2707 1263 2775 ita
1290 2707 1363 2775 red-

179 2830 299 2901 dendus
323 2842 370 2901 est
387 2856 396 2899 :
413 2835 655 2919 [reupontesqno
677 2836 782 2914 dorni,
808 2833 869 2901 hoo
893 2844 959 2913 est,
977 2836 1134 2918 privatim
1158 2830 1206 2920 (in
1227 2832 1362 2921 Templo

180 2976 236 3023 uun
252 2967 340 3024 erant
356 2955 479 3045 omnes)
493 2977 628 3041 ponem,
644 2959 746 3024 cibum
760 2960 923 3023 sumebant
938 2979 1010 3024 eum
1027 2959 1223 3023 exultatione
1239 2969 1270 3022 et
1284 2961 1364 3024 sim-

178 3083 321 3164 plicitate
350 3083 455 3148 cordis
479 3081 611 3172 (integre
635 3092 665 3148 et
687 3081 765 3148 eitra
792 3081 926 3170 aliquam
951 3080 1100 3170 culpam).
1127 3081 1206 3147 Tota
1235 3079 1361 3169 phrasis

178 3202 305 3280 κλωντες
322 3227 412 3295 apaan
437 3202 668 3292 μετελαμβανον
692 3227 801 3297 τροφης
818 3224 879 3272 non
897 3204 966 3294 plus
983 3203 1060 3272 mihi
1082 3202 1259 3290 significare
1275 3204 1362 3272 vide·

179 3342 230 3400 tur
245 3350 337 3421 quam
353 3331 457 3397 cibum
475 3333 649 3416 capiebant.
665 3330 717 3398 Sin
734 3329 814 3396 inira
830 3331 917 3419 (Cap.
936 3331 1001 3397 XX
1018 3353 1025 3395 :
1044 3329 1095 3408 tt)
1112 3327 1229 3395 Paulus
1245 3327 1362 3397 dieitur

177 3453 294 3530 κλασας
311 3478 400 3547 αρτον
412 3479 463 3518 και
480 3476 663 3543 γευσαμενος
676 3426 798 3542 (vulga
815 3458 968 3539 srtttwette
981 3474 1100 3539 patrem
1113 3461 1144 3517 et
1158 3448 1316 3537 quatuos),
1332 3464 1362 3520 et

177 3579 254 3671 (lap.
272 3579 401 3649 XXVII
420 3605 428 3648 r
448 3581 491 3649 55
512 3605 520 3648 ε
539 3603 591 3644 και
615 3576 733 3653 clauae
757 3579 845 3662 (scil.
869 3579 970 3670 αρτον)
994 3575 1103 3670 ηρξατο
1128 3580 1234 3644 euerso
1251 3579 1359 3669 (Vulg.

178 3714 294 3771 etcum
309 3707 473 3790 suspirant,
491 3707 593 3789 coepit
607 3706 828 3792 munducare).

220 3831 277 3897 tr.
303 3830 517 3896 collaudantes
545 3829 672 3910 Beona).
696 3830 802 3914 Quum
829 3826 960 3896 addatur
987 3841 1017 3896 et
1043 3832 1191 3896 docentes
1218 3832 1360 3914 qratiam

176 3954 218 4018 od
233 3973 355 4020 omnem
369 3954 506 4038 piebem,
532 3951 609 4020 ittud
631 3954 843 4019 collaudantes
864 3953 967 4017 Deum
990 3973 1050 4020 uou
1074 3953 1295 4022 coarctandum
1314 3953 1360 4019 vi-

176 4074 265 4143 detur
281 4075 320 4143 ud
336 4096 446 4166 preces
463 4086 532 4143 aute
551 4086 581 4142 et
597 4086 667 4165 post
690 4095 828 4142 mensam
845 4073 959 4157 tactas,
975 4076 1031 4143 sed
1050 4077 1256 4145 universalius
1273 4076 1362 4143 intel-

176 4197 351 4287 ligendum,
370 4199 457 4290 quasi
482 4200 582 4267 Lucas
608 4199 752 4266 diceret:
772 4198 831 4266 Dei
855 4198 962 4267 laudes
987 4201 1200 4269 indesinenter
1223 4200 1362 4268 celebra·

177 4325 261 4394 baut.
290 4327 444 4411 Gnatique
468 4335 562 4391 orarit
578 4327 665 4391 omni
683 4328 799 4409 populo
816 4325 878 4408 (και
895 4346 1011 4411 εχοντες
1027 4349 1118 4415 χαριν
1135 4349 1208 4416 προς
1225 4322 1294 4389 dion
1310 4348 1361 4390 τον

174 4445 271 4532 inor),
289 4448 409 4518 ciuibus
435 4448 746 4536 Hierosolymitauis,
761 4461 833 4539 puta
851 4448 891 4517 ob
908 4470 1020 4518 eorum
1038 4471 1112 4539 erga
1135 4452 1237 4518 Deum
1262 4451 1361 4539 pieta-
