3074 5054
175 382 219 448 ta
516 375 650 443 ACTUS
686 373 1025 453 apostoloruum,

175 569 209 638 S.
228 568 391 658 Scriptura
407 566 445 634 de
461 564 575 633 divinis
591 563 676 654 loqui
694 564 772 632 solet
792 563 885 631 mode
908 563 1056 631 humano.
1074 565 1169 653 Atqui
1187 562 1357 644 Hebraeis,

175 713 310 783 quorum
327 689 582 761 consuetudinem
598 707 705 755 sacrae
729 688 848 755 litterae
872 699 1015 777 spectare
1039 687 1157 770 solent,
1176 687 1360 756 honoratior

176 801 265 886 loeus
282 827 348 882 erat
363 814 402 882 ad
418 813 596 893 dexteram,
623 822 675 890 ut,
693 811 719 878 si
742 812 791 878 eui
815 813 884 878 Rex
907 812 1042 901 primum
1068 824 1138 901 post
1158 832 1191 879 se
1207 811 1358 880 honorem

174 942 267 1011 uellet
294 938 427 1016 delerri,
457 937 542 1005 hunc
568 937 607 1004 ad
636 937 794 1004 dexteram
822 937 892 1003 solii
920 937 968 1004 sui
1003 936 1112 1003 sedere
1140 936 1272 1004 iuberet.
1303 939 1354 1005 Cl.

177 1069 197 1135 5
214 1067 293 1152 Reg.
312 1065 342 1128 ll
359 1088 367 1130 ι
386 1065 439 1130 te.
459 1063 566 1152 ltaque
581 1063 798 1146 metaphorice
814 1060 929 1128 locutio
945 1062 1029 1126 sedet
1044 1063 1085 1126 od
1096 1063 1258 1127 dexteram
1274 1063 1356 1146 Dei,

176 1191 303 1283 proprie
331 1189 411 1256 valet
438 1209 447 1251 ε
478 1189 546 1254 Deo
576 1188 735 1277 proximus
765 1197 812 1254 est
839 1185 976 1263 honore,
1005 1185 1179 1273 ceterisque
1206 1187 1358 1254 creaturis

178 1315 427 1405 quibuscumque
448 1311 616 1401 praelatus.
634 1312 734 1399 Ergo,
754 1321 787 1377 ut
807 1311 885 1377 Estii
911 1309 1015 1376 verbis
1036 1320 1160 1377 utamur
1175 1307 1222 1397 (in
1240 1311 1300 1399 Ep.
1320 1311 1359 1379 ad

179 1439 278 1506 Hebr.
303 1437 342 1505 ad
366 1439 442 1527 Cap.
463 1439 475 1503 l
497 1463 505 1504 ε
525 1436 578 1526 5),
604 1457 661 1526 per
685 1436 746 1504 hoe
769 1436 853 1526 quud
877 1435 1019 1503 Christus
1047 1435 1160 1503 dieitur
1186 1439 1294 1502 sedere
1318 1440 1360 1502 od

180 1567 344 1630 desererem
368 1564 448 1641 Dei,
463 1581 524 1627 non
549 1558 741 1649 significatur
758 1581 828 1627 eum
845 1581 913 1627 esse
928 1562 997 1629 Deo
1014 1561 1098 1627 Patri
1115 1560 1287 1649 aequalem.
1306 1561 1360 1628 Sic

179 1687 261 1754 enim
283 1697 313 1754 et
333 1688 425 1753 Pater
447 1684 486 1752 ad
507 1685 664 1752 dexteram
689 1684 761 1751 Filii
785 1684 925 1765 sederet,
950 1695 979 1751 et
1002 1685 1136 1773 Spiritus
1163 1684 1293 1752 Sanctus
1320 1684 1359 1751 ad

180 1814 338 1882 dexteram
354 1811 536 1899 utriusque;
555 1811 618 1877 imo
634 1810 680 1877 sic
697 1809 795 1877 Filius
812 1809 850 1878 ab
866 1820 991 1876 aeterno
1008 1808 1130 1876 sederet
1145 1808 1183 1876 ad
1200 1807 1358 1878 dexteram

180 1937 299 2018 Patris;
320 1955 398 2026 quae
416 1935 519 2003 omnia
534 1946 606 2003 sunt
621 1945 744 2023 praeter
759 1954 885 2001 sensum
906 1934 1104 2023 Scripturae‚
1123 1945 1153 2000 et
1167 1953 1185 2000 a
1201 1934 1358 2020 Symbolis

179 2061 250 2129 fidei
267 2059 356 2127 nobis
378 2059 417 2126 ab
440 2057 580 2126 Ecclesia
603 2057 722 2125 traditis
745 2057 915 2125 dissonant.
943 2060 984 2124 At
1002 2077 1103 2146 neque
1125 2055 1292 2144 significari
1310 2059 1357 2123 vi-

181 2185 270 2252 detur
286 2181 457 2271 assumptio
474 2191 600 2248 naturae
624 2181 775 2248 humanae
792 2181 823 2246 in
840 2179 1032 2270 hypostasim
1050 2178 1200 2260 divinam3
1227 2179 1259 2247 id
1274 2182 1358 2248 enim

178 2309 293 2378 lactum
321 2320 384 2391 est,
414 2307 536 2397 quando
564 2309 740 2376 incarnatus
768 2319 813 2375 est
836 2307 997 2388 Christus,
1028 2328 1088 2374 non
1110 2319 1273 2396 postquam
1301 2308 1364 2376 au:

178 2434 299 2502 scandit
321 2435 352 2501 in
376 2434 508 2501 coelum.
535 2431 595 2501 Sed
620 2436 662 2498 ad
677 2436 841 2498 deuterum
864 2435 926 2498 Dei
948 2435 1055 2497 sedere
1075 2430 1201 2512 dicitur,
1220 2433 1359 2520 quisse-

180 2558 316 2626 cundum
337 2567 686 2646 naturam-assumptam
707 2556 830 2644 quietus
854 2556 914 2622 iam
938 2553 1075 2643 possidet
1094 2574 1247 2622 summam
1272 2554 1358 2623 illam

180 2681 357 2768 dignitatem
381 2692 410 2746 et
433 2679 562 2768 gloriam
580 2679 684 2767 regni,
704 2699 796 2767 quam
813 2678 906 2746 habet
929 2698 1023 2767 supra
1044 2698 1166 2745 omnem
1183 2690 1358 2747 ereaturam

180 2806 340 2894 proximus
368 2806 449 2872 Deo.
480 2805 549 2870 Hoc
577 2804 658 2869 enirn
687 2812 734 2869 est
760 2802 844 2891 quod
867 2805 974 2868 Patres
1007 2823 1067 2869 non
1101 2804 1202 2871 solum
1231 2804 1357 2872 Christo

180 2928 316 3008 homini,
342 2927 512 2994 sedetiam
541 2928 601 3016 ipsi
630 2937 756 2993 naturae
784 2927 851 2993 eius
879 2925 1031 2994 humanae
1056 2929 1170 3017 passim
1196 2929 1356 3012 tribuunt,

180 3051 316 3119 dieentes
339 3071 406 3118 eam
428 3050 575 3118 elevatam
598 3071 666 3117 esse
689 3037 728 3116 ati
747 3070 927 3117 consessum
953 3049 1096 3118 dexterae
1111 3052 1189 3134 Dei3
1210 3052 1357 3142 quodque

179 3179 210 3244 in
226 3176 304 3244 leste
321 3177 503 3244 Dominicae
518 3177 740 3245 Adscensiunis
757 3176 837 3243 inlra
852 3177 1015 3244 Actionem
1032 3197 1049 3243 a
1065 3178 1224 3245 sacerdote
1240 3178 1357 3246 dieitur

179 3305 209 3370 in
231 3303 307 3370 haec
323 3302 417 3370 verba
436 3329 444 3370 ε
462 3307 546 3368 diem
561 3305 768 3387 celebrantes,
788 3327 847 3389 quo
863 3306 1020 3369 Dominus
1038 3314 1154 3384 moster,
1172 3307 1357 3389 ouiqeoitus

178 3430 287 3494 Filius
305 3441 389 3508 tuus,
407 3431 531 3493 ursitum
542 3430 608 3523 ,etot
621 3431 813 3513 scopilitote's
826 3440 950 3494 nostroe
966 3429 1173 3494 substemte'om
1188 3433 1222 3494 ire
1234 3432 1357 3513 plorlue

180 3564 252 3619 tuoe
268 3556 396 3619 dextero
418 3555 589 3617 eolloeoor't.
610 3551 753 3619 Christus
776 3553 828 3641 qui
850 3551 1020 3619 secundum
1044 3563 1183 3619 naturam
1206 3572 1293 3620 suam
1310 3553 1357 3620 di-

179 3677 281 3743 vinam
305 3686 353 3742 est
373 3676 441 3743 Deo
464 3675 547 3742 Patri
571 3695 626 3763 per
650 3675 753 3743 omnia
776 3674 931 3763 aequalis,
950 3673 1052 3755 idern,
1071 3685 1222 3764 quatenus
1246 3675 1354 3758 homo,
1436 3740 1441 3749 .

180 3801 324 3888 dignitate
348 3797 503 3866 secundus
532 3809 577 3865 est
601 3819 619 3866 a
642 3800 749 3878 Patre,
768 3799 880 3866 ceteris
905 3801 1075 3881 creaturis,
1095 3810 1246 3888 quotquot
1265 3813 1354 3882 sunt,

180 3923 323 3992 omnibus
339 3923 554 4012 praestantior.

224 4051 321 4113 doreec
344 4047 692 4131 portam—secbellum,
723 4044 819 4133 etc),
850 4046 882 4113 h.
914 4067 943 4113 e.
976 4047 1075 4114 donec
1107 4048 1270 4115 subiecere
1300 4050 1356 4118 tibi

177 4191 284 4238 omnes
309 4169 503 4237 adversarios
527 4180 608 4237 tuos.
632 4170 679 4236 Cl.
708 4172 720 4237 l
743 4171 816 4237 Cor.
843 4171 905 4237 XV
925 4196 932 4237 ε
952 4173 1103 4251 att-293
1125 4173 1220 4240 Hebr.
1241 4175 1270 4239 ll
1291 4200 1299 4242 :
1320 4177 1353 4241 8.

178 4295 307 4361 Locutio
324 4293 415 4362 ducta
432 4305 478 4361 est
499 4314 538 4360 ex
554 4314 640 4361 more
662 4294 797 4362 hostium
821 4295 1012 4364 devictorum
1038 4298 1116 4364 colla
1139 4298 1269 4387 pedibus
1293 4300 1356 4366 eal-

178 4417 280 4485 caadi.
307 4417 355 4485 Cl.
379 4420 443 4485 los.
462 4419 493 4485 X
518 4444 525 4485 :
549 4421 610 4500 243
630 4422 650 4486 5
668 4419 744 4508 aeg.
772 4421 829 4489 V:
851 4423 888 4502 53
909 4423 961 4487 Ps.
987 4423 1113 4491 XXVll
1132 4443 1140 4484 ε
1160 4425 1214 4505 59;
1236 4425 1353 4506 lsaiae,
