3074 5054
479 381 618 449 CAPUT
653 383 719 463 lli,
756 381 878 450 Vnae.
907 383 938 449 1.
1249 381 1288 447 at

112 581 193 652 mm,
215 569 418 658 integritatem
444 572 540 652 vitae,
560 571 760 653 modestiam,
780 582 810 638 11
830 570 1018 659 singularem
1044 569 1207 659 qnamdam
1225 589 1292 637 mo·

112 715 184 761 rum
211 694 409 777 suavitatem,
440 715 501 784 qua
528 697 642 764 novelli
670 695 838 763 Christiani
867 716 939 784 erga
968 694 1113 763 concives
1140 713 1214 761 suos
1241 693 1290 760 usi

115 814 243 882 luerint.

158 940 314 1006 Dominus
336 949 443 1005 autent
457 933 507 1018 (de
524 937 576 1006 hic
592 938 816 1006 continuandae
837 940 968 1007 orationi
984 922 1130 1021 inservit)
1149 941 1292 1026 quotidie

111 1063 259 1146 nocebat,
277 1042 398 1129 Graece
417 1087 425 1129 a
443 1063 621 1154 προσετιθει,
639 1063 788 1142 addebat,
807 1062 878 1130 scil.
896 1063 1052 1130 Ecclesiae
1067 1063 1098 1129 in
1116 1062 1166 1130 die
1181 1065 1293 1130 Pente·

112 1197 216 1254 costes
239 1185 403 1269 collectae,
429 1211 497 1261 τους
524 1190 729 1273 anteponat,
759 1191 816 1273 qni
837 1190 917 1254 solvi
943 1189 1060 1272 fieboot
1087 1189 1151 1277 (qni
1175 1208 1210 1255 se
1225 1207 1295 1255 sau·

112 1312 243 1399 renent),
273 1330 385 1401 nempe
411 1310 516 1378 divino
547 1310 642 1379 adiuti
671 1311 787 1378 anxilio
811 1332 828 1378 a
850 1312 1010 1401 synagoga
1040 1312 1238 1393 recedenteS,
1264 1323 1295 1381 ct

111 1434 237 1503 Christo
261 1455 373 1503 nomen
392 1435 511 1504 dantes.
530 1437 672 1526 Apostoli
697 1436 934 1525 praedicabant,
954 1437 1011 1505 sed
1025 1437 1180 1505 Dominus
1199 1438 1293 1503 adde-

110 1558 283 1646 bat,'‚quia
310 1580 408 1644 oeque
435 1562 491 1645 qui
508 1562 636 1643 plantat
664 1572 710 1626 cst
735 1562 875 1646 aliquid,
900 1582 999 1645 neque
1027 1564 1083 1646 qui
1108 1562 1210 1643 niqui,
1239 1560 1293 1624 aed

110 1687 168 1769 qni
188 1688 418 1752 incrementum
441 1688 498 1752 dat
519 1686 616 1751 Deua.
643 1686 657 1750 l
682 1686 755 1751 Cor.
784 1685 830 1752 lll
858 1710 866 1751 ε
893 1687 926 1752 7.

159 1813 195 1876 io
211 1809 366 1900 idipsum)
381 1812 502 1879 Graece
521 1839 528 1876 ε
548 1833 595 1875 erro
612 1835 644 1874 το
662 1834 749 1874 auro.
771 1810 833 1879 Sed
848 1810 886 1878 ab
904 1810 953 1879 his
976 1811 1106 1879 vocibus
1128 1813 1159 1878 in
1182 1812 1294 1901 pleris-

111 1954 175 2022 que
191 1933 358 2003 Codioibus
375 1937 475 2024 Caput
491 1936 614 2003 tertium
639 1933 815 2016 inchoatur,
836 1945 866 2002 et
887 1937 961 2024 quin
984 1937 1025 2004 ita
1045 1936 1208 2024 legendum
1233 1938 1291 2017 sit,

112 2068 238 2124 nonest
256 2079 313 2124 cur
335 2057 526 2128 dubitemus

461 2477 636 2552 CAPUT
688 2480 954 2555 TERTIUM.

112 2742 308 2794 Ancnunurnu.
323 2741 460 2795 Hominem
470 2757 485 2795 a
495 2744 632 2797 nativitate
641 2744 815 2809 claudum,ad
825 2749 927 2812 portam
936 2746 1035 2813 Templi
1047 2746 1191 2810 sedentem,
1200 2745 1293 2797 Petrus

147 2827 251 2878 sanitati
263 2826 391 2888 restituit,
402 2840 439 2878 vs.
453 2828 529 2876 t-tt
544 2843 550 2889 ;
565 2830 592 2879 et
603 2828 731 2895 populum
742 2842 772 2881 eo
786 2829 909 2881 miraculo
927 2829 1069 2881 attonitum
1086 2828 1191 2890 edocet,
1213 2817 1294 2879 sana?-

148 2910 245 2960 tionem
263 2909 335 2961 illam
358 2922 411 2961 non
432 2909 481 2960 sibi
499 2910 667 2962 tribuendam
687 2924 760 2972 esse,
777 2911 822 2962 sed
843 2913 899 2963 lesu
921 2911 1073 2973 Nazareno,
1093 2924 1173 2976 quem
1191 2910 1260 2961 Deus
1279 2921 1295 2960 a

148 2993 255 3044 mortuis
273 2994 427 3045 revocasset.
448 2992 642 3045 Cbristicidium
662 2994 712 3044 illis
733 2993 890 3059 exprobrat,
911 3007 1007 3060 eosque
1023 2992 1173 3046 cohortatur
1189 2991 1222 3043 ad
1234 3005 1296 3058 poc·

148 3073 301 3138 nitentium,
315 3078 383 3127 11111
396 3075 424 3126 in
438 3088 550 3141 persona
570 3075 627 3127 lesu
650 3079 793 3141 agnoscant
811 3077 968 3142 promissum
987 3075 1121 3139 Messinm,
1133 3089 1173 3126 us·
1186 3074 1295 3127 11-16.

163 3277 196 3344 l.
219 3278 280 3341 Επι
307 3301 341 3342 το
369 3301 442 3342 cauco
469 3289 516 3346 est
543 3277 595 3346 hic
618 3302 700 3360 una,
724 3282 839 3360 timul,
858 3289 892 3346 ul
918 3279 1017 3369 (apud
1043 3277 1148 3365 LXX)
1171 3281 1191 3346 2
1214 3279 1292 3366 Reg.

114 3400 254 3481 11:14,
279 3399 332 3468 uhi
358 3424 404 3464 επι
425 3425 458 3465 το
482 3425 554 3465 coro
578 3403 745 3491 respondet
768 3401 924 3470 Hebraico
943 3416 1037 3488 uraha.
1060 3401 1178 3470 Eodem
1201 3400 1294 3469 modo

114 3523 238 3593 Flavius
260 3523 418 3614 Josephus
438 3526 583 3617 (Antiqq.
609 3527 688 3596 XVI
713 3553 721 3594 :
748 3528 787 3605 8,
813 3527 846 3612 6)
872 3526 909 3593 11
937 3525 1061 3593 Herode
1084 3535 1114 3591 11
1137 3523 1293 3592 Archelao

114 3648 241 3738 scripsit
260 3674 268 3716 :
287 3672 334 3712 επι
354 3673 388 3714 το
410 3674 483 3713 caro
506 3648 678 3742 παρηλθον,
697 3653 763 3717 tttttl
785 3653 923 3736 profecti
946 3660 1032 3715 sunl.
1057 3648 1199 3717 Verbum
1220 3672 1295 3713 ανα-

114 3751 229 3858 ’βαινειν
253 3772 369 3863 (Hebr.
388 3767 478 3859 aba),
496 3776 700 3857 adscendere,
718 3772 869 3840 Hebraeis
886 3773 1013 3839 solenne
1031 3782 1096 3839 erat
1115 3770 1154 3839 de
1177 3772 1215 3840 iis
1239 3773 1295 3862 qui

113 3914 154 3961 ex
173 3893 370 3986 depressiore
393 3889 519 3984 regione
539 3897 570 3962 in
596 3896 759 3964 editiorem
783 3895 966 3984 pergebant,
990 3915 1022 3961 r.
1041 3914 1072 3982 g.
1094 3915 1132 3961 ex
1153 3896 1294 3985 Aegypto

145 4270 165 4336 ¹)
183 4269 236 4320 Iam
247 4266 316 4320 Beda
329 4265 488 4332 (Retractin
499 4264 571 4316 hunc
583 4261 678 4328 locum)
725 4261 787 4313 tidie
809 4262 946 4314 Ecclesiae.
968 4281 981 4308 o
999 4263 1037 4314 hc
1057 4262 1168 4326 deinde,
1191 4263 1292 4329 inquit,

111 4351 227 4415 monuit,
239 4351 268 4401 in
280 4348 376 4401 Graeco
388 4349 424 4399 ita
436 4347 487 4412 legi
504 4361 511 4398 :
524 4366 537 4392 α
552 4345 679 4397 Dominus
724 4345 805 4398 altera
825 4348 941 4399 narratio
960 4347 996 4398 ita
1009 4347 1121 4411 incipit:
1136 4347 1164 4397 ln
1177 4346 1292 4413 idipsum

111 4437 199 4486 antem
220 4432 333 4498 angebat
355 4432 401 4498 qni
420 4430 485 4482 salui
506 4429 601 4482 fierent
614 4442 679 4494 qno·
724 4432 812 4480 autem
830 4429 922 4481 Petrus
939 4433 966 4481 et
981 4430 1103 4494 loannes,
1117 4432 1166 4482 etc.

1155 4531 1172 4588 6
