3074 5054
175 383 240 450 310
537 380 671 449 ACTUS
710 376 1041 461 APOSTOLORUM‚

173 570 225 637 vix
241 570 375 638 triennio
400 580 574 658 regnasset,
593 572 761 637 Caesareae
783 569 873 638 foedo
895 571 1004 639 morho
1026 570 1174 637 divinitus
1191 589 1362 658 percussus

175 694 292 762 interiit
311 694 387 782 (rid.
406 696 478 763 Act.
496 697 558 783 Ap.
578 696 655 783 Cap.
674 695 737 761 Xll
758 718 765 759 :
785 692 852 772 25).
876 694 990 762 Filium
1007 694 1060 761 hic
1077 694 1203 782 reliquit
1219 680 1361 760 eiusdem

175 817 329 897 nominis,
356 818 408 905 qui
432 828 503 884 uta
526 828 613 906 patre
638 837 694 885 suo
721 817 939 906 distinguatur,
964 818 1141 884 nominatur
1163 817 1302 905 Agrippa
1331 818 1361 883 ll

175 944 241 1006 sive
262 943 381 1006 minor.
407 940 467 1007 llio
490 940 628 1029 Agrippa
648 943 678 1007 ll
698 941 751 1007 ille
774 949 833 1020 est,
859 939 898 1007 de
914 940 976 1028 quo
993 940 1093 1026 agitur
1109 941 1179 1006 Act.
1198 940 1261 1027 Ap.
1281 940 1359 1028 Cap.

176 1066 271 1134 XXV
288 1076 318 1133 et
332 1065 456 1134 XXVl.
476 1064 704 1153 Septemdecim
720 1084 817 1131 annos
833 1074 923 1131 natus
945 1064 972 1130 is
997 1074 1080 1144 erat,
1101 1048 1172 1131 cuni
1189 1072 1277 1152 pater
1293 1063 1363 1130 eius

176 1200 362 1257 moreretur.
394 1188 541 1255 Claudius
570 1208 643 1275 ergo
672 1208 744 1256 curn
769 1187 844 1255 huic
872 1187 1060 1255 adolescenti
1089 1197 1206 1254 tantum
1232 1206 1363 1274 regnum

177 1313 369 1380 committere
392 1311 499 1391 nollet,
518 1312 611 1400 patri,
629 1320 664 1378 ut
680 1320 764 1378 notat
780 1312 966 1379 Kuinoelius
983 1312 1036 1402 (ad
1053 1314 1122 1379 Act.
1141 1312 1238 1379 XXV
1258 1336 1265 1378 :
1289 1311 1361 1399 15),

178 1434 209 1500 in
227 1453 321 1520 reguo
338 1431 451 1499 ludeae
468 1451 632 1499 successor
648 1452 710 1498 non
734 1443 781 1500 est
801 1432 908 1512 datuS,
928 1434 982 1501 sed
1005 1435 1140 1523 Cuspius
1161 1433 1265 1502 Padus
1282 1436 1363 1501 Prc-

178 1567 303 1625 curator
325 1555 356 1620 in
383 1553 528 1621 iudaeam
556 1555 670 1622 missus
692 1564 739 1621 est
755 1555 855 1642 (Flav.
876 1556 1002 1646 loseph.
1022 1558 1151 1646 Antiqq,
1170 1557 1242 1625 Lib.
1260 1559 1361 1638 XlX,

178 1683 255 1769 Cap.
282 1680 354 1765 ΙΧ).
385 1677 523 1766 Agrippa
550 1688 671 1758 autern,
697 1684 806 1746 octavo
834 1679 955 1747 Claudii
979 1701 1079 1762 anno,
1110 1681 1148 1748 ah
1176 1701 1213 1748 eo
1241 1682 1364 1770 accepit

177 1800 376 1871 tetrarchiam
392 1799 611 1867 Chalcidenam
623 1852 631 1882 ,
644 1813 768 1870 mortuo
786 1803 922 1882 llerode,
937 1803 1095 1871 Chalcidis
1111 1804 1258 1891 Syriacae
1274 1824 1362 1891 rege,

179 1939 288 2019 patruo
312 1946 386 2008 suo;
417 1927 468 1993 cui
492 1927 676 1994 tetrarchiae
701 1948 772 1995 cum
797 1949 853 2017 per
875 1940 1003 2018 quatuor
1031 1928 1217 2019 praefuisset
1243 1948 1361 2010 annos,

180 2050 359 2120 Chalcidem
385 2051 413 2117 ei
438 2050 586 2118 Claudius
609 2052 753 2132 abstulit,
780 2074 915 2142 eumque
938 2053 1123 2134 tetrarchia,
1149 2053 1363 2141 quamprimo

178 2175 358 2266 Philippus,
376 2185 406 2242 et
420 2185 491 2264 post
502 2176 659 2264 Agrippae
675 2179 689 2244 l
706 2189 836 2246 mortem
848 2181 1038 2247 Procurator
1050 2181 1208 2247 Romanus
1224 2178 1360 2267 imperio

182 2309 338 2375 tenuerat,
358 2299 509 2374 Batanea‚
534 2299 735 2379 Auranitide,
759 2300 1001 2382 Trachonitide,
1027 2313 1056 2367 et
1080 2302 1230 2389 Lysaniae
1251 2310 1363 2366 tetrar-

183 2421 253 2490 chia
270 2412 360 2511 (Lu'c.
387 2423 456 2488 lll:
477 2424 507 2507 l)
524 2421 660 2488 donavit.
678 2423 743 2489 Diu
759 2423 912 2512 superfuit
932 2423 984 2490 hic
1000 2424 1136 2512 Agrippa
1157 2424 1187 2489 ll
1211 2423 1364 2489 Hieroso-

181 2551 337 2636 lymorum
358 2547 499 2628 excidio,
525 2567 619 2647 regno
643 2548 809 2628 incolumi,
835 2558 865 2614 et
885 2547 1003 2636 aliquot
1031 2547 1157 2615 urbium
1181 2547 1364 2614 accessione

183 2674 367 2763 Vespasiani
392 2671 543 2742 beneficio
567 2671 724 2759 ampliato.

224 2800 313 2863 misit
343 2797 482 2862 Herodes¹
508 2816 567 2860 rene
589 2816 721 2879 neonus,
752 2806 789 2861 ut
812 2795 989 2879 affligeret,
1015 2797 1102 2879 etc).
1130 2797 1205 2862 Erat
1232 2795 1302 2876 hic,
1327 2807 1364 2863 ut

156 2909 158 2914 ’
180 2921 331 3001 diximuS,
347 2919 488 2987 Herodes
504 2919 642 3007 Agrippa
665 2920 678 2984 l
703 2919 768 2986 sive
791 2923 909 2985 motor.
925 2920 956 2985 ls
973 2919 1061 2986 titulo
1085 2921 1184 3004 Recio
1201 2919 1240 2986 ab
1256 2921 1363 3009 lmpe-

181 3058 282 3114 ratore
306 3045 444 3132 Caligula
459 3044 622 3111 decoratus
638 3042 755 3123 fuerat,
774 3054 804 3109 et
820 3063 881 3132 quo
902 3053 1041 3132 tempore
1065 3043 1261 3123 acciderunt,
1281 3064 1363 3132 quae

181 3169 234 3237 hic
256 3178 433 3248 narrantur,
458 3168 489 3234 in
513 3187 569 3234 sua
593 3166 710 3233 ditione
733 3166 856 3234 tenebat
882 3167 1088 3234 Palaestinam
1108 3167 1298 3234 universam.
1317 3208 1364 3220 -

183 3295 313 3363 Locutio
337 3289 462 3378 επεβαλε
485 3316 540 3366 τας
560 3315 661 3383 χειρας
676 3290 787 3380 (Vulg.
806 3295 896 3358 misit
915 3297 1057 3379 monus),
1083 3303 1231 3380 sequente
1253 3293 1364 3359 lnfini-

182 3418 264 3497 tivo,
282 3416 425 3504 nuspiam
442 3414 532 3495 alibi,
551 3415 634 3503 quod
650 3415 763 3494 sciam,
782 3400 937 3495 occurrit3
957 3435 1024 3482 eam
1041 3415 1168 3482 forsitan
1186 3416 1261 3482 satis
1276 3427 1364 3484 recte

182 3538 307 3626 Belgice
334 3539 377 3604 ita
404 3535 576 3604 reddideris
600 3563 608 3604 :
630 3541 676 3619 hrj
695 3542 778 3623 sloep
802 3541 840 3604 de
866 3542 993 3605 handen
1017 3561 1080 3604 corr
1107 3544 1158 3605 leet
1181 3543 1286 3623 were,
1311 3561 1365 3607 om

181 3664 293 3728 hroood
316 3673 343 3728 te
365 3664 445 3728 doen
470 3669 620 3752 (κακωσαι
642 3663 817 3731 Infinitivus
840 3662 930 3750 finis)
955 3633 1206 3750 oenhommipcn
1222 3687 1284 3731 onio
1301 3668 1366 3731 here

183 3791 250 3865 die,
270 3796 330 3853 etc.
354 3786 393 3850 Oi
416 3811 476 3850 απο
492 3811 543 3862 της
566 3785 726 3862 conlucrare
742 3790 844 3856 Lucae
860 3800 949 3868 sunt,
968 3791 1021 3857 uti'
1038 3801 1136 3880 patet,
1162 3790 1256 3870 tales,
1283 3811 1366 3880 quos

181 3911 254 3978 alibi
276 3928 388 3977 vocare
411 3910 489 3977 solet
513 3911 667 3996 μαθητας,
693 3914 863 3997 discipulos
870 3961 880 3994 ,
907 3913 977 3980 scil.
1005 3913 1133 3980 Christi.
1153 3915 1275 3979 -Pro
1302 3935 1366 3976 απο

182 4038 283 4105 Lucas
299 4055 392 4124 supra
412 4035 502 4124 (Cap.
529 4037 599 4105 Vl:
618 4037 651 4119 9)
675 4037 706 4102 in
729 4037 823 4105 simili
851 4035 957 4126 phrasi
980 4038 1108 4127 scripsit
1128 4061 1172 4104 εκ.
1199 4037 1313 4106 Graeci
1331 4038 1366 4104 in

181 4159 294 4228 talibus
321 4159 438 4226 nudum
467 4159 645 4228 Genitivum
671 4160 822 4228 'adhihere
849 4161 960 4229 solent.

223 4406 323 4473 2—5.
357 4406 480 4472 Occidit
504 4415 609 4504 nutem
637 4406 786 4472 lecchum
812 4403 947 4493 pirodio).
974 4407 1093 4475 Graece
1123 4431 1266 4500 μαχαιρᾳ
1295 4409 1367 4479 sine
