3074 5054
464 370 602 438 CAPUT
637 368 784 451 XXVH,
823 367 944 439 VERS.
983 367 1084 433 a-t.
1295 362 1359 428 569

177 563 268 651 intret
285 574 320 630 ut
335 561 534 652 ανηχθημεν).
554 564 594 630 Et
611 561 674 653 (ae)
693 562 790 629 lulius
808 559 948 628 centurio
965 557 1068 623 Panlo
1084 555 1269 620 humaniter
1284 571 1360 617 rasas

176 684 406 779 (φιλανθρωπως
427 711 471 773 τῳ
490 684 608 774 Παυλῳ
628 688 845 776 χρησαμενος),
869 682 969 751 eidem
993 679 1146 770 permisit,
1163 687 1198 743 ut
1213 671 1359 743 Sidonios

176 830 250 878 suos
272 810 390 878 amieos
410 809 508 878 adiret
529 794 700 900 eorumque
722 830 796 877 aura
819 792 1048 875 lrueretun—
1065 801 1220 871 Videlicet
1243 794 1359 865 Paulas

176 933 296 1002 custodi
313 953 370 1001 suo
385 935 464 1002 lulio
481 934 714 1024 significaverit,
729 931 917 1002 commorari
935 930 1050 999 Sidone
1066 924 1232 995 nonnullos
1248 919 1356 989 Chris-

178 1057 291 1127 tianos.

220 1176 395 1245 Enassntretr
418 1182 515 1270 πλοιῳ
532 1204 603 1251 oum
626 1184 737 1251 Datlvo
755 1185 867 1262 loculi,
885 1190 919 1247 ul
938 1179 1014 1266 Cap.
1034 1175 1128 1243 XXV
1149 1197 1157 1240 ε
1179 1173 1209 1238 l.
1233 1164 1359 1237 VldtSlS

176 1323 255 1392 qnae
278 1304 317 1371 ad
340 1326 409 1373 eum
439 1307 541 1374 loourn
566 1307 752 1374 notavimus.
771 1343 814 1354 -
839 1305 1087 1386 Adramytteum
1112 1289 1355 1385 (Αδραμυττῑον,

177 1424 418 1518 Αδραμυττειον)
447 1430 522 1498 urbs
550 1441 615 1497 erat
642 1431 762 1516 Mysiae
790 1428 955 1496 maritima.
988 1423 1066 1494 Vide
1094 1418 1219 1488 Cellarii
1250 1416 1352 1483 Natit.

176 1553 261 1616 orbis
288 1557 413 1638 antiqui
437 1554 508 1621 Lib.
536 1554 599 1636 lli,
628 1555 705 1642 Cap.
732 1553 792 1633 lli,
816 1552 899 1620 saar.
932 1553 964 1632 l,
993 1547 1118 1616 XXlll.
1143 1543 1380 1609 Adrnrnetnnr

176 1685 295 1756 autern,
314 1675 397 1766 quod
418 1679 536 1745 Auctor
554 1678 705 1766 vulgatae
728 1675 788 1744 hoo
808 1676 877 1744 loeo
894 1675 999 1754 habet,
1023 1670 1147 1739 Atridae
1169 1664 1245 1733 urbs
1262 1663 1357 1731 anari-

178 1799 250 1865 timn
273 1812 357 1881 erat,
387 1803 566 1888 Byzacenee
590 1802 768 1891 prouinciae
796 1798 991 1888 Metropolis.
1023 1794 1104 1866 Vide
1132 1789 1246 1859 Cellar.
1277 1783 1356 1853 ibid.

177 1921 247 1989 Lib·
267 1924 325 2004 lV,
350 1926 426 2015 Cap.
448 1927 504 2005 IV,
528 1927 611 1995 Seet.
632 1929 665 2009 l,
683 1928 741 2006 Vl.
769 1919 1111 2009 Adrantyttenottsive
1136 1910 1358 1997 Adrumetina)

176 2051 267 2114 neate
289 2048 415 2130 dieitur,
440 2052 513 2139 qaia
530 2051 644 2119 ibidem
665 2064 717 2121 ant
733 2051 833 2118 luerat
848 2057 1042 2127 constructa,
1060 2055 1112 2113 aut
1128 2041 1200 2110 inde
1217 2047 1355 2106 venerat.

177 2169 259 2239 Vide
276 2171 414 2240 walahii
436 2175 565 2261 antiqq.
591 2177 723 2243 Nuntio.
744 2193 813 2264 pag.
837 2177 870 2242 5.
889 2175 922 2240 i.

222 2289 316 2356 Hiar
339 2299 546 2364 communiter
573 2298 699 2386 quidem
728 2299 807 2365 solet
834 2299 1034 2364 intransitive
1062 2290 1256 2381 significare,
1281 2305 1358 2352 non·

177 2436 346 2505 numquam
374 2430 475 2487 tamen
500 2432 530 2489 et
554 2426 720 2489 transitive
746 2422 918 2490 adhibitum
947 2418 1096 2488 onoarrit.
1127 2413 1245 2482 Eodem
1264 2405 1357 2476 modo

178 2541 270 2608 etiarn
299 2545 399 2610 Latini
427 2547 567 2615 Verbum
592 2552 744 2632 naeinare
769 2566 1003 2636 nonnumquam
1027 2541 1236 2610 adhibuerunt
1263 2530 1359 2620 signi·

178 2663 321 2733 ficatione
345 2671 538 2750 transition-
561 2672 607 2738 sio
628 2673 795 2749 Suetonius
818 2671 865 2756 (in
883 2671 944 2738 vita
959 2666 1080 2736 Claudii
1097 2665 1174 2752 Cap.
1194 2659 1228 2746 1)
1252 2657 1357 2727 dixit:

179 2789 340 2857 Oceanum
362 2797 640 2878 septentrionalem
661 2800 785 2881 primns
803 2798 1022 2862 ltaneonornnr
1045 2793 1159 2855 dnonrn
1182 2783 1356 2866 noviqaoit.

177 2917 255 2983 Cum
279 2920 382 2988 verbis
404 2921 725 3010 alternantque,
753 2925 910 2992 transitivo
933 2915 1197 3010 significantibus
1219 2906 1354 2978 conierri

178 3050 279 3127 potest
312 3043 502 3113 Nostratium
538 3049 683 3118 beveren.
720 3051 822 3139 Atque
854 3048 934 3115 bano
962 3045 1118 3112 notionem
1147 3037 1241 3104 verbo
1270 3029 1355 3097 nien

178 3162 239 3231 boo
265 3164 333 3234 looo
361 3170 555 3240 tribuendam
584 3195 652 3242 esse
679 3175 863 3264 putaverim.
890 3209 934 3221 -
961 3168 1080 3256 Quodsi
1110 3185 1166 3255 pro
1197 3157 1355 3248 μελλοντες

178 3292 275 3360 nentis
298 3294 399 3382 legere
424 3295 564 3382 notiora
584 3297 664 3387 (vid.
684 3300 758 3366 Ver.
781 3298 882 3383 leot),
906 3292 1087 3363 vertendum
1105 3289 1146 3356 sit
1167 3312 1175 3354 :
1196 3301 1292 3372 quum
1311 3280 1357 3346 in-

178 3418 407 3488 scendissenrus
423 3441 532 3488 nerem
549 3422 727 3511 quamdam,
743 3422 810 3489 lona
826 3421 918 3489 Asiae
935 3418 1077 3487 littoralia
1090 3419 1262 3484 obituram.
1282 3416 1358 3481 Pos·

179 3544 274 3611 terior
298 3543 375 3611 baec
391 3544 483 3612 lectio
508 3566 632 3613 sonsum
658 3528 786 3634 praebet
814 3546 903 3632 longe
927 3543 1098 3610 laelliorem
1127 3541 1297 3607 intellectu.
1315 3578 1360 3590 ·-

178 3669 289 3737 Fuisse
311 3669 433 3737 videtur
452 3669 528 3738 illud
551 3670 706 3756 navigium
728 3671 815 3736 navis
832 3668 982 3760 quaedam
999 3667 1158 3745 oneraria,
1180 3685 1259 3755 quae
1275 3684 1360 3732 oom-

178 3794 287 3860 mereii
310 3814 421 3873 eausa,
445 3795 546 3861 varios
566 3795 659 3862 Asiae
678 3795 820 3863 littoralis
836 3794 930 3862 urbes
942 3792 1052 3861 adiret.
1071 3827 1115 3842 -
1131 3791 1357 3882 Kouriannon,

178 3922 229 3985 nti
239 3921 365 4004 atiquo,
381 3917 433 3986 bin
449 3918 528 3985 valet
540 3931 678 3986 tractare
690 3925 840 4006 otiqnenr.
858 3923 890 3987 lu
904 3917 1243 4011 επετρεψεξπορευθεντοιί
1258 3936 1360 4001 τυχειν

177 4042 324 4130 Syntaxis
352 4043 421 4110 talis
445 4054 511 4123 est,
539 4043 640 4130 qualis
661 4057 708 4111 est
735 4044 984 4133 frequentissima
1013 4043 1064 4110 illa
1090 4044 1269 4110 Acerranttvi
1290 4061 1359 4105 can

178 4166 361 4250 infinitivo.

213 4362 231 4429 ¹)
248 4363 313 4414 Vna.
338 4376 408 4415 asar.
437 4363 486 4414 Pro
504 4347 697 4437 Επορευθεντσ.
723 4365 763 4437 est
785 4349 1008 4437 πορευθεντιξίιι
1027 4361 1107 4414 codd.
1124 4359 1167 4412 ΑΒ
1185 4362 1212 4413 et
1230 4360 1364 4412 nonnullis

178 4444 341 4498 Minnsoalis.
