3074 5054
491 414 629 482 CAPUT
664 414 706 497 V,
745 414 866 483 VERS.
904 413 1028 481 8-15,
1285 415 1359 482 ΙΙΙ

199 604 272 672 uerba
287 605 372 671 Petri
390 603 432 671 ita
451 605 693 694 interpretantur
710 615 744 671 ut
759 605 934 692 significent
952 630 960 672 z
978 607 1120 689 experiri
1140 615 1252 671 utrum
1275 607 1360 673 Deru

197 732 326 814 [scudem
353 734 498 814 ipsorum
522 733 700 815 puniturus
728 741 823 814 estet,
861 742 954 817 utque
979 733 1057 795 odeo
1083 732 1186 797 Deum
1212 733 1360 817 quodom-

196 860 271 922 uodo
295 877 481 942 provocare.
512 858 558 923 lta
585 857 713 922 Petrum
738 853 890 923 hocloco
918 855 1108 924 intellexisse
1134 854 1210 923 mihi
1239 856 1360 924 videtur

195 978 404 1048 Salmeronius.
432 981 561 1048 Locutio
579 991 700 1046 tentore
717 978 777 1046 hoc
792 1000 887 1046 sensu
903 979 1042 1047 occurrit
1057 976 1191 1048 Malach.
1211 981 1257 1046 ΙΙΙ
1277 1004 1285 1045 :
1303 983 1357 1047 15.

227 1103 304 1167 Ecce
323 1105 419 1187 pedes
434 1123 563 1185 eorum,
584 1101 675 1189 etc).
703 1103 788 1168 llaec
804 1121 876 1169 cum
892 1102 1005 1169 Petrus
1021 1100 1157 1182 diceret,
1176 1102 1301 1169 iuvenes
1316 1099 1360 1190 (ot

191 1245 313 1314 reorepor
329 1246 378 1293 vs.
398 1224 434 1314 6)
449 1245 467 1291 a
483 1224 661 1314 sepeliendo
678 1225 829 1292 Ananiam
847 1224 997 1306 reduces,
1019 1234 1089 1291 ante
1105 1223 1188 1291 iores
1205 1233 1309 1305 erant;
1328 1223 1359 1291 id

191 1348 263 1435 quod
280 1350 394 1417 Petrus
411 1360 464 1416 aut
479 1348 746 1429 animadverterit,
759 1359 813 1415 aut
828 1348 977 1416 divinitus
995 1348 1126 1415 noverit.
1146 1348 1361 1415 Denunciatur

190 1469 266 1538 hisce
280 1472 387 1540 verbis
403 1471 553 1562 Saplrirae
576 1473 736 1561 repentina
753 1491 851 1550 mors,
870 1470 1018 1538 diuinitus
1043 1470 1220 1559 infligenda.
1244 1473 1360 1541 Sensus

188 1606 228 1662 cst
244 1621 253 1663 :
271 1600 392 1663 reversi
413 1607 489 1663 suut
511 1599 566 1683 qui
588 1599 747 1662 moritum
772 1606 863 1662 tuum
883 1598 1194 1680 emolumentum
1217 1597 1276 1662 tibi
1294 1601 1361 1682 soc-

187 1723 260 1785 turi.
278 1720 328 1788 Ad
346 1741 426 1810 quae
449 1720 533 1787 Petri
557 1720 653 1787 verba
675 1720 760 1787 illico
784 1719 921 1808 collapsa
942 1719 1029 1787 humi
1053 1719 1177 1800 mulier,
1203 1721 1358 1810 exspirat,

186 1844 376 1936 ingressique
394 1849 520 1915 iuvenes
538 1858 692 1915 mortuam
709 1848 861 1926 efferunt,
881 1847 1099 1936 sepeliuntque
1114 1847 1199 1915 iuxta
1216 1849 1359 1916 maritum

184 1986 284 2035 suum.
303 1970 411 2058 anue
433 1989 468 2035 re
491 1988 580 2036 sacro
597 1967 732 2057 quodam
755 1969 867 2036 timore
891 1990 948 2036 nee
971 1990 1007 2037 en
1030 1970 1272 2057 uulgariailecti
1288 1981 1361 2039 sunt

184 2102 246 2159 tum
263 2089 372 2158 fideles
388 2112 497 2159 omnes
514 2093 570 2183 (cq'
587 2089 657 2166 ὁλην
674 2114 726 2165 την
743 2089 936 2179 εκκλησιαν),
952 2104 1016 2159 tum
1033 2093 1125 2159 etiam
1142 2092 1163 2158 ii
1180 2112 1306 2175 omnes,
1321 2091 1359 2162 ad

183 2237 261 2306 quos
277 2217 322 2283 rei
339 2217 420 2284 fama
437 2217 637 2306 perveniebat
654 2219 733 2298 (τους
749 2239 914 2292 acenceres
929 2217 1079 2306 Particip.
1100 2216 1260 2306 imperi).

225 2339 314 2424 Quae
337 2337 391 2405 hic
418 2339 500 2406 cirea
527 2340 678 2407 Ananiam
707 2350 738 2407 et
764 2339 929 2428 Saphiram
960 2352 1045 2428 gesta
1075 2352 1252 2422 narrantur,
1286 2341 1360 2408 olim

178 2461 361 2528 criminatus
378 2473 424 2529 est
439 2461 653 2550 Porphyrius3
669 2462 719 2530 cui
736 2463 855 2551 antiqui
871 2465 979 2530 Patres
996 2463 1101 2552 plures
1119 2462 1358 2553 responderunt.

177 2584 307 2652 Summa
323 2584 515 2652 refutationis
528 2589 564 2654 ed
582 2585 678 2667 redit,
698 2597 732 2654 ut
748 2587 851 2654 dicant
865 2611 873 2653 :
888 2588 1015 2653 Petrum
1032 2607 1094 2654 non
1112 2607 1148 2654 eo
1165 2607 1259 2654 sensu
1276 2586 1359 2653 occi·

175 2705 262 2774 disse
278 2707 432 2776 Ananiam
450 2718 480 2775 et
495 2707 679 2797 saphiram,
706 2729 767 2797 qun
791 2729 884 2776 sensu
904 2730 975 2776 cum
995 2709 1128 2778 dicimus
1155 2719 1294 2778 mortuns
1311 2731 1361 2777 re-

176 2851 306 2898 vocasse
333 2831 373 2898 ad
401 2832 514 2914 vitam;
544 2834 672 2900 Petrum
700 2834 865 2900 instantem
896 2845 1027 2901 mortem
1059 2833 1211 2924 Saphirac
1242 2855 1361 2902 annun-

177 2955 291 3037 tiasse,
316 2977 379 3023 non
403 2977 477 3024 vero
505 2959 605 3047 ipsam
628 2960 788 3040 intulissc3
813 2960 910 3027 luisse
931 2972 1033 3028 autem
1060 2972 1121 3029 tam
1148 2982 1256 3029 severe
1283 2962 1361 3031 duos

176 3080 256 3146 istos
275 3091 505 3168 trangressores
529 3082 676 3150 divinitus
704 3085 848 3172 punitos,
866 3082 905 3150 ad
927 3095 1078 3153 terrorem
1102 3086 1240 3153 novellae
1262 3086 1362 3154 ecele-

175 3204 261 3283 siae,
284 3216 319 3271 ut
341 3225 377 3272 eo
401 3206 544 3296 exemplo
571 3208 744 3274 sanciretur
771 3206 895 3296 publica
917 3206 1098 3297 disciplina,
1123 3221 1283 3278 crescente
1304 3229 1362 3278 nu·
1431 3184 1434 3191 ⁴

177 3346 267 3393 mero
283 3326 436 3395 fidelium.
450 3329 500 3394 De
515 3330 669 3417 praesenti
684 3330 865 3418 quaestione
880 3341 974 3418 agunt
989 3331 1022 3398 S.
1038 3332 1169 3400 Hieron.
1185 3335 1245 3422 llp.
1263 3334 1360 3403 Vlll:

176 3450 215 3518 S.
232 3453 366 3538 August.
384 3463 492 3520 contra
512 3455 770 3536 Parmenianum,
790 3455 861 3523 Lib.
881 3457 947 3538 ΙΙΙ,
965 3458 999 3524 S.
1018 3455 1133 3544 Chrys.
1152 3460 1247 3525 Hom.
1268 3460 1314 3525 ΙΙΙ
1331 3459 1362 3525 in

177 3577 267 3656 Act,
282 3588 312 3644 ct
334 3576 369 3645 S.
389 3577 528 3646 lsidorus
549 3579 719 3661 Pelusiota,
742 3579 953 3668 Epistularum
974 3579 1044 3647 Lib.
1064 3582 1096 3662 Ι,
1114 3582 1175 3670 Ep.
1203 3581 1362 3649 181.Αά-

176 3697 272 3766 datur
286 3700 490 3787 fragmentum
507 3702 617 3769 incerti
634 3703 783 3783 auctoris,
800 3703 884 3793 quod
896 3705 1034 3772 occurrit
1045 3705 1076 3771 in
1091 3705 1211 3772 Caleno
1223 3702 1363 3793 (graeca)

178 3825 303 3891 iudet.
323 3828 403 3911 Ap,
423 3837 564 3893 recenter
581 3826 663 3894 edita
678 3826 793 3895 Oxonii
810 3827 849 3895 ab
864 3831 896 3895 J.
914 3830 955 3896 Α.
973 3830 1112 3896 Cramer.
1132 3850 1201 3919 pag.
1221 3831 1278 3899 86.

230 4062 372 4130 ΙΙ-Ιὸ.
406 4062 562 4130 Particula
594 4059 627 4127 de
654 4065 862 4133 narrationem
889 4070 1067 4135 contiuuot.
1097 4069 1253 4137 Terribile
1284 4068 1361 4137 illud

183 4184 376 4273 exemplum,
406 4187 438 4253 in
466 4187 618 4254 Ananiam
646 4199 677 4254 et
703 4187 868 4276 Saphiram
897 4188 1030 4268 editum,
1062 4191 1362 4279 Hierosolymitanos

185 4308 299 4394 passim
322 4310 467 4376 affecerat
494 4331 584 4378 sacro
607 4311 740 4400 quodam
763 4312 914 4398 horrore,
932 4317 1023 4383 cuins
1043 4317 1126 4384 socia
1149 4316 1243 4384 luerit
1264 4318 1364 4384 maior

184 4449 256 4518 erga
282 4433 448 4521 Apostolos
477 4437 659 4503 reverentia.
690 4436 740 4504 Ad
764 4435 841 4505 lraec
864 4434 922 4530 (δε)
941 4460 1002 4523 per
1022 4463 1137 4508 monus
1157 4437 1273 4530 (Hehr.
1291 4439 1363 4530 qq)
1407 4429 1409 4432 ⁴
