3074 5054
190 381 231 447 l8
516 386 650 453 ACTUS
688 385 1023 468 APOSTOLORUM,

185 571 369 656 πεποιημεθα
402 570 502 661 λογον.
523 573 569 638 De
595 573 693 640 forma
715 578 820 641 neuin
840 598 1027 662 εποιησαμην
1049 576 1119 643 vide
1143 578 1200 644 Gr.
1221 599 1252 666 p.
1279 580 1358 646 268.

184 692 378 782 Theophilus
410 694 461 761 ille
490 696 632 783 quisnam
666 695 776 775 luerit,
813 696 843 763 id
876 698 1001 786 quidem
1036 700 1126 778 latet3
1156 699 1253 787 liquet
1286 704 1360 767 verb

183 840 221 885 ex
249 819 351 887 verbis
375 822 486 887 Luc.l
513 847 520 888 :
548 826 586 902 b,
605 824 645 902 4,
671 844 730 890 non
760 843 1012 912 unumquemque
1037 823 1171 916 Θεοφιλον
1200 827 1266 892 sive
1295 829 1358 892 Dei

184 953 362 1021 ornantem,
388 942 443 1010 sed
467 953 586 1010 certum
611 944 774 1031 quemdam
799 946 900 1011 virum
926 946 978 1012 hio
1001 947 1195 1034 compellari.

229 1069 266 1131 de
283 1069 427 1134 omuibus
450 1090 529 1153 praue
553 1072 653 1152 coepit
668 1070 760 1135 Iesus
776 1073 881 1155 [acere
897 1081 928 1134 et
943 1070 1079 1158 docere).
1107 1070 1238 1158 Scripsit
1259 1072 1360 1138 Lucas

182 1211 249 1278 περι
272 1211 392 1252 παντων
415 1181 455 1253 ὧν
479 1210 536 1277 pro
558 1190 590 1257 ἁ.
608 1189 690 1258 Vide
714 1192 771 1259 Gr.
800 1211 869 1280 pag.
900 1194 957 1259 161
987 1203 1017 1258 et
1040 1195 1117 1259 bl5.
1145 1192 1236 1278 Quod
1256 1204 1359 1259 autem

182 1309 258 1377 dicit
274 1313 311 1376 de
327 1313 489 1395 omnibus,
510 1311 541 1379 id
559 1333 618 1380 non
636 1313 727 1380 nimis
743 1313 947 1402 premendum
965 1326 1029 1392 est3
1048 1334 1119 1381 nam
1136 1335 1175 1381 ex
1191 1316 1357 1401 Evangelio

133 1455 136 1465 ·
181 1434 276 1499 sancti
303 1435 425 1500 loannis
450 1446 547 1523 patet,
572 1437 687 1503 Lucam
704 1437 838 1503 tacuisse
861 1435 899 1501 de
924 1434 1017 1502 rebus
1041 1437 1134 1523 gestis
1151 1438 1223 1503 lesa
1240 1435 1356 1503 Christi

182 1575 242 1622 non
268 1557 393 1644 paucis,
421 1576 499 1644 quae
523 1570 622 1637 tamen
639 1559 714 1646 quin
738 1568 913 1645 compertae
929 1557 988 1644 ipsi
1014 1556 1144 1633 fuerint,
1161 1577 1220 1622 non
1239 1568 1285 1622 est
1301 1578 1359 1623 cnr

182 1677 370 1746 dubitemus
389 1679 479 1748 Conf.
498 1682 576 1748 Luc.
596 1683 609 1747 l
630 1707 637 1747 :
658 1684 696 1760 1,
715 1684 747 1748 5.
766 1683 813 1746 De
836 1683 981 1746 omuibus
1002 1683 1081 1765 fecit
1106 1701 1298 1760 sermonem,
1317 1681 1359 1748 ait
1434 1748 1435 1751 ,

180 1801 215 1869 S.
237 1803 431 1889 Augustinus
453 1803 506 1892 (de
528 1805 622 1870 (lona.
642 1806 758 1891 xvang.
778 1802 867 1891 lV.),
890 1805 1032 1886 elipando
1053 1806 1091 1867 de
1114 1805 1259 1870 omnibus
1274 1807 1358 1871 unde
1419 1853 1421 1858 -

178 1928 298 2008 faceret
313 1947 502 1992 sermonem.
522 1927 556 1993 ln
581 1926 737 1993 locutione
757 1926 833 2005 ista,
850 1948 928 2010 quae
951 1928 1055 2009 coepit
1071 1929 1176 2010 fucere
1197 1937 1226 1990 et
1248 1928 1357 1991 docere

179 2049 333 2132 usquein
355 2049 458 2131 diem,
479 2046 755 2136 breviloquentiam
779 2069 846 2115 esse
870 2049 934 2115 vult
956 2049 1124 2125 Winerus‚
1139 2047 1232 2114 verba
1255 2050 1356 2115 Lucae

179 2169 225 2236 sio
247 2189 404 2259 exponens
423 2192 430 2232 :
450 2194 528 2256 quoe
544 2193 636 2255 apere
653 2183 683 2237 et
698 2175 807 2238 docere
828 2175 948 2257 coepit,
967 2182 995 2235 et
1013 2174 1047 2236 iu
1069 2174 1182 2255 quibua
1199 2192 1355 2255 perapeu·

178 2296 229 2359 dia
256 2305 285 2359 et
308 2297 456 2360 docendis
480 2299 680 2362 continuavit
700 2317 796 2380 nsque
822 2299 857 2362 in
880 2299 985 2378 diana,
1013 2305 1073 2361 etc.
1099 2294 1148 2362 Ad
1173 2294 1354 2362 firmandam

178 2416 258 2485 hanc
289 2418 591 2507 interpretationem,
620 2419 710 2485 aliert
735 2430 890 2506 tamqnam
922 2417 1051 2506 phrases
1080 2417 1242 2506 parallelas
1273 2419 1351 2485 Luc.

177 2546 289 2611 XXlll
309 2565 316 2606 ε
338 2547 376 2623 5,
396 2546 467 2610 Act.
488 2545 502 2609 l
524 2570 532 2611 :
555 2546 617 2622 ab,
636 2555 665 2609 et
681 2542 791 2612 Matth.
810 2543 874 2609 XX
893 2565 901 2603 :
921 2544 954 2609 8.
974 2544 1014 2608 Αι
1036 2562 1109 2607 vero
1134 2541 1245 2608 horum
1269 2542 1353 2609 loco·

177 2692 246 2738 rum
274 2670 333 2737 alia
362 2670 439 2735 ratio
467 2679 530 2747 est,
562 2688 658 2755 qaum
687 2668 717 2732 in
746 2665 795 2733 his
824 2667 1015 2755 exprimatur
1043 2669 1199 2731 terminus
1230 2690 1249 2730 a
1276 2689 1348 2751 quo.

177 2794 320 2873 RectiuS,
347 2793 470 2881 opinor,
500 2791 689 2873 dixerimus,
717 2813 851 2878 αρχομαι
879 2788 1020 2856 Verbum
1048 2788 1268 2856 conferendum
1299 2789 1351 2856 hic

175 2936 243 2982 esse
266 2937 336 2983 cum
364 2916 484 2984 Gallico
509 2937 541 2982 aa
564 2925 677 2981 mettre
701 2915 731 2980 in
756 2914 814 2980 hac
837 2913 991 2979 locutione
1010 2938 1017 2978 :
1038 2915 1063 2976 il
1087 2935 1118 2977 sa
1141 2917 1203 2977 ruit
1226 2915 1351 2997 dsaira

175 3040 245 3104 telle
261 3058 301 3103 on
317 3041 387 3103 telle
404 3041 507 3121 chore,
528 3037 580 3104 ubi
598 3037 672 3104 illud
689 3035 829 3105 Verbum
846 3035 910 3101 iere
926 3035 1115 3123 pleonastice
1138 3035 1224 3101 alteri
1243 3035 1349 3101 Verbo

172 3161 324 3247 jungitur.
359 3162 465 3248 ltaque
493 3171 617 3249 putem,
648 3179 737 3226 voces
770 3159 863 3238 istas,
892 3153 1143 3246 aptaverunt,
1177 3155 1350 3224 reddendas

174 3304 242 3349 esse
261 3305 268 3346 ε
288 3307 366 3370 quac
391 3289 483 3370 fecit,
510 3287 551 3352 ita
578 3296 678 3351 tamen
707 3295 739 3351 ut
766 3283 827 3350 hac
855 3282 959 3372 phrasi
985 3283 1045 3349 una
1072 3283 1229 3361 innuatur,
1252 3282 1349 3350 luisse

175 3405 294 3493 aliquid
321 3411 465 3474 continui
492 3409 523 3474 in
548 3420 636 3486 actu,
668 3408 720 3495 qui
746 3407 791 3474 sio
813 3418 966 3472 narratur.
994 3405 1083 3472 Cani.
1111 3405 1187 3470 Luc.
1206 3405 1236 3471 V
1256 3431 1263 3470 :
1283 3408 1347 3485 11,

175 3531 345 3611 111Ιεῖ4,
369 3531 431 3599 Xll
451 3553 459 3593 τ
478 3535 540 3612 45,
563 3533 640 3598 xlv
660 3557 668 3597 ε
688 3532 747 3607 18,
772 3532 833 3609 50,
857 3530 936 3595 XlX
961 3549 968 3589 :
992 3531 1054 3607 45,
1079 3529 1110 3592 in
1133 3527 1247 3616 quibus
1270 3528 1348 3594 locis

175 3655 385 3743 Evangelista,
404 3668 437 3721 nt
459 3654 536 3722 mihi
561 3655 686 3743 quidem
711 3655 848 3733 videtur,
875 3653 1014 3720 eamdem
1039 3653 1225 3720 locutionem
1250 3653 1345 3719 simili

176 3775 266 3842 mado
294 3778 446 3845 adhibuit.
468 3780 630 3857 Ceterum,
645 3776 725 3844 illud
740 3782 844 3862 socero
861 3789 890 3842 et
905 3780 1013 3842 docere
1033 3777 1229 3844 referendum
1247 3779 1347 3845 estad

175 3901 246 3966 lesa
273 3901 388 3968 Christi
413 3903 578 3983 miracula,
596 3902 751 3982 instituta,
769 3900 960 3981 doctrinam,
979 3909 1143 3989 praecepta
1164 3911 1256 3988 atque
1272 3920 1346 3966 oon-

175 4024 261 4105 silia,
287 4039 317 4091 et
345 4026 498 4114 imprimis
526 4029 562 4094 eb
591 4026 741 4114 pertinet,
773 4024 856 4113 quod
886 4026 1021 4089 tradidit
1051 4025 1253 4107 semetipsum
1282 4045 1346 4107 pro

175 4150 264 4214 nobis
288 4150 478 4214 oblationem
500 4148 632 4238 (Ephes.
660 4149 689 4215 V
712 4168 719 4208 ε
745 4147 782 4236 1)
801 4158 934 4231 proptor
955 4148 1069 4210 delicia
1094 4155 1223 4228 nostru,
1244 4157 1274 4210 et
1294 4167 1346 4210 re-

173 4275 318 4338 currexit
343 4282 476 4356 propter
502 4273 758 4354 iustificationum
784 4281 927 4336 nostruin
951 4271 1057 4357 (Rom.
1084 4268 1128 4333 111
1160 4290 1168 4333 :
1199 4267 1270 4356 ab).
1296 4269 1345 4336 De

174 4407 276 4482 etymo
293 4408 323 4462 et
346 4396 470 4462 notione
491 4395 690 4460 sacratissimi
713 4394 847 4460 nominis
871 4394 942 4459 lesu
965 4391 1189 4480 disputavimus
1213 4393 1243 4458 in
1260 4413 1344 4460 com-

174 4512 322 4579 mentario
339 4511 370 4577 in
388 4512 447 4599 Ep.
467 4510 503 4577 ad
520 4510 755 4600 Philippenses,
778 4508 816 4576 ad
832 4510 909 4597 Cap.
924 4481 956 4574 ll
977 4532 984 4574 :
1004 4510 1037 4574 9.
