3074 5054
467 378 607 446 CAPUT
642 377 771 458 XVlll,
808 376 930 445 VERS.
969 379 1069 446 5-5.
1291 375 1357 441 lla

220 574 253 639 1.
267 573 313 637 El
328 571 511 655 disputabat
526 574 561 636 in
577 590 737 654 spnopopa
747 590 808 653 per
819 589 911 635 omne
922 569 1094 654 sabbatam,
1110 567 1198 651 etc).
1216 569 1354 637 Graece:

177 695 321 787 dirleyrro
344 693 393 787 da,
416 721 446 764 κ.
468 720 497 764 τ.
523 693 569 774 1.,
595 695 647 764 nbi
671 694 827 763 Particula
850 689 885 757 da
908 693 986 761 mihi
1008 693 1130 761 videtur
1158 692 1273 760 habere
1293 693 1356 760 vim

175 819 335 889 cuiusdam
357 820 580 909 oppositioniS,
600 838 692 908 quam
716 818 766 886 his
786 817 889 886 verbis
914 819 1122 908 expresserim
1142 817 1283 910 :Paulus
1300 837 1357 906 per

176 944 313 1032 reliquos
330 942 456 1031 quidem
473 941 676 1009 hebdomadis
693 940 760 1008 dies
778 941 938 1007 laborabat
960 938 1149 1030 (appulero),
1167 941 1357 1006 sermocina-

175 1070 395 1134 balneantem
417 1062 582 1156 (draleysro
603 1061 647 1154 de)
671 1068 707 1130 in
727 1085 889 1149 synapapa
912 1065 1120 1131 Corinthiaco
1140 1063 1185 1152 (er
1206 1088 1243 1152 ap
1266 1085 1358 1127 aora-

175 1198 266 1282 γωγῃ)
288 1190 419 1279 singulis
439 1190 587 1259 sabbatis.
607 1227 651 1238 -
672 1188 778 1258 Verba
799 1189 965 1278 Temporis
990 1187 1168 1278 imperfecti
1190 1187 1357 1279 (appulero
1456 1245 1459 1251 ,

176 1329 204 1382 et
223 1312 384 1405 bebrycio)
410 1335 475 1382 rem
503 1325 537 1380 ul
565 1325 746 1381 consuetam
775 1322 952 1381 connotant.
981 1311 1063 1382 Vide
1090 1332 1186 1400 supra
1211 1310 1251 1379 ad
1278 1313 1355 1402 Cap.

175 1440 266 1506 XVII
287 1464 295 1505 :
315 1441 371 1506 al.
388 1439 438 1504 De
454 1438 579 1505 notione
596 1438 694 1506 Verbi
714 1434 908 1527 διαλεγεσθαι
930 1435 1068 1504 diximus
1083 1434 1121 1502 ad
1139 1436 1218 1520 Cap.
1233 1436 1329 1504 XVll
1346 1457 1353 1498 ε

177 1568 229 1632 17.
245 1603 290 1614 -
306 1563 412 1633 Verba
428 1563 505 1631 haec
524 1588 532 1629 ι
553 1567 758 1647 interponens
783 1584 898 1628 nonren
921 1564 1053 1628 Domini
1070 1564 1164 1641 lesa,
1182 1561 1357 1649 significare

176 1698 322 1778 possunt,
337 1687 469 1755 Paulum
486 1688 517 1754 in
533 1687 749 1765 sermonibus,
768 1706 848 1775 quos
863 1686 995 1774 singulis
1019 1685 1154 1754 sabbatis
1171 1684 1303 1753 habebat
1318 1686 1357 1753 ad

176 1813 322 1893 ludaeos,
346 1815 448 1879 obiter
473 1832 509 1878 ac
536 1811 630 1879 reluli
658 1814 835 1877 incidenter
862 1812 1050 1880 mentionem
1079 1811 1191 1880 iecisse
1219 1810 1257 1878 de
1285 1812 1357 1879 lesu

176 1939 346 2004 Nazareno.
370 1936 548 2004 Istiusmodi
573 1937 656 2004 enim
678 1935 935 2024 significationem
963 1935 1057 2002 rerba
1080 1934 1306 2026 perpendendas
1328 1945 1358 2001 et

177 2061 309 2124 ariandon
331 2060 481 2127 obtinent.
509 2061 668 2126 Commate
691 2059 834 2148 sequenti
856 2062 957 2126 Lucas
984 2068 1100 2139 narrat,
1118 2057 1247 2125 Paulam
1259 2108 1267 2142 ,
1287 2067 1357 2146 post

177 2185 340 2253 adventum
364 2185 446 2252 Silae
462 2195 492 2252 et
506 2184 684 2263 Timothei,
699 2184 822 2252 ludaeis
845 2196 953 2268 aperte
970 2183 1157 2264 declarasse,
1175 2185 1278 2250 lesum
1295 2183 1357 2249 Na-

176 2329 318 2376 zarenum
336 2329 404 2377 esse
421 2310 610 2399 promissum
626 2310 790 2388 hlessiam,
810 2308 867 2376 hos
884 2329 957 2375 vero
973 2309 1124 2398 Apostolo
1141 2307 1263 2375 docenti
1281 2317 1355 2373 lunc

178 2435 327 2501 restitisse
353 2435 413 2515 ila,
439 2447 492 2515 nt,
521 2434 638 2502 relictis
665 2434 746 2515 illis,
773 2434 920 2522 deinceps
948 2433 1124 2501 Gentilibus
1157 2431 1356 2519 Evangelium

178 2556 379 2646 praedicaret.
407 2559 489 2625 Hinc
511 2579 584 2625 vero
607 2559 735 2648 colligo,
760 2559 910 2640 Paulum,
935 2569 1005 2624 anle
1028 2557 1193 2625 adventum
1222 2555 1304 2622 Silae
1328 2568 1358 2623 el

176 2680 350 2762 Timothei,
369 2681 407 2749 dc
423 2684 495 2750 lesu
510 2685 669 2751 Nazareno
693 2695 849 2772 nmquam
867 2684 1022 2774 promisso
1047 2682 1162 2750 Massia
1181 2700 1244 2747 non
1260 2678 1357 2746 luisse

178 2804 325 2872 loculum.
341 2844 385 2854 --
400 2806 495 2874 Addit
511 2809 611 2877 Lucas
637 2828 644 2869 :
667 2809 879 2894 suadebatque
900 2807 1007 2897 (acerba
1029 2806 1072 2888 τε)
1095 2808 1225 2872 ludaeis
1250 2801 1359 2893 (uelis)

178 2938 205 2991 et
219 2928 348 2993 Graecis
367 2928 388 2993 i.
408 2948 436 2994 e.
454 2931 627 3013 proselytis
640 2940 764 3013 portae.
783 2928 864 2997 Vide
880 2928 919 2997 ad
935 2930 1012 3019 Cap.
1031 2930 1110 2996 Xlll
1126 2953 1134 2993 ι
1152 2930 1206 2994 lo.
1222 2922 1359 2999 Ἑλληνίς
1419 2950 1421 2954 ·

178 3053 227 3122 bic
240 3076 300 3122 non
319 3068 391 3124 sunt
409 3059 565 3141 Gerotiles,
582 3078 678 3145 quum
696 3078 799 3124 sermo
816 3058 856 3125 sit
881 3058 920 3125 de
941 3058 979 3124 iis
1004 3057 1057 3146 qni
1080 3074 1267 3143 synagogam
1292 3052 1359 3119 adi·

178 3191 259 3260 rent,
291 3179 374 3268 quod
400 3180 538 3247 Gentiles
565 3182 688 3267 lenisse,
718 3183 843 3272 probari
872 3184 989 3272 nequit.
1016 3183 1117 3249 liliam
1146 3201 1240 3270 supra
1266 3181 1356 3269 (Cap.

178 3303 254 3403 XlV
273 3323 280 3365 :
302 3303 334 3390 l)
351 3301 489 3379 Έλληνες
502 3317 574 3372 sunt
593 3307 752 3388 Gentiles,
771 3306 854 3395 quod
878 3317 1019 3375 contexta
1045 3305 1142 3373 oratio
1164 3305 1206 3372 ibi
1231 3303 1359 3371 demon-

178 3406 264 3495 suat.
292 3430 363 3497 Vox
386 3430 478 3492 επειθε
507 3430 582 3518 quid
608 3429 668 3498 hoc
689 3431 758 3498 loco
781 3430 841 3499 sibi
863 3432 953 3513 velit,
980 3431 1132 3499 nonsatis
1153 3441 1247 3520 patet.
1266 3432 1358 3496 Puta-

177 3553 273 3621 verim
294 3554 434 3622 Verbum
458 3556 596 3645 Simplex
620 3558 749 3638 πειθειν,
775 3561 927 3642 suadere,
944 3557 995 3625 hic
1018 3557 1121 3624 valere
1144 3555 1357 3645 Compositum

177 3680 363 3759 nannenten,
384 3683 595 3773 persuadere,
623 3691 771 3771 utsupra
792 3683 869 3770 Cap.
894 3682 1004 3748 XIV:
1032 3682 1086 3748 l8.
1112 3683 1221 3768 ltaque
1249 3681 1361 3746 sensus'

176 3801 216 3868 sil
233 3821 241 3863 :
264 3812 329 3868 tarn
345 3805 474 3871 Indaeis
489 3827 586 3889 quana
604 3806 734 3872 Graecis
746 3805 955 3890 persuadebat
971 3828 1006 3871 ca
1022 3826 1102 3889 qnae
1120 3806 1250 3871 dicebat.

222 4039 255 4104 b'.
284 4038 363 4104 Cano
380 4042 538 4109 uenissent
562 4056 665 4110 antem
681 4049 719 4110 de
743 4045 953 4127 Macedonia,
971 4044 1062 4130 ela).
1081 4044 1195 4111 Confer
1212 4041 1264 4109 hio
1282 4007 1365 4129 quae

177 4162 350 4228 nolavimus
374 4184 469 4254 supra
489 4165 528 4233 ad
551 4169 627 4256 Cap.
653 4170 747 4236 XVll
771 4189 779 4231 :
808 4170 868 4248 11,
898 4171 959 4250 15,
988 4171 1041 4236 16.
1064 4169 1199 4248 SensuS,
1226 4163 1360 4232 mmihi

177 4284 304 4372 quidem
318 4284 453 4368 videtur,
469 4287 520 4356 hio
537 4301 583 4356 est
601 4311 608 4352 :
630 4292 787 4360 Hactenus
799 4292 915 4360 Paulus
932 4292 1007 4359 solis
1024 4290 1159 4358 sabbatis
1175 4289 1213 4356 ad
1230 4289 1361 4356 ludaeos

177 4411 271 4478 verba
296 4413 428 4496 iecerat;
444 4436 483 4483 ex
499 4437 561 4505 quo
578 4441 651 4485 aero
667 4416 732 4510 (de)
749 4421 884 4510 collegae
910 4420 995 4501 eius,
1014 4419 1093 4487 Silas
1110 4429 1140 4486 et
1155 4417 1358 4497 Timotheus,
