3074 5054
499 369 542 437 nv
566 369 699 439 nurus
723 354 1056 439 nrosuouonon.
1317 370 1358 436 11

183 556 284 637 33113,
308 557 392 646 quod
417 558 533 636 sciam,
554 569 733 646 argumento
761 560 886 648 probari
917 571 1034 648 potest;
1061 569 1144 625 certe
1168 577 1206 624 ne
1230 558 1357 625 minima

183 664 307 751 quidem
333 666 448 732 mentio
476 666 564 732 istius
591 666 691 733 cladis
724 668 754 733 in
784 678 847 734 1313
872 667 953 735 libro
980 666 1129 734 occurrit.
1158 664 1219 733 Sed
1244 666 1357 731 mentio

182 771 223 839 ibi
248 771 283 838 lit
298 770 391 861 (Cap.
410 773 487 840 Vlll
503 795 511 832 ε
530 770 588 859 16)
604 773 779 842 devastatae
795 775 882 843 urbis
906 777 1037 855 Gazae¹3
1057 785 1148 863 atque
1165 772 1238 840 hinc
1254 773 1357 861 aliqua

182 878 397 967 probabilitate
413 892 536 969 tempus
559 882 727 970 conscripti
746 881 839 949 huius
862 882 934 949 libri
959 881 1062 968 colligi
1087 881 1214 948 forsitan
1231 880 1357 968 poterit

181 987 257 1052 Nam
284 1005 355 1052 oum
373 986 424 1053 illa
449 987 526 1054 urbs
550 987 704 1055 devastata
727 987 821 1055 luerit
847 988 939 1078 paulb
964 999 1033 1055 ante
1057 986 1251 1056 obsidionem
1275 989 1357 1055 lero-

181 1093 390 1179 solymorum,
405 1093 678 1181 lerosolymitanae
696 1105 797 1162 autern
815 1094 912 1163 cladis
934 1095 1076 1184 nuspiam
1099 1093 1142 1160 ibi
1159 1094 1273 1162 mentio
1291 1094 1355 1173 1131,

180 1200 292 1266 coniici
318 1221 410 1288 posse
434 1200 567 1283 videtur,
588 1199 703 1268 librum
718 1202 854 1268 hotuum
871 1200 1077 1289 compositum
1097 1198 1194 1265 luisse
1210 1199 1263 1266 illo
1280 1210 1357 1266 tem·

179 1307 265 1393 poris
282 1308 398 1395 spatio,
417 1307 501 1396 quod
523 1306 580 1375 fnit
595 1328 613 1374 3
628 1307 783 1375 devastata
808 1309 890 1376 Gaza
914 1305 1068 1396 usquead
1093 1307 1356 1393 lerosolymornm

180 1413 394 1496 obsidionem,
408 1435 487 1504 quae
511 1415 620 1482 incidit
636 1415 666 1481 in
691 1435 804 1482 annum
830 1418 873 1484 70
890 1426 961 1503 post
983 1416 1019 1481 C.
1039 1416 1079 1482 N.
1101 1414 1177 1480 Inde
1192 1415 1265 1481 verb
1282 1435 1356 1481 con-

178 1519 332 1606 sequitur,
352 1520 443 1587 etiam
472 1521 584 1588 coniici
609 1541 713 1609 posse,
739 1523 874 1588 hctuum
898 1519 1012 1588 librum
1029 1521 1241 1609 conscriptum
1259 1521 1356 1588 luisse

179 1636 249 1714 post
273 1625 397 1694 demum
426 1627 513 1694 Pauli
538 1648 656 1694 necem.
687 1628 780 1715 Quod
807 1640 909 1696 autem
936 1628 1103 1715 gloriosam
1132 1629 1199 1697 eius
1224 1640 1354 1696 mortem

179 1734 281 1800 Lucas
307 1755 368 1802 non
396 1735 594 1814 recordatur,
618 1735 730 1803 etalio
755 1736 833 1804 bene
855 1736 951 1802 multa
975 1735 1097 1803 silentio
1122 1737 1353 1825 praetermittit,

178 1843 210 1911 id
226 1842 352 1933 quidem
368 1844 451 1910 varia
468 1844 506 1911 de
521 1862 611 1910 causa
629 1842 694 1909 lieri
710 1843 825 1932 potuit3
847 1863 917 1910 nam
934 1843 993 1910 alia
1009 1842 1134 1931 quidem
1159 1856 1212 1910 aut
1228 1843 1354 1910 omnino

178 1951 382 2037 ignoraverit,
405 1962 457 2016 331
480 1960 564 2017 certa
588 1950 716 2017 scientia
738 1950 912 2039 comperire
937 1970 998 2016 non
1023 1950 1176 2038 potuerit3
1199 1949 1259 2017 3113
1282 1969 1355 2016 vero
1456 1950 1464 1966 '

177 2055 357 2146 Theophilo
379 2077 436 2123 suo
465 2057 644 2147 plenissime
667 2057 728 2124 iarn
749 2058 870 2146 cognita
892 2057 989 2124 luisse
1016 2068 1101 2124 certo
1130 2057 1276 2138 sciverit3
1296 2056 1354 2122 alia

178 2161 312 2252 denique
328 2163 497 2253 praeterire
514 2164 631 2253 potuit,
650 2163 733 2252 quod
750 2183 786 2231 ea
802 2184 898 2253 scopo
916 2185 972 2231 suo
990 2184 1050 2231 non
1068 2164 1264 2231 inservirent.

253 2357 290 2415 θ.
313 2360 367 2416 113
388 2356 567 2416 1331113113
589 2356 696 2415 unde
717 2360 838 2416 Lucae
860 2372 1000 2417 rcrum
1021 2356 1280 2416 narraturum

555 2457 761 2517 sclcntlum
783 2457 976 2517 hnuscrlt.

227 2602 305 2669 Curn
321 2601 400 2668 liber
416 2603 549 2669 Actuum
566 2603 737 2669 certissima
754 2602 918 2670 traditione
934 2611 964 2667 31
979 2599 1156 2668 Catholicae
1173 2601 1350 2680 Ecclesiae,

179 2710 211 2775 in
228 2729 319 2796 qnam
344 2729 432 2775 error
459 2729 519 2776 non
544 2708 642 2790 cadit,
656 2709 802 2790 oraculo,
829 2710 909 2776 inter
925 2708 1103 2797 Scripturas
1116 2709 1287 2775 Canonioas
1304 2728 1352 2774 re-

179 2826 352 2892 censeatur,
379 2833 415 2882 33
443 2815 512 2903 ipso
537 2812 706 2881 indubitata
731 2813 793 2881 tide
820 2812 1010 2881 credendum
1036 2823 1100 2893 est,
1130 2810 1214 2878 huno
1238 2812 1352 2880 librum

178 2941 247 2988 esse
262 2944 300 2989 ex
324 2943 453 2990 numero
470 2924 689 2999 θεοπνευστων,
716 2923 781 2989 3133
804 2921 961 2988 divinitis
984 2925 1231 3005 inspiratorum.
1250 2919 1353 2987 Theo-

178 3033 317 3120 pneustia
345 3043 447 3099 autern
477 3031 553 3098 haec
583 3052 655 3099 oum
690 3031 775 3098 varie
806 3030 1009 3119 concipienda
1044 3031 1085 3097 sit
1118 3050 1172 3117 pro
1208 3029 1353 3095 varietate

178 3137 328 3205 librorum
346 3137 458 3227 quibus
481 3158 516 3205 ea
539 3139 704 3227 competit,
724 3138 762 3206 de
779 3137 870 3205 huius
888 3136 958 3204 libri
979 3135 1119 3203 historici
1138 3135 1352 3224 theopneustia
1396 3122 1397 3127 ἵ

177 3243 327 3326 dixerim,
358 3244 501 3313 eumdem
533 3246 658 3313 eatenis
688 3266 756 3313 esse
784 3245 931 3312 divinitus
963 3244 1166 3332 inspiratum,
1201 3243 1352 3332 quatenhs

178 3351 246 3416 eius
260 3363 367 3418 auctor
383 3371 400 3417 a
416 3351 534 3439 Spiritu
550 3351 662 3418 Sancto
686 3362 715 3415 et
738 3348 776 3416 ad
797 3347 995 3417 scribendum
1021 3347 1114 3414 luerit
1130 3360 1306 3436 permotus,
1325 3356 1353 3412 et

179 3458 258 3524 inter
282 3454 480 3525 scribendum
505 3457 654 3538 directus,
673 3470 702 3523 et
718 3457 756 3524 ab
773 3458 855 3524 omni
875 3477 981 3524 errore
998 3456 1167 3544 praestitus
1189 3455 1350 3521 immunis.

177 3566 220 3631 lix
240 3585 301 3653 quo
318 3565 493 3647 conficitur,
512 3567 542 3632 in
557 3565 806 3654 historiographo
823 3567 1009 3650 &accrevero
1027 3563 1144 3652 requiri
1162 3574 1263 3629 tamen
1281 3561 1352 3629 dili-

177 3674 309 3759 gentiam
333 3673 364 3738 in
389 3673 495 3739 notitia
519 3693 624 3740 rerum
648 3671 883 3741 scribendarum
908 3670 967 3738 sibi
992 3667 1210 3758 comparanda.
1237 3669 1352 3753 Quaeri

178 3797 250 3865 crgo
278 3788 378 3866 potest
403 3777 486 3845 unde
514 3780 614 3846 Lucas
638 3778 780 3846 habuerit
808 3778 945 3845 notitiam
975 3796 1098 3854 rerum,
1130 3794 1207 3862 quas
1235 3775 1352 3862 scripto

179 3883 343 3952 mandavit.
369 3887 408 3952 Et
432 3906 471 3953 ex
488 3886 600 3975 triplici
621 3886 746 3954 omnino
762 3885 847 3953 sonte
863 3884 943 3952 hanc
957 3884 1095 3951 notitiam
1113 3882 1254 3950 hausisse
1269 3881 1353 3948 vide·

179 4002 247 4072 lur;
277 3992 425 4080 quaedam
458 4013 569 4084 nempe
596 3994 682 4060 testis
717 3993 856 4060 oculatus
884 4005 913 4059 et
944 3992 1063 4059 auritus
1091 3989 1158 4078 ipse
1185 3987 1297 4055 viderit
1324 4001 1354 4055 et

178 4096 325 4179 audierit,
360 4120 456 4189 quum
489 4121 545 4188 per
575 4100 702 4188 aliquod
734 4101 882 4189 temporis
914 4099 1047 4189 spatium
1087 4095 1174 4163 Pauli
1207 4096 1352 4162 itinerum

178 4225 283 4273 comes
299 4207 407 4286 luerit3
426 4207 577 4296 quaedam
593 4219 695 4275 autern
713 4227 751 4274 ex
768 4209 866 4297 ipsius
883 4207 969 4275 Pauli
992 4206 1188 4292 aliorumque
1205 4202 1353 4268 relatione

211 4400 231 4464 ¹)
247 4400 346 4452 Videsis
358 4414 425 4467 quae
440 4402 473 4452 ud
490 4415 550 4454 eum
562 4402 646 4453 locum
664 4402 812 4453 notavimus
824 4402 850 4451 in
862 4401 1062 4454 Commentario.
