3074 5054
486 379 624 447 CAPUT
653 380 702 462 V,
740 381 861 450 VERS.
900 379 1047 448 52-55.
1297 377 1359 443 159

174 574 224 641 vel
241 577 355 666 πριζω,
374 571 459 662 quod
475 571 528 640 hic
544 582 628 640 notat
640 571 881 651 ValckenariuS,
895 569 938 636 nil
951 566 1035 636 aliud
1049 565 1175 657 proprie
1192 564 1357 652 significat,

174 698 237 764 nisi
261 700 434 765 stridorem
454 699 510 763 edo
531 698 678 764 dentibus
685 723 700 781 ;
725 707 836 786 atque,
859 714 957 784 aeque
984 714 1021 761 ac
1044 695 1157 784 πριζω,
1183 691 1359 756 aetridore

173 825 324 888 dentium
354 823 522 891 confictum
554 823 688 890 videtur.
717 822 768 891 Ob
802 820 1056 900 similitudinem,
1087 836 1166 908 quae
1195 812 1359 883 intercedit

174 948 258 1013 inter
272 951 380 1014 dentes
395 959 426 1016 et
440 969 584 1027 serram,
606 947 845 1014 instrumentum
869 944 947 1012 illud
962 943 1119 1012 dentatum
1136 939 1251 1008 dicitur
1266 959 1358 1028 saepe

176 1096 280 1165 πριον,
298 1085 330 1141 et
344 1097 425 1164 πριω
441 1093 534 1163 saepe
551 1083 635 1139 notat
650 1076 823 1139 stridorem
839 1074 895 1138 edo
911 1092 1022 1149 serra,
1037 1078 1067 1135 et
1082 1088 1163 1134 seco.
1183 1067 1265 1133 llinc
1280 1064 1358 1133 lacta

175 1200 218 1267 ad
248 1199 385 1268 animum
418 1199 590 1268 translatio.
620 1225 634 1257 ι
668 1198 810 1267 Conscrri
839 1208 942 1286 potest
971 1192 1161 1264 Nostratium
1194 1213 1256 1257 ooo
1285 1195 1358 1276 spb‘t

175 1327 313 1390 bersteu.

225 1561 280 1626 51.
305 1559 445 1643 Serpens
461 1570 568 1626 cutem
583 1561 713 1646 paridam
736 1563 773 1625 io
793 1561 928 1626 consitio
952 1559 1169 1641 Pharisaeus,
1188 1554 1279 1645 etc).
1296 1558 1358 1624 lm-

178 1684 267 1770 pium
286 1683 453 1751 consilium
476 1682 638 1751 occidendi
659 1684 827 1773 Apostolos
849 1684 1023 1752 executioni
1044 1682 1240 1750 mandassent
1260 1680 1359 1768 Syne-

177 1805 307 1885 dristae,
320 1807 375 1874 sed
387 1803 448 1896 (de)
459 1827 567 1875 eorum
580 1808 693 1897 aliquis
704 1808 744 1876 ab
757 1807 817 1876 hoc
830 1828 883 1876 eos
896 1817 1031 1876 revocat.
1046 1803 1190 1879 Αναστας
1202 1799 1235 1868 δε
1246 1801 1359 1890 (Aor.)

176 1934 322 1998 surrexit
345 1942 450 1999 autern
472 1935 603 2017 paidom
627 1932 694 2015 (τις)
724 1937 760 1998 in
787 1953 953 2014 consessu,
979 1942 1070 2021 puta,
1100 1929 1211 1997 eloco
1239 1929 1271 1994 in
1296 1948 1358 2018 qno

177 2052 317 2133 sedebat,
336 2065 369 2121 ut
384 2065 471 2120 stone
487 2054 620 2143 collegas
636 2075 710 2123 snos
725 2056 947 2146 alloqueretur.
961 2095 1006 2108 -
1022 2056 1218 2122 Pharisaeus
1235 2063 1282 2121 est
1296 2055 1360 2142 Ap-

179 2175 293 2263 positio
309 2175 348 2242 ad
364 2197 472 2245 rocem
488 2200 550 2255 τις,
569 2187 603 2244 ut
618 2179 644 2245 si
669 2178 794 2266 Belgice
817 2177 903 2246 dicas
923 2204 931 2247 ε
952 2181 1030 2245 decb
1053 2199 1108 2244 een
1123 2179 1215 2243 zober
1231 2179 1360 2242 iemand

178 2307 273 2369 stood
287 2325 329 2388 cp
346 2307 381 2370 io
397 2309 458 2372 den
474 2306 584 2385 lload,
603 2328 660 2372 een
675 2308 868 2392 Pburisebr5
884 2327 955 2374 narn
979 2307 1058 2375 inter
1074 2325 1247 2373 assessores
1264 2304 1361 2391 Syne-

179 2425 240 2493 drii
258 2428 350 2495 etiam
367 2428 536 2497 Sadducaei
554 2440 653 2496 erant.
672 2430 804 2498 Dativus
821 2453 947 2517 ονοματι
964 2441 1011 2498 cst
1027 2430 1157 2496 Datirus
1178 2430 1356 2495 relationis.

179 2550 261 2619 Vide
288 2573 383 2641 supro
410 2553 449 2621 ad
476 2555 553 2644 Cap.
584 2555 631 2623 lV
662 2579 670 2621 ε
701 2557 757 2623 56.
789 2556 910 2622 Nomen
948 2553 1008 2622 lroc
1045 2555 1202 2621 Gamolib'l
1236 2549 1360 2642 (berbece

119 2674 123 2679 ’
180 2678 348 2744 retributio
371 2677 448 2763 Del)
472 2679 532 2745 iam
552 2680 688 2747 occurrit
703 2682 833 2748 Numer.
855 2684 869 2748 1
893 2705 901 2748 :
922 2682 976 2749 10.
1002 2681 1218 2764 Lepisdoctcr,
1239 2671 1359 2763 νομοδι-

182 2796 355 2883 descedes,
373 2804 396 2870 i.
411 2825 443 2893 q.
462 2825 678 2894 γραμματευς,
693 2807 806 2874 scriba.
824 2804 907 2875 Vide
923 2825 1001 2895 quae
1018 2805 1191 2872 notavimus
1207 2802 1246 2871 de
1262 2821 1359 2869 mem-

183 2923 246 2993 bris
267 2925 412 3014 Synedrii
438 2948 533 3016 supra
556 2928 594 2996 ad
617 2929 694 3018 Cap.
720 2931 766 2998 lv
785 2950 793 2992 t
814 2933 846 2998 5.
870 2931 977 3017 Τιμιος
997 2952 1088 2993 παντι
1107 2952 1151 3014 τῳ
1173 2925 1256 3014 dap,
1275 2925 1309 2993 h.
1327 2945 1356 2992 e.

184 3051 228 3116 vir
251 3052 339 3134 talis,
355 3062 389 3119 ut
413 3054 444 3119 in
467 3074 578 3142 magno
601 3056 701 3144 pretio
722 3054 889 3123 haberetur
909 3055 948 3123 ab
971 3055 1116 3122 universo
1137 3053 1265 3143 populo.
1291 3053 1361 3118 «Et

181 3174 267 3257 ideo,
294 3177 378 3266 quod
403 3176 455 3247 hic
478 3189 562 3248 notat
585 3181 801 3261 Fromondus,
826 3201 967 3249 summus
985 3180 1128 3248 Pontifex
1144 3189 1174 3246 et
1192 3177 1359 3246 concilium

181 3321 275 3368 suasu
295 3303 362 3371 eins
386 3315 448 3370 tam
472 3305 562 3373 lacile
585 3308 767 3376 sententiam
790 3308 828 3375 do
851 3307 1030 3375 occidendis
1049 3305 1209 3395 Apostolis
1225 3314 1361 3371 mutave-

182 3437 271 3506 runt,
290 3446 329 3492 ne
350 3427 428 3495 iram
454 3428 554 3517 plebis
571 3430 668 3518 magis
685 3431 716 3498 in
737 3452 771 3499 se
795 3433 1002 3513 concitarent,
1016 3430 1069 3498 nbi
1087 3429 1175 3519 plebs
1191 3427 1360 3495 intellexis-

183 3560 245 3630 set,
265 3561 372 3619 contra
400 3555 583 3621 sententiam
607 3555 788 3624 Gamalililis
812 3557 979 3646 Apostolos
1007 3554 1185 3622 interlectos
1212 3552 1353 3620 luisse.»

184 3675 242 3741 llic
265 3676 377 3754 iussit,
393 3674 428 3742 h.
452 3696 481 3743 e.
506 3679 659 3766 suggessit
682 3679 826 3767 Synedrii
851 3680 1004 3771 praesidi,
1019 3690 1053 3746 ut
1072 3679 1100 3746 is
1123 3677 1245 3744 iuberet
1259 3676 1360 3764 Apos-

184 3797 261 3865 tolos
290 3797 449 3887 paulisper
472 3819 490 3866 e
513 3802 646 3868 concilio
673 3802 820 3872 secedere
846 3801 917 3893 (εξω
942 3828 1081 3881 ποιησαι,
1108 3823 1189 3868 ocor
1210 3801 1315 3867 boitro
1331 3811 1360 3865 te

182 3918 287 4009 doen).
312 3924 420 4016 Βραχυ
439 3950 468 3990 τι
489 3928 577 4012 (conr
599 3950 671 3993 eene
695 3932 783 3995 leorte
806 3929 892 4015 weil)
909 3941 956 3998 est
976 3929 1180 3999 Accusativus
1200 3927 1361 3996 adverbia-

183 4045 252 4112 liter
279 4048 411 4136 positus.
436 4049 518 4120 Vide
543 4051 690 4133 Mattlriii,
712 4052 731 4141 S
753 4055 836 4134 t253
862 4066 892 4121 et
918 4052 1120 4141 Bernhardy,
1145 4071 1216 4142 pag.
1240 4053 1299 4120 111
1316 4071 1360 4131 ,a

184 4170 255 4237 fine.

229 4413 284 4479 55.
310 4415 472 4480 Attendite
498 4418 604 4505 cobis).
625 4418 741 4486 Sensus
760 4431 807 4487 est
825 4446 833 4488 :
852 4421 900 4488 Ne
924 4418 1133 4510 praecipitetis
1157 4415 1357 4492 sententiam,

1370 4646 1497 4734 D
