3074 5054
181 391 245 458 550
529 390 664 459 ACTUS
702 391 1035 473 Arnsrononnn,

174 579 436 671 (errolopoopenon
460 581 579 664 αυτου),
609 600 643 647 se
671 602 772 670 neque
799 583 829 650 in
859 583 958 671 legem
986 585 1172 665 Mosaicam,
1199 604 1300 674 neque
1332 589 1364 652 in

176 706 344 796 templum,
375 725 475 793 neque
503 705 533 770 in
563 707 725 773 Caesarem
753 708 923 796 quidquam
952 729 1110 798 peccasse.
1133 748 1176 758 -
1199 711 1365 776 Postremo

178 832 239 901 lroc
261 831 415 899 versiculo
432 829 470 897 ab
495 830 634 897 oratione
656 831 806 899 indirecta
831 833 993 900 transitum
1012 843 1059 901 est
1082 832 1120 900 ad
1136 832 1299 900 directam.
1319 870 1365 882 -

179 953 228 1022 Ad
245 972 396 1042 quaenam
412 952 620 1019 accusationis
636 954 737 1042 capita
754 954 806 1020 illa
823 953 922 1018 πολλα
939 980 991 1018 και
1008 952 1103 1045 (lapset
1121 970 1297 1042 αιτιωματᾱ
1315 976 1365 1022 re·

85 1100 89 1105 ·
179 1091 376 1159 vocaremur,
395 1099 434 1146 ex
451 1078 538 1147 Pauli
555 1079 696 1168 apologia
717 1079 781 1168 (rs.
801 1083 839 1166 8)
863 1080 971 1169 liquet.
997 1080 1266 1149 Demonstrarerit
1289 1080 1344 1148 ille
1355 1133 1366 1164 ,Δ

178 1227 231 1285 se,
251 1204 334 1294 qood
350 1204 510 1273 Christum
533 1205 760 1294 praedicasset,
785 1225 848 1272 non
870 1204 940 1273 ideo
960 1225 1110 1295 >peccasse
1132 1215 1240 1274 contra
1263 1204 1365 1294 legem

179 1328 365 1408 ltlosaicam3
385 1339 521 1395 ceterum
540 1328 636 1415 legem
650 1347 714 1394 ase
730 1327 876 1394 honorari
901 1329 1081 1417 nuperrimo
1101 1329 1243 1418 exemplo
1261 1349 1366 1418 eoque

178 1452 304 1542 publico
321 1453 511 1532 constitisse;
537 1450 736 1541 porro,·noo
761 1452 856 1519 fuisse
881 1452 1064 1542 templuma
1085 1473 1119 1520 se
1143 1453 1363 1542 profanatum,

179 1598 275 1666 quom
303 1576 414 1645 lalsum
442 1587 524 1644 esset
551 1597 608 1644 nec
629 1577 762 1666 probare
782 1589 908 1667 possent
924 1590 1132 1660 accusatores,
1150 1579 1365 1668 Trophimum

178 1704 367 1774 Gentilema
390 1723 423 1770 se
446 1703 477 1769 io
501 1701 649 1792 templum
673 1702 769 1771 luisse
793 1702 1021 1782 introductum;
1040 1743 1084 1752 -
1108 1702 1232 1770 tandem
1254 1704 1365 1771 necin

177 1830 340 1895 Caesarem
357 1846 391 1892 se
408 1845 566 1915 peccasse,
584 1846 680 1914 quum
697 1826 840 1915 nuspiam
857 1826 1041 1894 seditionem
1058 1826 1255 1908 concitasset,
1275 1828 1365 1916 quod

179 1952 227 2018 vel
243 1959 439 2018 accusatores
453 1949 520 2016 eius
537 1949 623 2016 lateri
638 1948 803 2031 debebam,
819 1971 915 2039 quum
931 1949 1010 2018 lraoc
1022 1951 1250 2018 accusationem
1267 1952 1366 2020 nullis

180 2072 300 2141 idoneis
324 2071 512 2160 argumentis
541 2080 666 2159 possent
694 2071 839 2160 probare.
860 2111 902 2121 -
926 2074 960 2139 lo
989 2094 1233 2162 rapaperoperoo
1249 2110 1294 2121 -
1312 2097 1365 2139 πε-

181 2221 342 2290 precamur
362 2206 409 2263 esl
424 2194 652 2263 Anacalnlhon.

226 2445 259 2510 9.
289 2444 404 2508 Festus
429 2453 534 2508 autem
558 2445 682 2522 colcos,
701 2441 792 2530 etc).
820 2445 930 2510 Festus
954 2455 1074 2524 autem,
1100 2445 1206 2511 voleus
1230 2445 1363 2532 gratiam

179 2566 292 2633 ioirea
314 2564 451 2646 ludaeiS,
481 2564 583 2632 audita
603 2563 662 2632 hac
683 2564 770 2632 Pauli
795 2566 952 2655 apologia,
978 2567 1023 2632 illi
1048 2568 1130 2632 dicit
1154 2567 1363 2658 (απροκριθεις

180 2689 263 2780 erre)
293 2718 301 2760 ε
329 2695 412 2760 Nom
440 2692 486 2758 vis
514 2691 765 2778 Hierosolymam
789 2689 999 2773 adscendere,
1028 2703 1120 2780 atque
1146 2690 1188 2758 ibi
1217 2711 1236 2758 a
1262 2692 1365 2779 Syne-

180 2816 248 2882 drio
272 2818 633 2907 collectaneorum,
657 2814 696 2882 de
718 2816 772 2894 iis,
804 2836 883 2904 quae
912 2815 966 2883 tibi
996 2815 1197 2906 imputantur)
1226 2815 1362 2884 iudicari

179 2963 228 3007 me
251 2952 416 3026 praesente
437 2942 500 3030 (επι
521 2964 608 3026 epea,
631 2962 738 3006 corum
758 2963 825 3024 ore,
850 2953 940 3029 puta,
965 2962 1001 3007 ne
1025 2940 1099 3030 quid
1120 2941 1259 3031 iniquius
1276 2941 1317 3009 de
1334 2953 1364 3009 te

178 3065 370 3146 statuaturla
395 3061 570 3130 «Habebat
597 3063 802 3150 Syuedrinm,
832 3076 866 3131 ut
893 3063 946 3146 (ad
976 3065 1009 3131 h.
1036 3063 1072 3142 1.)
1102 3074 1185 3131 notat
1212 3066 1362 3146 Grotius,
1431 3085 1435 3091 ·

180 3184 427 3253 iurisdictionem
456 3182 621 3273 quamdam
648 3186 677 3250 io
707 3183 857 3266 ludaeos;
887 3184 942 3252 sed
969 3186 1102 3252 ciuitatis
1127 3189 1286 3253 Romanae
1316 3188 1365 3255 ius

180 3309 390 3377 ralidiuserat
406 3309 475 3376 iure
501 3308 660 3395 Syuedrii.
691 3311 799 3398 ltaque
823 3310 939 3376 inritus
964 3311 1030 3396 cogi
1056 3329 1117 3376 non
1144 3320 1264 3398 poterat
1293 3312 1363 3379 illos

180 3453 349 3522 agnoscere
367 3432 497 3501 iudices.
521 3461 534 3491 o
559 3431 707 3501 natrano
729 3453 802 3520 ergo
824 3453 949 3501 causam
971 3436 1081 3502 Festus
1102 3434 1233 3501 Paulum
1258 3447 1361 3524 rogat,

181 3580 223 3623 on
251 3560 327 3623 oelit
355 3555 477 3646 (Θελεις)
506 3577 522 3623 a
551 3555 755 3646 popularibus
783 3556 847 3622 suis
875 3555 1018 3623 iudicari.
1053 3557 1151 3647 Xaprr
1180 3556 1362 3622 καταθεσθαι

181 3681 272 3771 (tion.
292 3683 313 3750 2
330 3680 428 3763 Mad.)
447 3702 479 3769 q.
497 3681 530 3748 d.
548 3685 690 3765 prodient
712 3683 863 3748 collocare
889 3683 950 3747 sibi
968 3679 1046 3768 (τοις
1070 3677 1231 3755 Iordane.
1255 3683 1359 3750 Daliv.

182 3807 307 3885 localis,
330 3783 368 3871 de
391 3824 452 3892 quo
474 3803 543 3871 ride
567 3804 699 3871 Ki'rlrner
714 3804 733 3893 S
749 3806 830 3887 568)
848 3807 933 3890 apud
953 3807 1100 3872 Iudaeos.
1122 3844 1163 3854 -
1185 3803 1362 3898 Αποκριθεις

182 3939 216 3996 ut
232 3931 308 4018 Cap.
329 3930 374 3996 lll
394 3953 402 3995 ε
425 3932 476 3996 la.

225 4193 371 4260 lO—ll.
398 4192 492 4257 Dixit
512 4204 618 4259 erotem
636 4194 776 4272 Paulos,
798 4197 883 4279 clep
904 4195 1020 4260 Paulus
1036 4205 1155 4274 autem,
1174 4215 1235 4262 oon
1253 4196 1361 4263 imme·

178 4336 247 4384 mor
259 4316 462 4396 insidiarum,
478 4335 554 4404 quas
567 4325 654 4382 antea
668 4316 710 4383 illi
726 4327 902 4384 struxerant
915 4316 1018 4385 ludaei
1032 4315 1126 4406 (Cap.
1136 4319 1248 4386 XXlll
1264 4344 1272 4384 r
1292 4319 1359 4408 15),

181 4440 313 4511 tribunal
338 4441 535 4532 popularium
557 4461 685 4509 suorum
707 4442 794 4511 adire
811 4453 944 4510 recusat.
969 4445 1060 4511 Festo
1078 4464 1149 4532 argo
1168 4445 1215 4511 sic
1232 4464 1361 4533 respou-
