3074 5054
174 381 240 448 558
527 379 662 447 Aouus
691 380 1025 462 Apostolorum,

174 572 250 659 Cap.
277 567 368 639 XVll
396 594 404 636 :
432 569 487 654 id)
512 568 545 636 h.
573 589 601 635 e.
628 580 792 636 mutrouoe
819 571 900 638 inter
927 570 1136 639 Antiochenas
1160 576 1357 656 primariae.

173 692 249 761 Vid.
268 694 326 761 Gr.
346 713 416 782 pag.
438 696 491 761 17.
507 692 709 782 (acerrume,
728 699 936 778 oouzieuhjhe
950 695 1220 785 praecoquum).
1239 697 1360 765 Sensus

173 826 243 884 est:
264 815 369 884 ludaei
386 825 489 883 autern
504 817 691 885 Antiocheni
715 839 787 886 cum
804 839 871 887 earn
888 818 1082 886 Christianae
1101 818 1259 906 religionis
1284 839 1360 908 pro·

175 942 368 1032 pagationem
391 961 482 1029 aegre
506 942 639 1024 terrent,
666 943 697 1009 in
721 943 889 1032 Apostolos
914 947 1110 1027 iustiqoruut
1125 942 1361 1034 (παρωτρυναν)
1406 927 1408 930 ’

172 1069 350 1151 proselytae
379 1063 562 1132 Antioohiae
587 1069 765 1149 primarios
789 1073 854 1156 (τας
878 1063 1044 1153 σεβομενας
1067 1089 1212 1156 peruicere
1232 1092 1288 1142 τας
1310 1090 1360 1131 ευ-

174 1192 360 1282 σχημονας),
375 1203 406 1260 et
417 1192 544 1281 (harum
560 1192 671 1282 operi)
682 1199 765 1260 ciros
782 1198 848 1259 eius
865 1197 1003 1261 civitatis
1016 1198 1191 1278 primarios
1207 1196 1271 1275 (και
1288 1219 1360 1271 τους

176 1340 314 1408 πρωτους
338 1313 477 1404 πολεως),
503 1327 576 1404 puta
600 1316 730 1404 gentiles
747 1317 958 1404 magistratum
977 1336 1012 1382 ac
1037 1337 1093 1405 per
1109 1315 1167 1383 hos
1183 1317 1360 1385 excitarunt

176 1437 306 1526 (ludaei)
323 1438 571 1527 persecutionem
596 1438 628 1504 in
652 1439 784 1506 Paulum
809 1449 838 1505 et
862 1439 1053 1516 Barnabae,
1069 1461 1184 1528 eosque
1207 1441 1359 1509 efinihus

174 1564 223 1633 sui
240 1564 388 1631 territorii
405 1563 463 1646 (vs.
479 1563 533 1644 to)
551 1563 747 1652 expulerunt.
760 1601 803 1610 -
821 1563 1072 1631 persecutionem
1090 1563 1170 1631 hanc
1185 1565 1360 1654 Apostolus

175 1711 237 1769 urio
254 1689 349 1757 verbo
370 1693 568 1758 memoratio
586 1688 816 1756 aeduinum.
835 1691 912 1779 Cap.
932 1690 978 1757 ΙΙΙ
999 1716 1007 1755 z
1030 1693 1083 1757 rt.

222 1938 288 2014 itt„
304 1935 350 1999 At
377 1936 447 2016 illi,
478 1953 607 1997 excusso
632 1934 761 2015 puluere
787 1934 905 2016 pedum
929 1935 965 1998 iu
989 1953 1057 2012 eoo,
1084 1930 1170 2010 eto).
1196 1933 1360 2020 Apostoiis

177 2061 243 2129 suis
266 2062 353 2127 lesus
374 2057 494 2125 dixerat
515 2055 637 2148 (Matth.
663 2057 719 2123 X:
742 2058 799 2136 tt;
827 2057 905 2123 Luc.
932 2055 974 2122 lX
996 2080 1004 2122 ε
1029 2054 1062 2138 5)
1082 2082 1089 2123 :
1107 2059 1154 2124 Et
1168 2060 1360 2144 quicumque

177 2206 242 2250 nou
264 2183 418 2265 receperit
440 2202 510 2258 coo,
534 2201 633 2265 oeque
656 2182 796 2245 audierit
818 2200 979 2246 cormones
1003 2190 1137 2258 uestros,
1156 2192 1304 2246 exeuntes
1322 2185 1360 2246 de

78 2306 81 2313 ’
177 2311 304 2376 ciuitate
325 2309 400 2386 illc,
416 2310 512 2372 etium
533 2308 694 2389 pulverem
717 2306 833 2389 pedum
859 2314 1036 2369 uestrorum
1063 2306 1198 2370 concutite
1219 2308 1254 2370 iu
1271 2308 1360 2370 testi-

176 2436 321 2500 mout'ctot
337 2453 437 2516 attpro
456 2433 528 2498 illos
548 2429 606 2520 (εις
629 2452 793 2522 propropter
815 2432 1013 2519 cu’oumooq).
1031 2428 1163 2495 Paulum
1187 2438 1217 2494 ot
1239 2429 1358 2495 Barna·

176 2557 247 2625 bam
271 2576 309 2622 cx
334 2554 527 2623 Antiocheno
551 2555 707 2621 territorio
732 2552 923 2641 egredientes
947 2551 1008 2618 hoc
1032 2551 1160 2632 iecisse,
1186 2553 1286 2618 Lucas
1304 2551 1359 2619 hic

175 2690 409 2749 commemorat.
435 2681 510 2746 Erat
531 2689 633 2745 autern
658 2678 734 2745 haec
759 2679 897 2766 pulveris
925 2678 1068 2745 excussio
1097 2679 1177 2745 actio
1203 2678 1356 2766 quaedam

175 2806 366 2895 symbolica,
381 2825 441 2895 qua
458 2807 528 2893 quis
545 2803 749 2892 significabat,
765 2825 797 2871 se
810 2803 887 2870 nihii
900 2803 1034 2893 amplius
1047 2805 1225 2872 commercii
1240 2804 1359 2872 hahere

175 2930 254 2997 velle
278 2949 349 2996 cum
372 2927 450 3006 alio,
475 2946 609 3016 eumque
633 2925 791 2993 detestari.
810 2964 855 2975 -
875 2928 936 2990 Επι
960 2950 1068 3002 cucone
1089 2925 1279 2995 tantumdem
1304 2927 1358 2996 hic

175 3054 254 3122 valet
279 3051 362 3141 quod
382 3075 423 3125 εις
448 3072 612 3141 propropter
629 3053 674 3112 eu'
688 3072 814 3130 αυτους,
827 3049 876 3116 rel
892 3072 933 3123 εις
953 3071 1118 3139 propropter
1136 3073 1255 3131 αυτοις,
1275 3062 1308 3118 ut
1325 3052 1357 3118 in

174 3177 252 3246 locis
271 3174 426 3265 parallelis
439 3175 538 3242 Marc.
556 3174 599 3241 Vl
618 3193 625 3234 :
647 3176 684 3240 tr
706 3184 736 3240 et
749 3176 826 3241 Luc.
846 3173 888 3240 lX
908 3194 915 3235 ε
936 3176 955 3242 h’
973 3173 1096 3261 legitur.
1116 3174 1280 3242 Genitirus
1296 3199 1357 3239 των

176 3297 278 3366 codor
294 3320 355 3381 non
382 3297 494 3388 pendet
510 3318 528 3365 a
543 3321 593 3362 ror
618 3313 768 3386 κονιορτὸν
793 3297 849 3365 sed
872 3296 911 3364 ab
927 3294 1165 3384 εκτιναξαμενοι.
1192 3299 1270 3364 Cum
1288 3299 1358 3387 pul-

176 3444 281 3491 verem
297 3443 315 3489 a
331 3422 396 3490 suis
421 3419 553 3511 pedihus
578 3420 787 3489 excessissent
799 3422 948 3486 adversus
963 3422 1035 3486 illoc
1051 3418 1106 3500 (eu'
1123 3443 1247 3499 αυτους,
1269 3443 1301 3510 q.
1321 3423 1354 3490 d,

174 3546 408 3615 detestationem
425 3564 512 3612 suam
536 3544 599 3612 iilis
623 3542 801 3612 declarandi
826 3542 943 3625 eausa),
964 3544 1037 3610 inde
1054 3544 1183 3633 proiecti
1201 3555 1273 3611 sunt
1289 3547 1357 3613 lco-

175 3671 275 3738 nium.
302 3667 442 3736 iconium
467 3678 555 3734 antea
578 3666 756 3755 provinciae
779 3665 934 3754 Phrygiae
958 3666 1033 3733 urbs
1057 3665 1221 3755 (Xenoph.
1250 3669 1354 3736 Anah.

175 3795 347 3878 1:219),
374 3803 446 3859 tuno
469 3790 619 3880 temporis
643 3791 818 3876 Lycaoniae
845 3791 1028 3879 Metropolis
1052 3801 1129 3858 erat.
1154 3791 1203 3859 Ct'.
1228 3791 1356 3861 Wineri

176 3879 349 3988 Btottoct'u
366 3919 658 4002 Reuimirterduch,
677 3916 716 3987 ad
733 3915 766 3984 h.
786 3938 816 3984 r.

223 4165 278 4232 52.
304 4164 463 4247 Discipuli
486 4184 622 4250 quoque,
651 4171 739 4253 eto).
766 4165 886 4232 Graece
909 4172 983 4229 est:
1008 4168 1036 4226 ot
1063 4159 1096 4228 δε
1121 4163 1252 4248 μαθηται
1276 4165 1299 4231 i.
1324 4185 1353 4231 e.

177 4287 331 4370 discipuli
353 4297 469 4352 cutem.
496 4287 535 4352 Et
551 4305 660 4352 sensus
678 4294 746 4354 est:
766 4284 906 4373 Apostoli
933 4285 1058 4374 quidem
1075 4288 1115 4352 ita
1132 4286 1170 4353 ab
1186 4285 1356 4354 incredulis

177 4410 440 4482 Antiochensibus
468 4431 486 4478 a
513 4410 628 4478 finibus
656 4409 722 4478 suis
749 4409 872 4500 expulsi
899 4422 987 4492 sunt3
1018 4410 1130 4478 novelli
1160 4423 1265 4477 autem
1293 4407 1356 4502 (ie)
