3074 5054
180 424 245 490 stt
535 421 666 488 torus
703 422 1038 504 APOSTOLORUM,

178 611 366 678 tantumdem
384 630 453 677 esse
465 610 531 677 vult
544 610 626 699 quod
644 608 696 686 ἕως
711 610 814 687 caloae
827 613 892 679 sive
910 637 1000 705 μεχρι
1017 611 1137 693 reione,
1156 612 1210 680 sed
1227 613 1357 681 fallitur.

177 734 268 800 Certe
291 755 365 823 αχρι
381 754 474 817 repon
499 732 608 820 (Rom.
629 735 706 822 Cap.
726 735 783 804 V:
807 734 865 824 lb)
889 757 949 803 non
971 748 1018 804 est
1042 734 1095 810 ἕως
1116 761 1169 801 του
1185 735 1288 814 selom
1305 762 1360 802 του

178 879 289 941 nopae,
308 855 363 923 sed
387 877 483 941 nsque
507 859 549 921 acl
565 868 683 941 ternpus
707 861 805 937 illuct,
824 881 884 945 qno
908 861 974 925 Len
999 864 1073 926 doto
1089 871 1136 925 est
1142 912 1155 944 ,
1174 871 1208 928 nt
1223 877 1266 927 ert
1278 862 1361 929 Ver-

176 979 284 1045 sioulis
305 980 346 1045 li
364 989 393 1044 et
410 981 454 1046 20
471 979 514 1045 ibi
532 979 733 1068 sequentibus
750 981 917 1070 colligitur.

224 1107 270 1170 Et
291 1107 455 1189 confestim
478 1108 593 1172 cecidit
616 1110 651 1172 in
676 1129 746 1172 eum
771 1109 869 1191 coliae
894 1121 924 1173 et
947 1110 1106 1193 tenebrae,
1126 1113 1214 1197 etc).
1238 1111 1362 1179 Graece

179 1228 276 1316 αχλυς
291 1256 341 1294 και
358 1255 479 1310 oneror,
500 1253 578 1320 quae
601 1252 692 1299 voces
709 1233 774 1299 iere
789 1235 1032 1323 aequipollentes
1057 1248 1129 1302 sunt
1152 1235 1364 1324 (donterleeiol

180 1381 219 1425 en
234 1360 436 1448 dnisternis).
455 1359 652 1448 significatur
676 1359 735 1427 hac
758 1361 902 1449 loquendi
929 1364 1059 1443 ratione,
1079 1374 1112 1429 ut
1127 1361 1204 1428 milti
1221 1362 1360 1449 uidetur,

180 1494 240 1550 non
266 1483 361 1550 luisse
386 1482 455 1550 heic
479 1484 627 1550 divinitus
652 1483 761 1550 luctam
782 1484 915 1573 aliquam
939 1485 1050 1552 risifiei
1077 1487 1143 1552 eius
1168 1487 1272 1572 organi
1298 1486 1362 1552 lae·

179 1610 317 1691 sionem,
344 1610 398 1677 sed
422 1611 538 1677 tantum
556 1609 738 1698 impeditum
757 1610 853 1677 luisse
868 1610 906 1677 ad
924 1622 1046 1700 tempus
1066 1611 1228 1678 oculorum
1245 1632 1358 1693 usum3

178 1746 261 1822 puta,
278 1755 462 1822 percussum
482 1754 552 1802 eum
570 1734 667 1802 luisse
686 1759 837 1824 αορασιᾳ,
856 1747 888 1802 ut
905 1736 943 1803 de
962 1737 1129 1804 Sodomitis
1148 1737 1257 1824 legitur
1274 1738 1360 1804 Gen.

176 1858 256 1924 XlX
275 1877 282 1918 :
304 1860 358 1924 ll.
376 1857 535 1946 Quidquid
560 1858 611 1938 sit,
631 1858 757 1944 Elymas
781 1857 928 1925 divinitus
957 1860 1095 1948 privatus
1119 1859 1162 1927 ihi
1184 1860 1242 1926 luit
1261 1858 1363 1925 laeul-

179 1992 238 2047 tate
264 1980 404 2061 videndi,
430 1981 602 2070 eodemque
626 1983 656 2048 in
683 1982 768 2060 loco,
795 1983 986 2051 Proconsule
1010 1993 1184 2072 spectante,
1209 1985 1364 2049 oberrans

179 2104 369 2193 (περιαγων),
388 2114 461 2192 puta
482 2104 513 2170 in
531 2104 638 2171 orbem
663 2125 731 2172 sese
747 2101 874 2172 movens
899 2117 929 2172 et
945 2115 1065 2172 extenta
1083 2125 1174 2171 manu
1191 2104 1360 2193 palpitans,

180 2229 348 2314 quaerebat
371 2227 493 2317 (εζητει)
518 2231 760 2295 manuductores
783 2227 1024 2319 (χειραγωγους),
1050 2249 1146 2295 unum
1168 2226 1360 2306 alterumve,

179 2353 231 2441 qui
250 2352 353 2440 ipsum
370 2372 463 2418 manu
480 2351 618 2419 duceret.
633 2389 677 2399 —
694 2350 853 2440 Heptayon
870 2349 988 2417 dietum
1005 2349 1058 2416 hic
1074 2360 1121 2416 est
1137 2351 1360 2431 intransitive,

179 2476 259 2543 siout
282 2476 412 2544 verbum
436 2476 568 2566 simplex
585 2499 706 2566 αγωμεν
732 2497 856 2557 eomas,
875 2474 984 2543 lllatth.
1000 2476 1112 2543 XXVI
1131 2495 1138 2536 :
1159 2476 1214 2541 bb.
1233 2471 1364 2558 Legesis

180 2622 259 2689 quae
283 2600 457 2669 haedere
482 2602 597 2669 notarit
618 2602 755 2668 Zeuuius
776 2601 814 2668 ad
839 2601 944 2689 Vigeri
963 2601 1038 2689 Cap.
1066 2601 1115 2680 V,
1141 2600 1223 2668 Soet.
1247 2600 1277 2675 l,
1298 2597 1361 2663 Xl.

229 2845 281 2910 lt.
309 2845 395 2910 Tunc
422 2843 597 2907 Proconsnl
623 2864 719 2926 qaam
746 2846 896 2923 uidisset,
926 2847 1081 2922 credidit,
1111 2842 1200 2924 etc).
1230 2840 1361 2907 Edilum

180 2965 281 3032 luerat
304 2965 364 3033 hoc
388 2965 572 3033 miraculum
598 2968 731 3035 maxime
756 2969 786 3034 in
809 2968 1074 3036 confirmationem
1098 2968 1235 3034 veritatis
1252 2966 1364 3034 Chris·

182 3093 280 3158 tianae
304 3093 478 3172 doctrinae,
506 3111 598 3180 quam
622 3093 773 3182 impostor
800 3093 853 3160 ille
878 3093 1086 3183 impugnabat.
1111 3095 1150 3160 Et
1173 3092 1270 3182 probe
1300 3091 1365 3160 hoc

178 3214 328 3282 intellexit
355 3217 481 3304 Sergius
512 3217 637 3283 Paulus.
673 3216 730 3282 llic
758 3237 851 3304 ergo,
876 3238 972 3301 quum
1000 3219 1129 3282 uidisset
1157 3211 1255 3306 (ibon)
1284 3213 1363 3302 quid

179 3337 307 3425 Elymae
331 3341 494 3408 accidisset
522 3347 567 3430 (το
591 3339 739 3429 papante),
765 3341 921 3428 sciretque
945 3342 1047 3408 Deum
1072 3361 1132 3408 nan
1156 3359 1248 3428 posse
1276 3338 1364 3404 testi-

178 3461 316 3527 monium
342 3461 509 3551 perhibere
536 3449 677 3542 falsitati,
703 3461 806 3528 divina
833 3462 927 3549 gratia
953 3461 1075 3528 adiutus
1101 3460 1266 3547 Evangelio
1291 3480 1363 3527 ore-

179 3583 256 3652 didit
271 3584 485 3674 (επιστευσεν),
501 3586 610 3675 plenus
626 3585 828 3652 admiratione
841 3583 1112 3672 (εκπλησσομενος,
1126 3585 1275 3672 Partioip.
1297 3586 1363 3650 lm·

177 3705 271 3795 peri.)
288 3707 328 3775 ob
344 3708 515 3776 doctrinam
539 3707 764 3789 Christianam,
794 3717 935 3795 atquae
964 3729 1000 3775 eo
1029 3708 1198 3788 miraculo,
1229 3707 1273 3774 illi
1307 3708 1362 3775 de-

176 3832 403 3900 monstrabatur
419 3853 488 3900 esse
510 3832 626 3901 divina.

222 4079 275 4145 15.
301 4081 345 4144 Et
360 4100 458 4164 qnam
475 4101 494 4142 o
509 4080 619 4163 Papho
643 4074 870 4163 aooipossent).
890 4080 1010 4147 Graece
1035 4089 1081 4145 est
1104 4079 1255 4167 Partioip.
1277 4082 1358 4146 Aer.

173 4203 262 4269 Pass.
285 4204 371 4293 (cum
400 4204 524 4270 notione
551 4205 665 4287 meato)
694 4203 888 4287 αναχθεντες,
921 4203 1003 4290 quod
1032 4203 1218 4269 verbotenus
1246 4203 1356 4270 valet:

173 4346 270 4411 qnam
285 4349 415 4393 snrsnm
436 4327 482 4416 (in
507 4326 603 4392 altum
627 4333 722 4411 mare)
740 4328 919 4391 duxissent.
945 4327 1065 4415 Nempe
1090 4347 1264 4415 anayopoa,
1283 4326 1355 4394 scil.

174 4472 265 4530 ναυν,
283 4451 314 4517 in
341 4473 375 4518 re
399 4451 537 4531 nautica,
557 4461 590 4517 ut
606 4448 673 4530 hio,
686 4428 859 4516 ‘actitetur
877 4448 917 4517 de
933 4452 972 4519 iis
988 4452 1041 4540 qui
1066 4452 1189 4519 solvunt
1213 4470 1356 4518 naveme
