3074 5054
425 383 564 450 CAPUT
599 383 665 462 IX,
702 382 822 450 VERS.
863 383 1008 450 11-15,
1240 383 1336 485 aar

126 586 191 643 tect
205 579 322 661 [acme.
338 611 382 623 -
398 572 490 658 Quod
506 574 607 640 Lucas
626 593 686 640 non
704 573 866 661 scripserit
885 596 892 637 ε
913 583 942 636 et
958 574 1040 638 cidit
1057 572 1171 639 Snuuus
1187 577 1305 651 cirum,

125 699 156 766 id
169 698 296 788 quidem
313 696 521 764 difficultatem
540 717 600 764 non
617 696 727 777 habet,
742 717 838 785 quum
856 696 1010 785 quodnam
1028 706 1110 763 esset
1126 695 1306 763 Subiectum

126 821 220 889 buius
239 821 400 901 orationis,
425 820 457 885 in
474 818 533 886 bac
548 820 629 886 serie
646 820 830 886 narrationis
849 840 939 886 nemo
957 818 1113 906 ambigere
1130 830 1246 907 posset.
1266 821 1306 885 Et

126 965 218 1025 vero,
244 946 270 1011 si
295 964 426 1034 eaquae
450 944 502 1011 bic
527 945 670 1031 leguntur
694 956 796 1011 essent
811 944 905 1010 uerba
928 944 1055 1011 Domini
1083 944 1121 1011 ad
1138 946 1307 1026 Ananiam,

126 1068 239 1147 oratio,
253 1069 378 1156 opinor,
397 1068 444 1133 sic
459 1066 649 1134 conformata
666 1066 774 1132 suisset
789 1087 797 1129 τ
813 1078 842 1132 et
858 1068 936 1133 uidit
951 1088 987 1132 ru
1005 1070 1229 1147 introeuntem,
1245 1078 1305 1135 etc.

127 1229 171 1240 -
186 1191 272 1257 Bene
287 1188 340 1257 hic
360 1200 464 1256 mouet
486 1190 693 1279 Stapletonius
717 1189 888 1267 «bilustre,
907 1193 1030 1276 inquit,
1051 1190 1112 1258 hoc
1128 1193 1305 1282 exemplum

126 1324 174 1380 est
187 1313 363 1391 visionum,
382 1313 497 1402 quibus
519 1324 641 1380 sanctos
667 1324 697 1379 et
720 1313 836 1380 electos
852 1333 926 1381 suos
942 1315 1030 1381 Deus
1046 1325 1098 1380 θυι
1114 1316 1305 1399 consolatur,

126 1448 181 1504 θυι
207 1436 317 1516 docet,
341 1448 394 1503 aut
417 1437 508 1503 etiam
524 1437 699 1503 salubriter
728 1446 841 1516 terret,
872 1457 978 1504 earum
1001 1458 1107 1504 rerum
1136 1441 1258 1528 species
1282 1452 1313 1507 et

127 1559 348 1626 similitudines
364 1559 427 1625 ittis
444 1558 596 1625 exhibens
612 1579 665 1626 seu
684 1559 881 1647 uigilantibus
900 1579 954 1627 seu
972 1558 1212 1641 dormientibus,
1232 1582 1310 1652 quae

126 1693 181 1750 aut
203 1682 312 1751 eodem
337 1694 476 1770 tempore
500 1682 568 1748 fieri
592 1683 825 1772 praecipiuntur
849 1695 941 1772 atque
966 1683 1149 1751 ordinantur
1171 1686 1309 1753 certissi-

127 1823 241 1892 meque
263 1802 383 1870 suturae
408 1814 497 1884 sunt,
516 1815 549 1870 ut
571 1805 601 1870 in
626 1804 685 1871 bae
706 1805 843 1886 visione,
862 1806 910 1872 uel
933 1807 1025 1873 etiam
1049 1807 1087 1875 de
1109 1807 1189 1875 iacto
1212 1807 1308 1891 fiunt,

128 1928 231 2016 qualia
255 1938 406 1995 memorat
426 1929 458 1996 S.
481 1930 712 2016 Augustinus..
733 1931 821 2014 Quae
846 1930 948 1997 omnia
969 1941 1003 1996 ut
1024 1930 1177 1998 increduli
1201 1932 1309 2000 baere-

128 2038 181 2119 tici
199 2063 229 2118 et
245 2053 370 2118 nomine
386 2052 476 2119 tends
498 2050 665 2117 Christiani
682 2062 734 2118 aut
750 2051 880 2120 irrident
902 2064 954 2120 θυι
974 2064 1192 2136 contemnunt,
1211 2056 1257 2123 sic
1273 2078 1308 2124 ex

130 2173 188 2240 hac
200 2173 338 2254 visione,
353 2193 414 2262 qua
430 2173 526 2241 Paulo
550 2173 581 2240 id
606 2173 700 2240 vetuti
719 2173 832 2241 sactum
849 2186 902 2242 aut
917 2177 1021 2264 potius
1039 2177 1106 2244 fieri
1125 2179 1310 2263 ostenditur,

130 2297 213 2387 quod
229 2309 264 2364 ut
281 2297 369 2364 fieret
392 2297 501 2364 eodem
526 2298 675 2385 temporis
692 2309 848 2365 momento
865 2298 952 2365 Deus
968 2299 1182 2380 ordinaverat,
1201 2323 1310 2372 eorum

129 2423 331 2491 incredulitas
355 2422 445 2489 facile
467 2421 636 2503 refellitur;
656 2421 716 2488 nisi
740 2422 819 2489 sorte
842 2422 926 2510 quod
951 2423 1047 2490 semel
1071 2426 1173 2493 Deum
1199 2426 1311 2494 secisse

129 2543 292 2633 Scriptura
314 2555 554 2624 commemorat,
572 2544 604 2610 id
622 2564 639 2610 a
658 2546 726 2611 Deo
751 2554 857 2633 postea
880 2544 1048 2612 identidem
1071 2546 1138 2613 beri
1160 2562 1309 2636 nequeat,

129 2677 183 2735 θυι
201 2667 316 2734 iactum
336 2688 405 2735 esse
426 2688 465 2734 ex
487 2668 740 2754 grauissimorum
763 2668 901 2734 virorum
929 2668 1115 2736 testimoniis
1136 2672 1220 2738 credi
1248 2694 1309 2740 non

130 2791 268 2859 debead.
288 2818 301 2848 ι

178 3039 231 3105 ta.
258 3037 411 3117 Domine,
429 3039 538 3101 cadim
559 3059 578 3101 o
597 3039 725 3115 multis,
741 3036 832 3123 etc).
859 3038 916 3105 Gr.
942 3061 1001 3100 απο
1025 3035 1146 3101 rariter
1169 3038 1239 3105 scil.
1258 3061 1310 3102 αν-

128 3159 269 3247 Operam.
286 3158 396 3227 Graeci
413 3170 532 3225 veteres
548 3157 692 3225 dicebant
707 3181 739 3220 εκ
755 3155 894 3236 cobbart,
909 3180 994 3247 παρα
1010 3157 1150 3237 notter,
1170 3160 1218 3226 vel
1235 3158 1310 3225 πολ-

129 3277 209 3358 λων,
228 3300 396 3369 suppressa
420 3281 665 3370 Praepositiooe.
693 3309 707 3338 a
733 3281 845 3349 Vaick.
873 3279 968 3347 adh.
994 3281 1017 3347 l.
1042 3320 1086 3330 —
1110 3284 1248 3350 Pronum
1264 3293 1312 3350 est

127 3400 286 3482 iudicare,
305 3403 454 3470 Ananiam
478 3402 517 3470 de
542 3403 823 3489 Hierosolymitana
840 3403 892 3470 itta
909 3405 1127 3492 persecutione
1142 3404 1307 3472 certiorem

126 3523 284 3592 redditum
300 3524 396 3593 fuisse
419 3537 471 3593 θυι
487 3525 612 3614 publica
628 3526 673 3590 rei
690 3525 787 3605 sama,
805 3526 922 3592 autvel
939 3526 977 3593 ab
994 3527 1098 3615 aliquo
1115 3525 1306 3608 Christiano,

126 3647 181 3736 qui
200 3648 417 3734 Hierosolyma
440 3648 589 3737 expulsus
612 3649 801 3715 Damascum
820 3668 854 3714 se
870 3650 1051 3738 recepisset.
1073 3648 1199 3714 Sanctis
1218 3651 1305 3727 sois,

126 3755 161 3836 hss
181 3790 210 3836 e.
230 3769 288 3850 iis,
303 3771 355 3858 qui
374 3791 485 3838 nomen
502 3782 589 3838 tuum
607 3770 758 3861 professi,
776 3770 830 3837 tibi
849 3771 959 3850 dicati,
979 3771 1090 3838 sacrati
1108 3781 1191 3838 sunt.

172 3895 217 3959 Et
232 3894 300 3973 bic,
319 3892 409 3982 ete).
429 3889 487 3958 ὡδε
503 3897 570 3974 bic,
590 3894 612 3960 i.
628 3914 656 3960 e.
673 3897 709 3959 in
724 3897 783 3959 bac
798 3897 937 3960 civitate.
954 3894 1071 3961 Sensus
1085 3905 1132 3961 est
1150 3919 1158 3961 :
1178 3905 1208 3960 et
1223 3895 1307 3962 venit

125 4019 208 4097 huc,
226 4030 351 4107 accepta
378 4040 395 4086 a
423 4020 576 4107 Synedrio
601 4030 750 4108 potestate
774 4019 959 4086 coniioiendi
983 4019 1014 4085 in
1037 4018 1161 4085 vincula
1182 4013 1308 4107 (ducat)

125 4150 280 4229 quotquot
304 4145 449 4207 invocant
466 4140 707 4228 (επικαλουμενοι
726 4140 829 4230 Med.)
854 4162 965 4208 nomen
983 4154 1088 4221 tuum,
1104 4140 1137 4207 h.
1157 4160 1185 4205 e.
1207 4141 1258 4228 qui
1278 4151 1306 4205 te

127 4312 303 4323 ,ιι-ο...

161 4393 181 4458 ¹)
198 4393 307 4458 Staplet.
325 4394 354 4444 in
373 4393 505 4446 Antidotis
524 4393 695 4458 Apostolicis,
708 4392 779 4444 adh.
794 4392 811 4442 l.
