3074 5054
435 347 581 468 'CAPUT
621 399 684 478 111,
725 397 836 467 VERS
870 396 973 463 2-6.
1266 396 1309 462 83
1395 398 1397 403 ’

177 591 210 654 5.
228 590 424 673 Incipientes
440 592 601 677 introire).
620 590 678 658 Gr.
698 585 864 674 μελλοντας
879 609 1022 664 arctoum,
1040 584 1075 653 h.
1093 605 1123 652 e.
1142 589 1313 652 incoasse

130 724 167 778 ot
185 716 441 798 iope-ederentur,
458 712 507 779 vel
524 714 661 779 volentes
679 714 814 795 inpendi.
833 710 882 778 Cl.
901 712 1012 778 Herm.
1031 708 1071 777 ad
1086 709 1159 797 vig.
1179 730 1211 799 p.
1231 711 1310 778 754.

133 836 283 925 leupone
301 824 462 926 (Imperi.)
483 835 683 923 ελεημοσυνην
707 831 824 920 1414444ι
842 834 1046 902 Pleonasmus
1069 832 1195 922 quidem
1218 843 1265 900 esi
1280 833 1312 899 ln

131 984 208 1031 voce
230 962 354 1051 λαβειν,
373 964 446 1047 sed,
473 976 596 1033 notante
619 964 849 1044 Valckenario,
867 965 1056 1053 scriptores,
1082 962 1175 1030 ctiam
1196 962 1313 1050 optime

132 1089 262 1171 Graeci,
286 1089 382 1158 444144
395 1090 514 1179 aliquot
529 1091 576 1157 sie
591 1090 691 1157 solent
705 1088 841 1157 adiicere
858 1109 915 1176 per
931 1088 1168 1164 Pleonasmum,
1187 1080 1309 1170 λαβειν,

133 1209 252 1299 λαχειν,
269 1236 384 1300 τυχειν,
403 1215 507 1303 eripere.
526 1213 641 1282 Confer
655 1214 725 1281 dot.
740 1213 802 1282 Vll
819 1233 827 1275 ι
843 1213 898 1290 46,
913 1211 980 1293 ubi,
999 1210 1093 1277 simili
1109 1210 1309 1290 Pleonasmo,

133 1334 173 1402 ad
189 1355 296 1403 vocem
312 1361 445 1426 ῃτησατο
468 1337 624 1405 adiectum
647 1346 695 1404 est
716 1335 847 1403 verbum
864 1336 969 1424 εὑρειν.
988 1332 1129 1403 Verbum
1146 1330 1251 1419 λαβειν
1269 1341 1317 1399 441

135 1462 328 1547 lnlinitivus,
359 1484 452 1555 quem
480 1476 590 1534 vocant
617 1469 705 1549 scopi
738 1465 803 1532 sive
829 1465 923 1547 fiais,
955 1462 993 1530 dc
1021 1482 1083 1549 quo
1111 1460 1227 1529 videsis
1255 1461 1313 1530 Gr.

134 1607 205 1676 pag.
223 1591 301 1657 555.
321 1591 362 1668 53
381 1609 477 1678 quare
493 1598 577 1656 recte
593 1588 727 1678 Vulgata
742 1587 835 1654 vertit
853 1611 861 1653 ε
880 1588 1010 1670 repedat
1026 1597 1063 1650 ot
1086 1588 1315 1670 eleemosynam

133 1714 299 1795 occiperet.
317 1711 481 1781 Mendious
496 1713 567 1794 ille,
585 1722 620 1780 nt
635 1722 718 1779 notat
742 1711 1004 1798 Chrysostomus,
1022 1729 1061 1776 ex
1077 1708 1228 1776 modestia
1243 1706 1312 1774 vul-

135 1844 184 1902 tus
206 1845 236 1902 et
258 1834 365 1902 habitu
387 1837 481 1903 totius
504 1836 646 1925 corporis
670 1834 858 1916 coniecerit,
872 1836 1000 1901 Petrum
1023 1843 1053 1900 et
1076 1834 1223 1899 loannem
1246 1851 1315 1898 esse

135 1956 218 2024 viros
234 1958 322 2046 pioS,
339 1977 358 2025 a
374 1957 487 2046 quihus
511 1956 709 2044 eleemosyna
731 1956 851 2047 sperari
869 1965 987 2047 posset.
1006 1955 1107 2025 Habet
1122 1955 1204 2022 enim
1221 1973 1312 2021 suum

136 2083 291 2171 ingenium
308 2084 508 2164 mendicitas,
527 2094 561 2152 ut
576 2085 619 2153 ait
634 2086 796 2152 Erasmus.
1242 2069 1244 2073 ¹

180 2317 460 2404 d-d.1otoens).
485 2317 633 2392 Ατενισας
653 2318 723 2386 soil.
749 2315 934 2410 οφθαλμους.
952 2317 1036 2387 Vide
1057 2337 1152 2408 supra
1174 2316 1212 2385 ad
1235 2318 1314 2408 Cap.

135 2443 176 2510 l:
198 2445 250 2512 10.
275 2444 407 2527 Respice
436 2445 470 2508 iu
491 2443 565 2508 4441
593 2442 660 2510 Η44
690 2440 837 2531 loquendi
865 2440 1018 2537 formula,
1048 2441 1178 2529 opinor,
1202 2443 1316 2508 Petrus

134 2565 266 2633 voluerit
280 2566 458 2634 mendicum
474 2575 622 2634 attentum
643 2564 774 2633 reddere
790 2564 829 2632 ad
844 2564 1029 2632 miraculum
1055 2564 1139 2652 quod
1163 2575 1245 2631 esset
1261 2584 1317 2654 pa-

135 2700 289 2771 14414444,
306 2700 341 2757 41
361 2692 405 2768 is,
428 2690 548 2761 sanitati
574 2690 752 2769 4441114144,
777 2689 822 2755 rei
845 2689 1005 2756 veritatem
1033 2709 1189 2779 exponere
1212 2700 1319 2777 posset

135 2813 220 2879 testis
242 2833 335 2903 quam
361 2813 496 2881 maxime
523 2812 666 2881 idoneus.
692 2815 755 2880 lsta
778 2807 1009 2900 lormaplopoo
1030 2835 1071 2886 εις
1092 2812 1192 2898 ἡμας,
1216 2810 1319 2900 inquit

135 2936 338 3020 Valckenaer,
353 2939 479 3028 optimis
502 2939 592 3007 ctiam
617 2940 747 3009 Graecis
772 2940 900 3020 usitata,
915 2950 1051 3023 potrum
1064 2949 1130 3006 erat
1145 2938 1194 3005 vel
1210 2941 1314 3004 domi-

134 3063 303 3131 commod
328 3062 443 3130 liberos
466 3063 513 3129 vel
538 3083 662 3143 servos,
681 3062 804 3151 quando
822 3061 880 3129 hos
896 3062 1000 3130 minus
1016 3073 1165 3142 altentoe,
1184 3072 1316 3128 attentos

134 3204 202 3253 esse
224 3185 382 3254 iubebant.
400 3187 607 3269 Incendebat,
628 3186 771 3254 Graece:
789 3209 906 3272 επειχεν
927 3209 1029 3259 αυτοις
1052 3184 1122 3254 4411.
1147 3209 1198 3249 τον
1222 3208 1312 3262 uoco,

134 3314 278 3379 animum
293 3312 495 3403 (oculosque)
512 3317 546 3380 in
562 3316 635 3380 illoc
651 3287 847 3397 intendebat,
866 3315 978 3402 stipem
995 3322 1191 3401 exspectans,

180 3557 212 3624 6.
229 3557 409 3642 Arpeotum
426 3569 455 3624 ct
468 3556 612 3644 aarum).
630 3556 747 3624 Sensus
763 3567 810 3623 est
829 3581 836 3624 :
855 3557 1018 3645 pecuniam
1035 3575 1097 3622 non
1114 3553 1234 3636 habeo,
1252 3573 1314 3622 non

136 3679 278 3768 possideo
302 3680 461 3769 (Chrys),
487 3685 570 3768 quod
598 3692 704 3747 autem
724 3678 785 3771 (de)
807 3683 902 3747 dobeo
922 3680 970 3770 (in
995 3700 1063 3748 mea
1088 3690 1237 3769 potestate
1260 3699 1317 3768 per

136 3799 308 3871 laenitatem
333 3805 473 3894 patrandi
499 3805 666 3887 miracula,
688 3806 868 3886 sanitatem,
892 3805 1037 3894 inquam,
1058 3815 1089 3871 et
1108 3801 1315 3871 valetudinem

136 3928 275 4016 corporis
288 3925 362 4014 tui),
376 3932 433 3995 doe
449 3929 508 3994 tibi
523 3928 576 3997 hic
591 3930 652 3996 iam
668 3931 708 3994 do
720 3955 730 3995 .·
743 3948 800 4018 per
812 3929 956 3996 virtutem
973 3929 1038 3995 siue
1055 3927 1224 4016 potentiam
1242 3929 1314 3993 lesu

135 4052 284 4120 Nazareni
301 4053 454 4136 Messiae,
479 4075 572 4142 surge
588 4074 605 4121 4
621 4053 709 4135 1444,
727 4055 760 4120 in
777 4074 839 4143 quo
856 4053 958 4133 iaces,
977 4063 1007 4120 ct
1023 4051 1164 4120 ambula!
1181 4090 1225 4101 -
1241 4051 1317 4117 Erat

167 4330 188 4397 ¹)
204 4331 270 4383 Van.
289 4345 389 4385 444444.
406 4330 513 4385 Codices
529 4330 612 4384 ABCE
629 4335 656 4383 ot
678 4331 803 4385 Minuscc.
821 4327 898 4380 multi
920 4331 978 4394 post
995 4312 1196 4401 ελεημοσυνην
1213 4326 1317 4382 addunt

16 4432 23 4444 ⁸
133 4403 356 4492 rocemllcsleru.
