3074 5054
497 366 538 431 lN
562 364 699 433 ACTUS
723 361 1047 431 APOSTOLORUM.

221 558 271 626 Ad
286 557 363 624 haec
379 556 603 645 respondemus
623 581 630 621 :

220 663 255 752 a)
277 663 368 751 Quod
396 664 503 731 attinet
523 662 561 730 ad
583 682 618 730 ea
641 663 672 728 in
696 661 809 752 quibus
833 671 941 728 auctor
968 663 1103 729 Actuum
1127 662 1348 751 Apostolorum

177 773 293 839 Wettio
320 773 405 839 uisus
428 782 474 838 εει
502 769 769 859 historiographus
798 770 828 835 in
854 768 1010 835 nonnullis
1034 769 1121 836 Pauli
1146 769 1240 856 gestis
1268 768 1349 836 rele-
1397 817 1401 828 .

177 878 279 945 rendis
296 879 376 943 iusto
393 877 517 959 parcior
535 887 565 942 et
582 877 720 955 tenuior,
738 874 776 942 ad
794 874 871 942 haec
884 895 1064 954 monemus,
1083 875 1209 941 minime
1226 885 1347 942 certum

175 1003 255 1064 esse,
273 984 390 1050 Lucam
412 1003 449 1050 eo
472 992 611 1071 tempore
632 983 747 1050 librum
764 1003 856 1050 suum
872 983 1103 1070 composuisse,
1124 1003 1186 1071 quo
1209 993 1348 1071 tempore

176 1111 247 1158 cum
263 1091 358 1158 Paulo
375 1090 583 1172 versabatur¹3
610 1091 689 1169 imo,
711 1089 778 1157 lieri
805 1091 958 1179 potuisse,
974 1101 1008 1156 ut
1023 1091 1123 1157 Lucas
1140 1099 1204 1156 tum
1222 1088 1346 1156 demum

177 1187 294 1286 ce'perit
313 1198 385 1266 libri
407 1198 455 1264 sui
479 1197 696 1265 conscribendi
720 1199 906 1277 consilium,
921 1218 1017 1287 quum
1043 1197 1103 1264 ianr
1128 1197 1261 1285 amplius
1277 1216 1348 1264 cum

178 1304 272 1371 Paulo
295 1326 356 1372 non
378 1316 471 1373 esset.
496 1307 584 1391 Quae
606 1307 632 1372 si
656 1306 697 1372 ita
718 1306 797 1383 sint,
824 1305 961 1394 prolecto
986 1325 1046 1371 non
1075 1315 1122 1370 est
1149 1325 1206 1370 cur
1236 1305 1350 1372 mirum

179 1411 274 1478 uideri
292 1414 412 1492 debeat,
427 1415 543 1481 Lucam
557 1414 587 1479 in
601 1413 758 1480 nonnullis
774 1413 861 1480 Pauli
876 1412 971 1500 gestis
989 1411 1159 1479 referendis
1176 1413 1349 1501 parciorem

179 1529 210 1585 et
223 1520 395 1587 tenuiorem
408 1521 519 1601 luisse3
535 1540 646 1608 nempe
659 1540 693 1586 ea
706 1521 822 1588 tantdm
840 1521 950 1587 litteris
966 1518 1156 1587 mandaverit
1171 1538 1250 1608 quae
1266 1529 1350 1586 certa

179 1626 305 1694 scientia
328 1627 388 1715 ipsi
416 1625 538 1693 lucrant
564 1638 741 1716 comperta,
766 1627 855 1716 plura
876 1627 1068 1710 scripturus,
1093 1626 1120 1692 si
1142 1625 1272 1692 Paulum
1294 1647 1350 1715 po-

179 1731 285 1798 tuisset
300 1733 506 1820 interrogare,
525 1744 578 1800 aut
592 1734 653 1801 alia
668 1745 750 1800 certa
767 1735 816 1800 via
832 1733 939 1801 eadem
956 1733 1085 1799 rescire.

221 1839 417 1927 Quamquam
443 1840 654 1928 periculosum
682 1852 746 1921 est,
776 1842 834 1907 nisi
868 1840 1032 1907 consilium
1064 1842 1199 1908 auctoris
1227 1842 1351 1930 penitds

177 1957 373 2035 perspectum
406 1946 539 2028 habeas,
568 1947 715 2016 audacius
749 1948 827 2014 velle
860 1947 1007 2026 delinire,
1038 1967 1187 2036 quasnam
1219 1948 1272 2014 ille
1300 1970 1350 2014 res

177 2053 352 2141 copiosius,
375 2074 522 2144 quasnam
544 2057 616 2122 verb
642 2055 752 2122 exilius
778 2066 907 2122 tractare
930 2054 1083 2122 debuerit.
1109 2055 1238 2122 Librum
1259 2075 1350 2122 suum

178 2161 276 2227 Lucas
292 2163 468 2250 composuit
483 2163 514 2229 in
530 2162 658 2250 gratiam
675 2162 765 2229 amici
782 2162 831 2230 sui
847 2161 1014 2251 Theophili
1031 2162 1116 2251 (Act.
1137 2162 1150 2227 1
1171 2187 1179 2228 :
1200 2160 1245 2250 l).
1265 2161 1349 2246 Quid

178 2269 203 2335 si
221 2291 280 2337 non
296 2272 430 2337 nesciret
445 2271 640 2360 Theophilus
657 2291 692 2337 ea
714 2272 743 2337 in
766 2271 880 2360 quihus
900 2269 1080 2338 enarrandis
1102 2281 1209 2336 auctor
1231 2271 1349 2337 Wettio

178 2376 297 2444 videtur
313 2378 394 2445 iusto
412 2379 536 2467 parcior
552 2389 581 2445 et
597 2380 742 2447 tenuior?

222 2486 262 2551 At
289 2485 391 2566 enim,
418 2487 519 2574 inquit
544 2488 700 2567 WettiuS,
730 2488 835 2554 insunt
863 2488 894 2553 in
922 2506 958 2553 ea
986 2486 1057 2555 libri
1087 2495 1173 2576 parte
1201 2485 1350 2574 quaedam

177 2595 275 2676 sulse,
306 2592 456 2681 quaedam
487 2595 601 2676 dubio,
632 2593 782 2683 quaedam
810 2594 902 2660 etiarn
931 2592 1199 2659 contradictorio!
1215 2630 1258 2640 -
1275 2594 1349 2671 Fae,

178 2700 298 2766 remita
320 2720 354 2766 εε
380 2700 510 2781 habere3
529 2712 559 2766 at
581 2700 652 2767 inde
670 2721 730 2767 non
760 2701 979 2790 consequitur,
1004 2700 1088 2790 quod
1112 2701 1175 2767 vult
1190 2698 1346 2777 wellias,

178 2829 288 2897 nempe
300 2808 433 2876 dubitari
452 2830 543 2896 posse
559 2831 596 2876 an
614 2831 674 2876 non
692 2811 732 2878 sit
747 2811 879 2878 mendax
895 2823 1003 2877 auctor
1019 2811 1093 2877 dum
1110 2831 1144 2876 se
1159 2809 1350 2898 aliquamdiu

177 2917 262 2982 Pauli
279 2919 399 2983 socium
416 2917 512 2984 luisse
528 2918 620 2996 dicit,
643 2919 824 3007 praesertim
842 2939 937 3006 quum
955 2919 1014 2984 alia
1029 2917 1131 2984 adsint
1153 2929 1349 3005 argumenta,

179 3043 254 3112 quae
271 3022 350 3090 hanc
373 3045 439 3090 rem
463 3023 659 3091 confirmant.
678 3027 718 3092 Et
744 3028 816 3092 verb
839 3046 934 3113 quum
951 3026 1088 3092 Wettius
1105 3025 1259 3112 opinetur,
1279 3044 1351 3091 auc-

180 3141 275 3196 torem
299 3128 369 3195 libri
393 3132 528 3196 Actuum
551 3131 790 3220 Apostolorum,
821 3133 1009 3220 quicumque
1035 3131 1158 3198 tandem
1186 3131 1213 3198 is
1240 3131 1350 3209 luerit,

179 3257 238 3302 non
265 3237 367 3304 minus
391 3257 483 3325 quam
500 3239 593 3305 alium
617 3240 757 3328 quemvis
779 3241 963 3332 scriptorem
979 3260 996 3305 a
1014 3259 1086 3304 vero
1110 3238 1247 3327 potuisse
1263 3237 1352 3305 aber-

179 3364 265 3423 rare,
290 3345 316 3409 si
340 3345 366 3410 is
389 3364 498 3434 reapse
526 3346 639 3414 alicubi
664 3347 829 3426 erraverit,
853 3367 890 3412 au
921 3346 989 3414 idad
1015 3346 1083 3413 iure
1109 3345 1210 3413 vocari
1239 3345 1352 3434 poterit

180 3451 210 3517 in
227 3453 436 3541 suspicionem
454 3454 630 3522 mendaciiil

223 3560 342 3627 Verum
365 3558 445 3626 absit
473 3571 506 3627 ut
529 3563 648 3628 Wettio
673 3562 851 3650 largiantur,
873 3583 1037 3630 occurrere
1060 3563 1092 3628 in
1115 3560 1195 3628 libro
1218 3562 1352 3628 Actuum

178 3665 237 3731 alia
252 3669 354 3750 salso,
374 3667 432 3732 alia
449 3670 722 3735 contradicente.

212 3901 230 3965 ¹)
248 3902 311 3954 Vide
332 3903 400 3954 inira
419 3903 433 3969 ἓ
452 3905 476 3954 5.
499 3907 536 3957 Dc
558 3911 671 3970 tempore
691 3919 742 3972 quo
789 3904 862 3970 halt).
875 3903 937 3955 Vult
953 3903 1064 3955 Wettius
1081 3906 1110 3955 ut
1126 3904 1152 3954 id
1171 3903 1240 3969 quod
1258 3903 1353 3957 dicitur

178 3986 341 4050 conscriptus
360 3988 395 4038 sit
413 3987 478 4039 liber
494 3988 606 4039 Actutum
628 3990 743 4055 Aposto-
788 3984 851 4050 Cap.
870 3986 904 4037 xl
917 4002 922 4037 :
937 3986 968 4036 30
983 4000 988 4034 ι
1002 3985 1130 4037 mittentes
1144 3985 1286 4052 (collectam
1304 4000 1354 4052 pe·

177 4070 272 4120 lorum.
788 4067 1030 4131 cuniamlseniorcs
1046 4081 1093 4132 per
1105 4068 1354 4121 mauosBcruabac

211 4148 231 4213 ¹)
248 4149 305 4201 Non
325 4150 387 4201 satis
411 4151 593 4216 intelligimus,
614 4166 742 4218 quaenam
789 4155 812 4200 et
829 4148 908 4200 Sauli
914 4189 921 4211 ,
934 4150 1098 4202 conteramus
1112 4164 1173 4202 cum
1188 4164 1219 4202 εο
1231 4153 1302 4217 quod
1313 4152 1354 4204 la-

177 4231 232 4282 εἰει
256 4231 300 4284 illa
329 4247 396 4299 quae
423 4234 534 4285 Wettius
554 4235 672 4301 respicit,
699 4237 743 4287 uhi
788 4234 859 4296 gitur
876 4234 903 4284 in
921 4234 969 4299 Ep.
986 4233 1018 4285 ad
1040 4233 1160 4299 Galatas,
1179 4235 1241 4301 Cap.
1262 4236 1354 4288 l·l:l:

179 4311 251 4374 dicit,
261 4315 288 4363 in
298 4314 407 4366 Actibus
419 4307 600 4380 Apostolorum
610 4330 744 4369 occurrere
789 4316 886 4367 Deirtde
900 4324 961 4381 post
977 4332 1064 4369 anuos
1079 4319 1290 4384 quatuordecim,
1303 4319 1355 4371 itc-

179 4395 257 4446 etiam
275 4398 403 4461 quaedum
423 4399 503 4451 dubia
524 4398 610 4464 (theils
625 4401 744 4453 zweilel-
788 4415 849 4452 rum
867 4403 991 4454 adscendi
1008 4404 1197 4472 lerolosymam
1211 4418 1270 4458 cunt
1280 4403 1354 4460 Bar-
