3074 5054
173 419 216 482 70
508 408 643 478 tertis
678 409 1013 489 APOSTOLORUM,

175 599 252 665 haec
269 595 451 663 vaticinatus
469 607 553 672 erat,
572 596 660 663 Deus
676 597 872 664 resuscitavit
889 616 906 662 a
924 596 1073 676 mortuis,
1091 599 1182 661 cuim
1198 597 1247 659 rei
1261 594 1312 680 (οὐ
1329 594 1360 660 in

176 733 284 789 neutro
303 720 393 808 gen.)
409 741 465 786 nos
480 720 657 808 (Apostoli,
676 721 723 786 Ci.
739 741 786 787 vs.
805 719 863 806 id)
880 731 970 784 testes
985 742 1115 802 sumus,
1135 719 1237 807 utqui
1253 739 1361 801 rasus·

175 846 302 912 citatum
323 863 416 930 saepe
432 842 586 922 vidimus,
605 853 721 911 etcum
742 843 850 910 eodem
868 863 976 909 sumus
993 843 1157 920 collocuti,
1177 854 1206 908 et
1223 860 1360 908 mensam

176 967 267 1032 etiam
289 965 456 1032 habuimus
479 985 690 1032 communem.
710 1003 753 1014 —
770 965 931 1052 Principio
945 966 1056 1030 Petrus
1072 965 1194 1031 locutus
1210 963 1310 1030 iuerat
1322 962 1362 1029 de

178 1095 246 1159 iesu
266 1104 421 1180 tamquam
445 1091 484 1158 de
506 1093 616 1179 insigni
641 1091 774 1179 quodam
799 1090 974 1178 Propheta3
996 1090 1107 1158 deinde
1126 1111 1200 1158 vero
1218 1090 1362 1157 eumdem

177 1213 347 1301 designarit
379 1225 534 1302 tamquam
568 1215 713 1281 Messiam
747 1213 852 1293 ilium,
888 1234 979 1299 quem
1013 1216 1100 1280 Deus
1129 1233 1163 1279 se
1191 1213 1360 1279 missurum

177 1337 374 1424 promiserat.

223 1578 278 1643 53.
306 1578 446 1640 Dextera
459 1578 558 1659 ipitur
571 1575 660 1662 Dei).
674 1600 711 1663 τῃ
728 1571 812 1657 isim
825 1575 895 1640 scii.
914 1597 1011 1663 χειρι,
1031 1584 1077 1640 est
1093 1575 1224 1639 Dativtts
1241 1577 1364 1638 instru-

178 1701 300 1779 menti,·
321 1697 401 1763 raiet
421 1707 523 1763 autem
549 1717 633 1779 :per
651 1697 710 1760 Dm·
725 1700 901 1779 potentium
921 1694 1071 1761 exaltatus
1088 1691 1255 1783 (ὑψωθεις),
1277 1691 1310 1758 h.
1332 1712 1361 1759 e.

179 1821 208 1884 in
229 1818 351 1884 coelum
375 1818 516 1884 sublatus
534 1837 590 1904 per
606 1818 673 1884 eius
690 1818 944 1894 adscensionem,
964 1836 1043 1905 quae
1059 1818 1128 1882 Deo
1151 1814 1312 1893 tribuitur,
1332 1824 1365 1880 ut

179 1939 271 2006 modd
290 1939 428 2006 eiusdem
447 1939 656 2005 resuscitatio.

224 2072 254 2125 et
266 2063 495 2143 promissione,
522 2058 613 2143 etc).
634 2061 752 2127 Graeca
770 2058 947 2128 distinctius
967 2087 974 2125 ε
995 2075 1026 2128 et
1042 2074 1210 2145 postquam
1227 2084 1247 2124 o
1269 2061 1366 2123 Putre

179 2186 347 2266 accepisset
375 2179 490 2266 (λαΕων
516 2183 667 2270 Partioip.
698 2182 794 2270 hor.)
821 2188 1061 2266 promissionem
1087 2185 1231 2266 Spiritus
1256 2182 1368 2246 Sancti

180 2304 357 2387 (Genitirus
380 2303 503 2385 obiecti)
522 2303 555 2370 h.
578 2325 606 2370 e.
625 2308 818 2387 promissum
838 2306 1000 2389 Spiritum
1018 2305 1192 2386 Scortum,
1215 2302 1365 2389 Spiritum

178 2428 346 2507 Sanctum,
370 2447 462 2516 quem
487 2430 574 2494 lesus
598 2428 663 2494 suis
688 2428 848 2515 Apostolis
865 2429 1062 2516 promiserat.
1095 2424 1271 2492 «Christus
1288 2443 1365 2511 qua-

180 2562 269 2615 tenus
286 2548 399 2630 homo,
423 2548 506 2636 quod
529 2548 581 2614 hic
604 2560 687 2614 notat
709 2548 896 2614 venerabilis
917 2547 1002 2615 Beda
1025 2545 1123 2634 (apud
1140 2544 1365 2628 Lintrensem),

182 2671 300 2758 rogavit
321 2672 464 2750 Patrem,
483 2681 517 2736 ut
539 2670 692 2757 Spiritum
716 2670 862 2736 Sanctum
885 2668 1043 2756 Apostoiis
1067 2668 1172 2745 daret3
1192 2667 1222 2733 id
1240 2686 1257 2733 a
1275 2668 1368 2732 Patre

179 2793 331 2870 obtinuit,
350 2802 380 2858 et
397 2803 430 2858 ut
446 2793 533 2858 Deus
550 2791 610 2856 uni
626 2811 698 2857 cum
712 2793 803 2856 Patre
820 2791 904 2856 misit
918 2790 979 2856 iliis
995 2790 1143 2856 Sanctum
1159 2789 1323 2876 Spiritum.
1344 2815 1357 2845 r

180 2912 353 2980 Reiercnda
379 2913 441 2978 huc
462 2923 534 2979 sunt
557 2913 646 2978 eiiata
663 2911 779 2978 Christi
801 2937 807 2976 :
827 2914 896 2994 Epo
913 2912 1029 2995 roprdo
1053 2913 1185 2976 Patrem
1211 2922 1242 2976 et
1265 2912 1366 2974 atium

184 3033 693 3122 Porociitumdoditoobis(1oan.
711 3034 790 3100 XiV
806 3058 814 3099 x
833 3031 902 3117 td).
922 3034 962 3099 Si
974 3055 1036 3099 noo
1050 3035 1170 3116 adiero,
1187 3034 1370 3098 Porociitus

181 3180 246 3224 oon
268 3161 372 3223 veniet
394 3159 435 3222 od
459 3178 532 3239 uos,·
549 3161 579 3223 si
599 3169 705 3222 cartem
727 3158 854 3240 obiero,
873 3161 997 3223 mittam
1024 3179 1094 3223 eom
1120 3159 1162 3224 ud
1184 3177 1236 3222 vos
1259 3155 1363 3244 (loon.

181 3281 289 3348 xvi:
312 3282 359 3366 7).

227 3409 341 3489 effudit
368 3410 469 3490 hrruc,
500 3427 589 3490 quom
613 3427 666 3471 ros
695 3408 807 3472 videtis
835 3417 863 3471 et
896 3403 1045 3490 cuditis).
1076 3407 1232 3494 iuterpres
1264 3413 1371 3471 noster

182 3546 291 3613 graeca
309 3550 397 3589 rouro
415 3524 432 3590 ὅ
447 3527 552 3593 retulit
569 3527 606 3594 ed
626 3527 812 3594 antecedens
836 3527 924 3616 ἁγιου
942 3528 1139 3613 Πνευματος,
1163 3529 1262 3614 eoque
1285 3539 1370 3593 certe

183 3647 293 3714 referri
309 3660 465 3732 possunt,
489 3648 583 3716 rerhu
600 3662 701 3716 tamen
717 3673 805 3714 rouro
823 3654 837 3713 ὁ
854 3662 984 3737 possunt
1000 3651 1091 3716 etiam
1111 3648 1197 3716 reddi
1215 3651 1248 3713 id
1267 3651 1366 3732 quod,

183 3791 245 3859 quo
270 3770 424 3838 indicetur
448 3775 543 3855 effusi
565 3773 708 3856 Spiritus
732 3773 846 3838 Sancti
868 3777 1012 3856 effectus,
1039 3792 1131 3861 quem
1155 3772 1185 3836 in
1210 3770 1369 3859 Apostolis
1412 3860 1413 3863 Ἴ

183 3894 359 3981 ceterisque
388 3895 476 3962 turbs
502 3895 553 3961 iiia
579 3916 658 3983 quae
685 3908 862 3963 accurrerat
887 3917 946 3961 non
974 3907 1093 3984 poterat
1111 3917 1196 3961 norro
1221 3906 1282 3961 tam
1301 3896 1368 3962 risu

184 4036 277 4104 quam
306 4017 411 4085 auditu
437 4039 497 4084 non
528 4019 776 4107 deprehendere.
803 4020 886 4105 Quid
912 4031 1012 4086 autem
1039 4023 1125 4098 oisc,
1154 4019 1228 4106 quid
1255 4021 1368 4084 ondita

184 4138 466 4226 deprehenderint,
497 4160 557 4207 non
587 4152 633 4208 est
665 4141 733 4226 hic,
765 4143 890 4230 opinor,
924 4140 1067 4207 subtilius
1101 4140 1365 4226 distinguendum.

83 4238 89 4248 ⁶
181 4261 275 4327 Notat
298 4260 350 4327 hic
371 4261 595 4328 Fromondus:
623 4265 737 4331 «Sicut
762 4264 898 4352 Spiritus
915 4264 1046 4330 Sanctus
1071 4283 1131 4328 non
1156 4273 1272 4328 tantum
1296 4284 1367 4351 pro·

182 4381 264 4449 cedit
288 4403 305 4448 a
329 4385 421 4450 Patre
444 4382 501 4450 sad
522 4385 614 4452 etiam
631 4407 647 4452 a
665 4387 764 4463 Filio,
785 4388 824 4452 ita
842 4387 933 4452 etiam
959 4385 1074 4452 dicitur
1090 4386 1167 4452 mitti
1194 4405 1209 4450 a
1235 4386 1316 4451 Fiiio
1340 4399 1370 4452 et
