3074 5054
117 150 184 217 ttae
463 145 598 215 ACTUS
644 146 979 230 APOSTOLORUM,

118 351 166 420 te;
194 340 331 430 quique,
358 359 455 428 quum
478 336 625 428 Stephani
643 340 730 407 testis
755 340 797 408 tui
818 340 943 429 sanguis
962 339 1186 424 effunderetur,
1205 347 1306 410 etiam

120 470 188 551 ipse
203 465 269 556 (και
286 462 387 546 aoros)
403 461 561 530 adstabem
587 461 719 552 necique
739 463 807 531 eius
828 464 1077 543 consentiebam,
1095 485 1133 534 ao
1148 465 1306 534 custodie·

120 590 190 657 bam
210 589 392 656 vestimenta
410 607 518 654 eorum
538 586 590 676 qui
608 586 835 655 interficiebant
850 588 950 655 illum.
969 588 1018 656 ct.
1033 590 1110 679 Cap.
1129 589 1192 658 Vll
1212 613 1222 656 ε
1241 591 1304 670 573

119 716 197 784 Vlll
229 739 237 782 :
267 717 305 796 5;
337 714 415 780 lX:
444 713 478 792 l,
503 715 543 790 a;
574 713 684 781 XXVl
704 737 713 779 ε
734 715 794 794 to,
825 716 880 781 tt.
912 714 951 780 Et
977 712 1054 781 dixit
1080 713 1240 782 Dominus
1267 713 1307 780 ad

119 858 169 906 tuo
184 864 193 906 ι
207 837 313 918 Vade,
332 836 528 925 obtempera,
549 837 620 925 quia
640 837 678 904 ad
695 838 835 905 nationes
852 837 962 928 procul
979 849 1113 906 semotas
1129 838 1307 905 emissurus

120 981 189 1030 som
208 971 248 1029 te.
264 999 308 1010 -
324 963 451 1049 Factum
470 958 530 1027 hoc
553 971 599 1027 est
613 959 773 1050 deinceps.
792 962 841 1028 Ci.
862 963 939 1052 Cap.
960 964 1004 1029 tx
1025 982 1032 1023 :
1055 964 1113 1042 to;
1133 961 1214 1028 Xlll
1238 965 1305 1044 τις

122 1087 215 1154 Rom.
235 1085 321 1153 XV:
340 1085 393 1152 te.

165 1208 283 1277 Usitata
299 1208 445 1296 syntaxis
462 1206 659 1297 postulasset,
678 1220 711 1275 ut
728 1229 785 1297 pro
802 1209 946 1277 Genitivo
965 1211 1121 1293 obsoleto,
1139 1233 1194 1273 και
1210 1231 1309 1299 προσ·

122 1353 286 1419 ευχομενου
315 1353 392 1417 μου,
421 1328 613 1396 scriberetur
634 1355 685 1394 και
705 1333 966 1423 προσευχομενῳ“.’
982 1370 1025 1382 -
1043 1334 1099 1400 Est
1114 1352 1190 1421 ergo
1207 1333 1309 1399 oratio

123 1456 174 1524 illa
202 1453 428 1523 anacoluthica.
448 1492 492 1503 -
510 1454 665 1530 Εκστασις
693 1455 890 1544 intelligenda
918 1457 971 1525 bic
996 1466 1043 1523 est
1066 1455 1155 1537 talis,
1183 1455 1309 1546 qualern

121 1599 217 1669 supra
241 1578 291 1666 (ad
312 1581 389 1668 Cap.
414 1579 472 1645 X:
494 1576 552 1666 lb)
571 1577 809 1668 descripsimus.
836 1580 950 1648 Confer
972 1580 1064 1647 ctiam
1087 1599 1168 1670 quae
1188 1579 1229 1648 de
1250 1578 1311 1647 hoc

123 1722 229 1771 rerum
252 1722 364 1790 genere
380 1700 544 1769 docuimus
560 1701 599 1768 ad
622 1704 699 1793 Cap.
718 1704 750 1770 X
770 1729 777 1770 :
797 1705 835 1784 53
852 1714 882 1770 et
903 1714 977 1793 puta
1001 1702 1088 1771 Pauli
1113 1703 1217 1770 animo
1236 1714 1311 1771 tunc

123 1825 271 1892 divinitus
285 1823 463 1890 informatas
480 1823 576 1891 luisse
592 1823 767 1892 istiusmodi
785 1824 927 1893 notiones
940 1837 970 1892 et
983 1825 1152 1914 imagines,
1170 1837 1205 1892 ut
1220 1826 1309 1894 visus

123 1952 183 2021 sibi
208 1951 300 2019 tuerit
316 1949 423 2018 videre
439 1952 562 2031 lesum,
581 1962 611 2018 et
630 1951 738 2021 audire
762 1972 834 2019 eum
857 1952 895 2019 ad
916 1972 950 2019 se
972 1952 1167 2043 loquentem,
1187 1965 1217 2021 et
1239 1954 1311 2023 illos

123 2097 195 2144 cum
223 2096 259 2143 eo
283 2075 415 2144 miscere
438 2095 611 2143 sermones.
643 2078 678 2143 ln
703 2073 776 2142 edam
800 2101 891 2143 aaron
916 2075 1042 2167 leynam
1066 2081 1203 2168 Zeugma
1228 2091 1308 2148 ost:

122 2202 237 2272 accidit
259 2213 293 2268 ut
315 2204 457 2268 viderem
481 2223 551 2267 eum
576 2212 605 2269 et
621 2201 762 2269 audirem
785 2205 953 2270 dicentem.
973 2203 1110 2294 -Περι
1134 2226 1209 2291 apou
1228 2205 1311 2273 reie-

125 2328 256 2397 rendom
273 2338 321 2394 est
344 2325 382 2393 ad
400 2349 588 2417 μαρτυριαν,
614 2327 664 2395 cui
691 2327 935 2416 interpretationi
961 2348 1022 2395 non
1048 2326 1148 2395 obstat
1168 2327 1310 2396 absentia

125 2453 257 2522 Articuli
281 2475 333 2527 την
357 2463 427 2518 ante
443 2474 508 2541 περι
533 2475 619 2539 spon.
639 2451 720 2520 Vide
736 2451 818 2519 dicta
841 2453 880 2520 ad
905 2453 982 2542 Cap.
1003 2454 1077 2521 125
1101 2451 1253 2542 epistolae
1269 2452 1308 2521 ad
1332 2468 1337 2475 ·

125 2576 356 2667 Philippenses.
366 2613 411 2625 -
424 2576 472 2643 De
488 2575 617 2662 Syntani
634 2576 794 2664 Participii
812 2597 883 2644 cum
899 2576 995 2645 verbo
1008 2575 1201 2644 substantivo
1214 2579 1308 2667 (ap-no

125 2698 323 2792 φυλακιζων),
349 2718 428 2786 quae
448 2719 495 2765 vs.
521 2700 561 2766 to
583 2708 614 2764 et
634 2701 679 2767 20
699 2698 865 2788 quinquies
889 2700 1044 2780 occurrit,
1069 2698 1139 2767 vide
1161 2698 1199 2767 ad
1228 2701 1305 2790 Cap.

127 2826 140 2892 l
161 2847 169 2890 :
190 2826 232 2891 to
245 2832 275 2889 ot
288 2824 335 2890 lX
353 2841 360 2883 :
381 2823 437 2890 98.
452 2860 496 2871 -
508 2822 600 2886 Κατα
615 2846 669 2897 τας
687 2846 884 2913 συναγωγας.
905 2823 1118 2912 intelliguntur
1134 2844 1308 2913 synagogae

129 2947 445 3036 llidrosolymitanae3
463 2959 600 3015 ceterum
619 2947 688 3016 vide
704 2948 742 3017 ad
759 2950 837 3038 Cap.
856 2950 967 3018 XXVl
989 2976 996 3017 :
1018 2952 1071 3017 ll.

174 3199 319 3266 rr-rt.
347 3198 526 3264 Audiebout
547 3209 653 3264 aurem
677 3220 749 3264 eum
774 3219 870 3284 usquc
894 3201 936 3264 od
958 3200 1015 3265 loon
1042 3199 1190 3282 uerbum,
1216 3198 1307 3285 etc).

129 3322 286 3389 llactenus
299 3319 403 3388 ludaei
418 3319 547 3387 Paulum
565 3319 662 3408 quieti
674 3317 852 3401 audieraut;
867 3317 922 3386 sed
936 3339 1031 3408 quum
1044 3318 1175 3396 diceret,
1190 3319 1309 3387 iussum

129 3465 162 3512 se
186 3442 282 3512 luisse
306 3464 323 3511 a
344 3445 414 3511 lesu
440 3445 572 3524 Messio,
597 3453 630 3512 ut
659 3444 835 3513 Gentilibus
858 3443 1058 3531 Evangelium
1087 3442 1308 3531 praedicarer,

128 3568 246 3657 magnis
277 3567 466 3636 clamoribus
497 3587 605 3636 vocem
644 3567 800 3657 loquentis
838 3567 1090 3657 interruperunt,
1123 3563 1163 3632 ad
1194 3564 1311 3633 Tribu-

134 3771 293 3782 ...ι-..-

163 3888 181 3946 ¹i
199 3885 265 3936 Van.
286 3899 357 3937 sacr.
380 3884 430 3937 Pro
450 3891 694 3960 προσευχομενου
773 3881 793 3948 ¹)
811 3881 915 3933 Scilicet
934 3878 1193 3932 contumeliosissime
1212 3879 1303 3931 dictun

130 3985 190 4049 pov
204 3975 243 4023 est
254 3983 489 4050 χροσευχομενῳ
507 3977 534 4027 iu
551 3975 614 4028 cod.
633 3976 652 4027 E
669 3980 696 4027 et
741 3973 791 4026 hoo
808 3971 860 4022 iliis
879 3970 1026 4030 videbatur,
1046 3982 1129 4035 quum
1148 3968 1185 4020 sic
1203 3973 1296 4036 postpo

129 4058 263 4112 nonnullis
274 4058 435 4111 minusculis.
448 4060 556 4111 Videtur
568 4057 698 4111 baeolec·
744 4058 871 4107 necentur
893 4052 1040 4105 Gentilibus
1063 4050 1225 4114 idololatris,
1247 4063 1291 4117 qm

129 4143 165 4194 tio
182 4155 237 4194 osse
254 4143 379 4194 correctio
397 4142 519 4204 librarii,
533 4142 574 4194 oui
590 4141 698 4194 alterius
738 4137 884 4206 praecipuo
894 4135 1007 4204 quodam
1020 4137 1153 4186 contemtu
1166 4146 1286 4202 prosequi

128 4223 247 4278 iectionis
258 4223 383 4290 Syntaxis
395 4228 514 4292 suspecta
526 4223 613 4277 tuerit.
744 4223 850 4274 bantur.
