3074 5054
497 413 636 481 CAPUT
670 413 721 491 V,
761 415 870 484 Vnus
908 416 1054 482 ao—at.
1296 416 1360 483 155

223 605 278 671 Ἡ.
305 605 488 670 Adveniens
511 612 633 685 nortem,
653 600 744 691 etc).
771 602 1021 694 Παραγενομενος
1044 599 1076 667 be
1099 603 1357 693 (participium.

178 729 199 794 2
222 725 333 812 Med).
352 724 470 792 Eodem
485 723 536 791 dic
552 744 624 790 cum
644 745 714 790 cum
730 728 906 793 advenisset
927 726 1079 816 Caiaphas
1103 747 1175 795 cum
1197 727 1263 794 suis
1279 726 1357 795 Sad-

178 850 283 918 doccis
300 857 361 937 (και
378 853 405 914 οἱ
423 872 478 913 συν
495 873 590 936 corp.
608 848 680 916 vide
695 870 790 938 supra
802 850 841 918 ad
852 872 900 918 vs.
917 851 976 939 tt)
993 851 1024 917 in
1041 850 1166 918 concilii
1184 850 1305 933 locum,
1320 853 1356 919 eb

178 983 387 1041 convocarunt
402 972 589 1060 Synedrium
602 971 651 1062 (το
668 969 847 1063 concipiet),
857 1013 902 1026 --
914 975 1006 1062 Quod
1023 976 1175 1064 sequitur,
1191 999 1242 1037 και
1254 997 1357 1038 onear

178 1120 230 1173 την
244 1120 405 1189 γερουσιαν
421 1121 480 1161 των
499 1099 571 1160 iton
588 1094 715 1189 Iope-qi,
734 1096 810 1188 quid
827 1107 927 1181 notet,
942 1109 1047 1176 certo,
1062 1118 1129 1166 mea
1146 1097 1272 1189 quidem
1288 1119 1359 1166 sen-

179 1224 288 1303 tentia,
310 1222 372 1290 dici
388 1223 507 1313 nequit.
526 1222 753 1290 Schicusnerus
770 1224 813 1309 (in
826 1223 922 1292 Thes.
941 1224 1015 1292 Vet.
1033 1225 1073 1291 Τ.
1092 1222 1131 1291 ad
1148 1223 1181 1291 h.
1196 1221 1246 1312 v.)
1263 1223 1357 1305 dicit,

178 1367 285 1415 vocem
301 1371 445 1439 peponem
461 1346 544 1436 apud
566 1346 614 1412 Fl.
640 1345 814 1437 iosephum
835 1349 951 1436 passim
974 1346 1119 1438 usurpari
1144 1346 1182 1414 dc
1197 1347 1357 1433 synedrio

178 1495 303 1557 moqno.
323 1474 393 1538 Hoc
408 1471 435 1537 si
451 1491 560 1538 verum
575 1481 641 1553 cst,
655 1470 806 1553 dicerem,
824 1469 1013 1540 Particulam
1028 1497 1078 1535 και
1095 1471 1148 1538 hic
1164 1469 1279 1538 habere
1294 1471 1357 1539 vim

179 1595 424 1684 epexegeticam,
442 1605 477 1661 ut
491 1595 589 1661 valeat
611 1607 641 1661 et
664 1597 806 1682 quidem,
827 1595 1087 1686 quemadmodum
1112 1606 1142 1662 et
1159 1597 1172 1662 l
1188 1597 1262 1661 Cor.
1281 1595 1328 1660 tlt
1349 1619 1356 1660 :

180 1721 219 1800 53
241 1718 328 1786 XV:
355 1720 414 1796 583
437 1729 510 1807 puta
533 1718 657 1806 Belgica
680 1717 741 1786 dici
769 1742 777 1785 :
801 1724 846 1802 κῇ
866 1721 1012 1805 beriepen
1034 1722 1086 1784 bet
1107 1718 1292 1785 Sonbedm'n
1314 1724 1357 1805 (το

181 1839 361 1934 concipiet),
381 1865 420 1909 en
436 1846 491 1909 dot
506 1846 566 1909 cnei
578 1847 684 1928 qebeei
699 1846 759 1909 den
772 1846 1027 1911 Isroidietiscben
1042 1844 1161 1910 Seonot
1176 1842 1244 1932 (την
1257 1865 1359 1934 γερου-

181 1972 276 2053 σιαν).
310 1969 418 2056 ltaque
446 1970 546 2036 Lucas
570 1967 704 2036 voluerit
731 1969 845 2037 diserte
872 1969 925 2037 hic
952 1969 1141 2058 significare,
1170 1965 1357 2057 Caiapham,

179 2092 324 2179 Syncdrii
341 2094 534 2183 praesidem,
554 2094 594 2161 ob
610 2115 678 2162 eam
694 2116 761 2163 rem
777 2096 924 2164 Senatum
943 2096 1082 2183 coigisse
1101 2117 1197 2182 qnam
1214 2097 1359 2179 frequen

180 2221 348 2284 tissimum.
367 2220 471 2284 -Et
492 2221 668 2303 miserrmt,
694 2219 764 2286 scil.
784 2220 943 2287 ministros
967 2221 1142 2312 (ὑπηρετας,
1160 2218 1203 2286 ci.
1221 2239 1269 2285 vs.
1288 2220 1357 2304 Ὦ),

179 2342 234 2430 qui
250 2341 416 2431 Apostolos
439 2363 602 2410 coarcere
629 2342 797 2411 educerent
818 2344 857 2412 ad
880 2344 1043 2413 iudicium.
1073 2343 1227 2411 Nimirum
1255 2340 1358 2409 adhuc

178 2464 379 2552 ignorabant,
402 2466 478 2554 quid
495 2486 530 2534 ca
547 2477 636 2535 nocte
658 2466 834 2534 accidisset.

225 2714 370 2782 aa-ntt.
396 2715 526 2782 Reversi
549 2715 588 2783 ad
610 2714 799 2811 Synedrium
822 2718 955 2786 ministri
981 2717 1182 2797 renunciant,
1200 2736 1235 2782 se
1253 2735 1359 2782 carce—

178 2858 247 2906 rem
260 2840 386 2927 quidem
399 2842 554 2930 reperisse
569 2843 709 2911 clausum
723 2868 820 2930 quom
838 2849 992 2913 tutissime
1007 2845 1071 2935 (em
1088 2869 1173 2934 πασῃ
1189 2840 1357 2935 acquitem,

176 2976 245 3029 met
258 2968 319 3030 otte
334 2966 511 3052 zeberboid)
528 2979 557 3034 et
579 2968 724 3035 custodes
739 2979 809 3036 ante
825 2970 907 3037 fores
931 2969 1000 3061 (προ
1016 2994 1075 3033 των
1086 2968 1212 3060 ,θυρων)
1235 2967 1358 3035 adstan-

177 3099 249 3169 tes;
278 3108 376 3184 quum
402 3100 505 3156 autem
532 3091 614 3157 sores
641 3093 835 3180 aperuissent
862 3089 1051 3182 (ανοιξαντες
1080 3079 1136 3182 be)
1164 3089 1357 3178 ingressique

176 3223 300 3292 essent,
317 3212 473 3280 neminem
489 3213 554 3280 illic
570 3233 587 3280 a
603 3235 636 3282 se
653 3214 749 3282 inisse
765 3216 936 3284 inventum.

225 3454 281 3520 ib.
308 3454 445 3542 Accepta
480 3452 573 3520 huius
601 3455 647 3519 rei
675 3455 783 3521 notitia
811 3454 975 3545 perplexos
1003 3451 1103 3521 reddit
1133 3454 1359 3536 moqistrotnm

179 3580 307 3662 Templi
328 3576 360 3668 (ὁ
377 3576 559 3668 στρατηγος)
576 3589 606 3645 et
618 3583 782 3664 principes
798 3581 1009 3645 sacerdotum.
1035 3579 1204 3666 Διηπορουν
1220 3599 1288 3666 περι
1304 3599 1359 3638 αυ-

176 3726 253 3780 rosv,
272 3706 464 3788 disputando
486 3703 689 3788 inquirebant
709 3706 746 3769 de
768 3706 834 3770 titis
857 3702 937 3783 (scil.
956 3699 1177 3786 sermonibus),
1203 3702 1357 3786 quidnam

176 3828 236 3890 boc
254 3836 359 3909 posset
381 3847 462 3909 esse,
485 3850 513 3888 τι
530 3847 567 3887 αν
583 3848 695 3915 pererro
711 3824 823 3906 τουτο),
843 3825 876 3892 h.
895 3846 924 3891 e.
944 3843 1077 3913 quanam
1096 3822 1218 3889 tandem
1240 3821 1357 3888 ratione

175 3947 320 4037 Apostoli
338 3948 468 4014 evadere
491 3969 507 4015 c
531 3969 656 4016 carcerc
679 3951 863 4039 potuissent.
881 3950 985 4037 Atque
1009 3946 1070 4014 boc
1090 3965 1184 4013 sensu
1200 3945 1358 4032 interpres

176 4082 286 4138 noster
301 4091 409 4138 vocem
433 4067 594 4163 διηπορουν
618 4073 777 4162 accepisse
792 4072 931 4151 videtur3
950 4090 1021 4138 nam
1045 4079 1129 4136 certe
1152 4069 1309 4153 ombiqerc
1325 4067 1356 4133 in

176 4216 239 4264 usu
255 4196 400 4285 loquendi
422 4198 513 4265 otiam
537 4199 651 4267 dicitur
671 4221 728 4288 pro
753 4203 920 4285 disputare
944 4221 1014 4265 cnm
1030 4199 1157 4282 utiquc,
1176 4205 1356 4261 controver-

178 4338 265 4406 tere,
296 4347 459 4410 quaerere.
487 4325 562 4395 Vid.
593 4326 729 4394 Facciol.
755 4324 850 4393 adh.
880 4346 911 4391 v.
937 4325 986 4390 De
1012 4342 1088 4389 rom
1116 4317 1252 4410 διαπορῶ
1280 4318 1357 4386 haec

176 4447 291 4516 scribit
316 4448 488 4538 Raphelius
517 4448 572 4531 (od
595 4448 628 4516 h.
655 4449 698 4539 l.)
722 4449 913 4540 εΔιαπορῶ,
943 4447 1061 4537 inquit,
1091 4455 1174 4513 notat
1201 4442 1356 4510 interdum
