3074 5054
75 415 76 419 ,
177 364 243 435 atu
525 362 660 430 ACTUS
697 361 1029 444 APOSTOLORUM,

176 554 216 621 rit
231 564 324 651 atque
340 554 478 622 emiserit
493 554 624 622 eximiae
647 555 732 623 illam
753 556 889 623 caritatis
906 576 1013 624 vocem
1033 581 1041 623 ε
1059 558 1213 637 Domine,
1231 577 1270 621 ae
1286 569 1354 624 sta-

80 680 81 689 ’
174 692 245 746 tuos
262 681 329 745 iltis
346 681 402 745 hoc
414 676 597 764 peccatam!
614 679 701 746 Hanc
715 700 821 747 vocem
838 681 995 770 exceperit
1011 679 1123 746 sublati
1140 680 1251 769 lapidis
1268 680 1354 746 iacu-

175 802 248 870 latio
264 803 294 869 in
319 814 448 891 pectus,
467 823 559 893 quam
585 805 709 872 testium
732 805 811 873 alter
827 804 953 886 iecerit;
973 805 1011 872 ad
1028 805 1118 873 cuius
1134 805 1228 872 ictum
1246 804 1355 874 heatus

176 938 294 1014 martyr
310 929 524 1016 exspiraverit.

179 1124 182 1127 Α
219 1054 322 1142 Atque
338 1055 380 1120 ita
396 1055 446 1122 isti
473 1053 678 1123 homicidium
695 1054 772 1123 illnd
792 1056 1050 1146 perpetraverint.
1064 1057 1105 1154 ln
1121 1076 1183 1145 quo
1200 1076 1238 1122 ne
1255 1055 1356 1123 forma

176 1174 302 1264 quidem
326 1175 432 1266 legalis
460 1177 518 1245 luit
541 1191 678 1258 serrata3
704 1180 824 1246 nullum
848 1180 930 1247 enim
958 1191 1168 1269 praecesserat
1196 1180 1356 1248 damnato·

176 1301 257 1369 rium
285 1302 453 1385 iudicium3
481 1314 527 1385 et,
558 1324 745 1395 quamquam
770 1305 892 1373 ludaeis
919 1309 950 1373 in
979 1327 1013 1374 re
1040 1307 1184 1394 religiosa
1211 1305 1355 1373 relictum

173 1436 238 1493 erat
265 1426 314 1493 ius
338 1427 501 1496 damnandi
530 1430 658 1519 capitis,
683 1451 791 1498 eorum
814 1442 914 1498 tamma
937 1432 1087 1498 sententia
1110 1452 1128 1498 a
1147 1433 1357 1499 Procuratorc

175 1550 315 1617 Romano
346 1551 558 1620 confirmanda
585 1565 666 1634 erat,
697 1568 827 1621 atvero
865 1557 957 1622 etiam
991 1555 1212 1646 exsequenda.
1249 1558 1357 1644 ltaque

174 1676 373 1744 tumultuarie
398 1687 428 1743 et
451 1677 597 1745 seditiose
621 1679 723 1746 scelus
747 1680 824 1747 illud
848 1692 1007 1769 peractum
1032 1693 1090 1749 est.

220 1800 385 1890 Superest,
403 1813 437 1869 ut
453 1804 613 1872 videamus
630 1803 787 1893 quodnam
812 1804 905 1873 suerit
920 1805 1069 1894 Stephani
1085 1807 1115 1871 in
1133 1804 1265 1873 dicendo
1282 1827 1358 1895 pro-

175 1925 322 2014 positum.
345 1926 379 1994 S.
400 1928 590 2016 Augustinus
615 1929 728 2010 (Serm.
748 1931 790 1998 95
814 1932 852 1995 de
874 1925 1035 2014 Diversis)
1057 1949 1123 1996 rem
1145 1929 1187 1995 ita
1207 1930 1353 2018 explicat.

181 2080 196 2110 ι
211 2051 380 2143 Exposuit,
398 2055 519 2138 inquit,
540 2053 601 2119 illis
626 2053 665 2120 ah
687 2054 774 2120 initio
799 2055 898 2142 legem
920 2055 998 2132 Dei,
1016 2054 1054 2121 ab
1078 2053 1235 2121 Abraham
1255 2075 1357 2144 usque

175 2174 214 2242 ad
237 2174 397 2242 introitum
421 2176 453 2241 in
477 2186 591 2243 terram
612 2177 846 2266 promissionis,
867 2187 901 2244 ut
920 2179 1171 2256 commendaret,-
1199 2176 1356 2264 quianon

175 2310 240 2366 erat
274 2320 382 2368 verum
417 2301 645 2390 testimonium,
684 2301 766 2368 unde
802 2299 847 2367 illi
882 2301 1069 2367 calumniam
1104 2299 1354 2367 commovebant.

173 2426 295 2511 Deinde
319 2427 358 2496 de
374 2430 484 2515 Moyse
508 2428 593 2496 dedit
608 2428 653 2494 eis
671 2447 811 2515 magnam
836 2427 1072 2497 similitudinem
1087 2426 1125 2495 ad
1142 2426 1313 2495 Christum.
1334 2455 1347 2485 r

174 2553 274 2625 Sentit
295 2554 389 2641 igitur
413 2564 538 2622 sanctus
560 2553 681 2633 doctor,
708 2552 900 2641 Stephanum
923 2552 1078 2620 indirecto
1103 2553 1238 2641 quodam
1261 2552 1355 2620 modo

174 2697 262 2745 suam
285 2677 387 2745 'iacere
411 2677 546 2745 voluisse
568 2678 753 2767 apologiam.
776 2679 814 2744 Et
838 2679 999 2745 verissima
1022 2690 1067 2745 cst
1088 2677 1165 2746 haec
1190 2678 1355 2765 Augustini

171 2787 211 2866 ¹ea
226 2800 264 2867 de
281 2820 315 2866 re
331 2801 494 2867 sententia.
512 2802 590 2868 Nam
606 2813 640 2868 ut
657 2800 718 2868 duo
736 2811 823 2867 erant
839 2821 917 2890 quae
933 2802 1088 2891 Stephano
1113 2800 1354 2881 obiiciehantur,

143 2913 147 2921 ⁸
175 2923 257 3012 quod
286 2944 398 3013 nempe
426 2947 490 2990 ncta
517 2936 651 2991 cessaret
686 2929 783 3009 impie
815 2929 903 3010 toqui
928 2930 966 2992 de
985 2929 1058 3011 ‹teqe
1086 2928 1242 3010 Mosoico,
1262 2936 1293 2991 et
1319 2928 1357 2991 de

176 3052 322 3134 Tempta,
354 3052 414 3130 ita,
447 3051 590 3141 bipartita
618 3053 776 3135 oratione,
806 3054 907 3142 primo
935 3054 1061 3143 quidem
1089 3053 1127 3121 de
1154 3053 1292 3120 ltlosaica
1313 3051 1357 3118 le-

174 3175 336 3264 gislatione
357 3179 505 3265 (2-45),
531 3177 643 3246 deinde
664 3199 737 3246 vero
754 3177 815 3268 (tt
835 3176 924 3268 sqq.)
944 3180 982 3247 de
997 3179 1128 3269 Templo
1145 3178 1241 3247 multa
1257 3179 1358 3246 hono·

175 3299 263 3367 rifice
280 3301 454 3390 praedicat3
482 3322 541 3391 qua
560 3302 590 3368 in
609 3322 642 3369 re
658 3303 716 3370 sita
739 3314 785 3370 cst
808 3302 958 3371 indirecta
974 3303 1038 3384 illa,
1057 3323 1149 3391 quam
1165 3302 1258 3369 modi)
1276 3302 1356 3377 dixi,

177 3423 271 3491 salsae
294 3427 499 3494 accusationis
524 3427 679 3494 refutatio.
706 3426 767 3494 Sed
788 3447 848 3493 non
877 3428 907 3493 in
936 3426 1094 3494 refutando
1117 3427 1283 3514 impactam
1306 3446 1358 3493 ca-

176 3550 325 3618 lumniam
348 3562 466 3618 tantum
490 3552 612 3618 stetisse
635 3549 710 3618 mihi
735 3551 857 3618 videtur
880 3549 1027 3641 Stephani
1045 3551 1075 3617 in
1093 3550 1223 3618 dicendo
1241 3571 1359 3640 propc-

175 3676 286 3757 sitnm3
306 3687 411 3765 putem
427 3697 515 3758 vcro,
534 3696 604 3744 eum
621 3686 781 3765 praeterea
796 3676 932 3744 voluisse
947 3675 1104 3744 auditores
1120 3696 1194 3743 suos
1210 3696 1359 3744 rovocare

211 3943 230 4009 1)
248 3944 291 3995 ius
303 3942 381 4008 gladii
395 3939 497 3993 ludaeis
511 3939 663 4005 ademptum
682 3938 744 3991 ine·
790 3938 822 3991 ll.
842 3937 856 4006 §
874 3937 928 4002 Xl).
953 3937 1070 4003 idipsum
1092 3935 1152 3989 fassi
1173 3935 1359 4000 sunttludaei,

179 4029 219 4080 rat
228 4023 553 4092 quadragintaannisante
562 4021 669 4074 secundi
679 4023 744 4072 tem·
789 4034 872 4087 quum
897 4019 1013 4072 dicerent
1036 4019 1118 4085 (ioan.
1147 4017 1228 4069 xvtti
1252 4032 1257 4067 :
1284 4018 1326 4082 3t)
1351 4034 1357 4068 z

178 4108 216 4174 pli
226 4107 367 4160 excidium.
380 4107 446 4158 Loca
457 4105 615 4164 Talmudica,
633 4117 667 4156 ex
677 4103 740 4169 qui·
786 4105 871 4158 Nobis
883 4119 936 4156 noo
947 4104 1005 4156 ticet
1024 4104 1170 4171 interficere
1189 4117 1358 4170 quemquam.

177 4191 227 4243 bus
243 4190 292 4243 hcc
308 4189 443 4256 probatur,
455 4189 569 4240 citantur
580 4200 595 4239 a
606 4185 740 4238 Buxtorfic
789 4186 864 4249 Quod
875 4188 908 4239 ad
920 4200 963 4239 eos
982 4186 1050 4237 dixit
1067 4184 1165 4237 Pilatus
1183 4186 1263 4250 (ioan.
1275 4185 1337 4238 xix
1352 4201 1358 4236 :

178 4275 205 4327 in
217 4289 264 4327 suo
276 4275 371 4327 Larino
389 4272 541 4335 Chaldaico,
559 4271 707 4324 Talmudico
718 4275 744 4323 at
790 4270 814 4335 6)
827 4286 833 4321 :
845 4270 962 4336 Accipite
979 4284 1037 4322 eum
1054 4282 1102 4320 coc
1120 4275 1143 4320 ct
1160 4269 1318 4336 erectaque,
1332 4267 1359 4319 id

177 4357 336 4419 Rabbinico,
350 4369 411 4424 pag.
424 4355 482 4408 att.
495 4355 595 4409 videsis
606 4356 684 4407 etiam
696 4355 744 4406 Re·
790 4354 896 4419 quidem
913 4367 960 4418 per
977 4353 1087 4405 ironiam
1106 4351 1206 4404 dictum
1218 4351 1278 4404 luit.
1293 4351 1359 4403 Vide

177 4438 285 4496 landum
310 4438 463 4504 (Antiquitt.
484 4450 550 4489 sacr.
573 4437 602 4490 P.
627 4437 658 4490 ll.
682 4436 745 4503 Cap.
791 4435 941 4501 Luc.Brug.
955 4434 1028 4487 adh.
1041 4434 1059 4484 l.
