3074 5054
267 356 333 422 mc
605 355 740 422 ACTUS
773 352 1108 436 APOSTOLORUM,

264 550 358 611 tatem
374 541 582 633 Ephesiorum
609 542 769 611 cultricem
787 563 856 610 esse
872 549 999 630 magnae
1014 543 1151 623 Dianae,
1175 553 1228 610 aut
1243 542 1442 612 simulacrum

266 665 352 748 cim,
370 666 455 756 quod
466 666 497 733 in
515 665 673 757 Ephesino
687 665 801 755 templo
819 666 1011 747 reconditur,
1029 666 1160 734 coelitus
1176 687 1247 733 esse
1263 665 1442 756 delapsum,

264 783 389 858 nonest
409 811 467 858 cur
490 789 593 858 animo
609 790 885 870 commoveamini,
903 788 959 858 sed
983 800 1105 880 oportet
1128 810 1182 858 ros
1207 809 1279 857 esso
1304 790 1443 870 sedatos,

265 933 323 981 uec
349 913 575 981 inconsiderate
599 913 768 1003 quidquam
796 933 905 1002 agere,
930 913 1011 980 sicut
1038 912 1140 980 lacere
1164 912 1225 979 iam
1250 912 1444 1001 incoepistis.

265 1036 352 1103 Nam
371 1034 457 1125 (pop)
480 1037 663 1102 adduxistis
685 1038 773 1101 ciros
795 1037 851 1100 lros
874 1035 1003 1124 (Gaium
1030 1044 1060 1100 et
1080 1033 1300 1102 Aristarchum
1323 1055 1372 1102 vs.
1391 1034 1448 1125 29)

264 1171 420 1249 tamqnam
437 1181 506 1228 reos
523 1161 623 1229 laesae
647 1161 814 1229 maiestatis
829 1152 967 1238 Dianae,
986 1182 1084 1246 qurum
1101 1172 1208 1226 tomen
1226 1181 1285 1225 nec
1301 1163 1450 1245 socriteqi

264 1286 330 1350 sint
353 1285 388 1375 (i.
407 1305 436 1352 e.
462 1305 520 1353 uec
541 1285 660 1353 Dianae
677 1284 826 1374 templum
843 1282 1020 1374 depraedati
1041 1283 1180 1365 luerint),
1198 1286 1449 1370 necquidquam

265 1411 364 1494 impie
384 1411 419 1475 in
440 1412 531 1475 deum
553 1420 688 1476 vestram
710 1412 866 1475 dixerint.
885 1409 1015 1475 -Hoc
1035 1428 1096 1475 non
1119 1406 1306 1474 affirmasset
1324 1407 1447 1487 scriba,

264 1533 323 1601 uisi
340 1542 424 1600 certo
440 1532 594 1613 scivisset,
612 1532 697 1600 nullo
718 1541 898 1620 argumento
915 1529 1041 1620 probari
1058 1549 1163 1619 posse,
1181 1529 1297 1598 Gaium
1313 1538 1345 1596 et
1358 1529 1447 1597 Aris«

264 1655 406 1724 tarchum
434 1677 505 1724 reos
533 1678 601 1725 esse
628 1656 794 1724 insimulati
824 1655 977 1724 criminis.
1009 1656 1051 1722 Ut
1077 1665 1181 1721 autem
1209 1654 1369 1740 ostendat,
1394 1674 1444 1734 se,

264 1783 321 1850 etsi
346 1781 543 1872 reprobasset
567 1783 800 1851 tumultuarium
829 1781 918 1849 illum
943 1800 1149 1858 concursum,
1176 1779 1258 1847 nolle
1286 1790 1390 1848 umen
1414 1791 1447 1848 ut

263 1908 409 1997 cuiquam
426 1907 474 1974 ius
497 1918 636 1995 negetur,
654 1909 680 1976 si
698 1929 791 1997 quam
807 1906 935 1975 haberet
956 1906 1105 1974 aduersus
1129 1906 1309 1996 quempiam
1332 1927 1445 1996 quere-

264 2032 344 2113 lam,
367 2031 408 2098 ita
436 2029 540 2098 dicere
567 2031 667 2120 pergit
685 2054 692 2097 :
710 2030 749 2096 st
773 2032 955 2096 Demetrius
985 2031 1085 2114 ipitnr
1113 2029 1176 2112 (our
1198 2031 1383 2112 perpentis,
1413 2039 1446 2095 ut

263 2159 383 2244 supra),
401 2164 432 2219 ct
447 2155 501 2238 qui
516 2173 586 2218 cum
603 2173 637 2217 eo
653 2162 727 2218 suut
743 2155 904 2238 artifices,
924 2175 1050 2218 causum
1067 2149 1184 2241 (loyor)
1201 2151 1318 2216 nuberet
1334 2152 1445 2216 adoer-

152 2339 155 2345 .
261 2300 315 2344 sus
337 2279 493 2362 aliquem,
513 2280 655 2363 forenses
679 2273 833 2367 (epopeus
857 2275 927 2342 scil.
951 2273 1071 2366 ἡμεραι)
1097 2277 1164 2339 dies
1186 2283 1329 2357 opuntur
1351 2272 1387 2352 li.
1413 2291 1441 2338 c.

261 2401 346 2482 dics,
361 2400 475 2490 quihus
491 2419 602 2466 causae
617 2396 656 2465 ad
673 2399 806 2466 tribunal
823 2399 927 2466 allcrri
946 2395 1085 2488 possunt)
1102 2409 1132 2464 et
1145 2397 1351 2481 proconsules
1367 2405 1444 2462 snut

263 2524 331 2613 (qui
356 2543 466 2590 causas
489 2521 692 2612 cognoscant)
702 2548 710 2604 ;
731 2527 863 2590 invicem
881 2546 913 2590 se
929 2532 1094 2588 occusnnto
1110 2499 1352 2612 (sp-retensum
1370 2520 1393 2587 i.
1413 2538 1441 2584 e.

262 2667 387 2715 causam
412 2648 492 2715 inter
514 2667 549 2714 sc
577 2646 775 2736 disceptent).
808 2650 900 2727 Quod
922 2650 1040 2734 siquid
1064 2646 1257 2732 exquiritis,
1284 2645 1441 2728 Ephesii,

263 2777 346 2858 quod
359 2774 400 2838 nd
416 2774 564 2839 nesolius
580 2773 688 2861 (quam
706 2769 853 2862 priuatas)
867 2775 1026 2856 pertinent
1042 2777 1082 2861 (τι
1100 2791 1165 2859 περι
1179 2765 1311 2858 imper),
1325 2770 1445 2851 poterit

263 2899 320 2963 lroc
335 2896 453 2964 absolvi
474 2897 640 2986 (expediri)
659 2901 694 2962 in
718 2899 856 2981 lepitimc
872 2898 1020 2962 concione
1038 2896 1076 2981 (er
1096 2917 1132 2983 τῃ
1148 2914 1264 2978 εννομῳ
1279 2888 1445 2979 semineret)

265 3020 287 3087 i.
305 3019 384 3086 e.·in
409 3039 445 3085 ea
469 3037 548 3108 quae
571 3016 737 3085 identidem
762 3031 950 3086 convocatur
968 3038 1025 3104 per
1048 3036 1127 3106 quos
1146 3011 1291 3104 oportet).
1311 3015 1447 3081 Etenim

262 3145 329 3232 (και
344 3141 419 3233 γαρ)
440 3145 620 3227 periculum
637 3153 694 3226 est,
720 3165 758 3208 ne
778 3143 911 3228 propter
933 3147 1014 3208 lrnnc
1030 3143 1125 3206 ntem*
1143 3139 1225 3228 (nepe
1241 3161 1294 3211 της
1311 3161 1448 3231 σημερον

262 3265 284 3331 i.
307 3286 336 3331 e.
358 3275 486 3354 propter
502 3265 666 3333 tumultum
691 3264 783 3333 hodie
799 3265 925 3355 lactum)
942 3285 1120 3349 orpuomur
1141 3263 1326 3345 seditionis,
1345 3284 1448 3348 quum

262 3391 351 3454 nullo
378 3391 508 3454 consistat
534 3409 629 3454 causo
654 3383 792 3480 (μηδενος
818 3398 918 3451 uirrou
948 3385 1173 3476 inupqerrod),
1197 3394 1449 3471 propterquam

260 3510 346 3601 (περι
374 3509 424 3592 οὑ)
452 3514 585 3577 reddere
608 3516 783 3596 poterimus
810 3508 1040 3603 (durncepede)
1068 3512 1228 3575 rationem
1256 3507 1446 3576 tumultuosi

261 3636 358 3702 dorius
378 3657 559 3702 concursus.
577 3638 706 3702 Etcum
722 3639 799 3702 leoec
813 3639 963 3715 dixisset,
982 3637 1158 3701 concionem
1174 3635 1332 3699 dissolvit.

306 3758 535 3825 Kanentellos
562 3761 695 3829 conferri
721 3772 823 3851 potest
846 3782 918 3829 cum
946 3761 1136 3830 Nostratium
1164 3761 1384 3828 uederzetten.
1405 3798 1450 3810 —

293 4039 312 4107 ¹)
330 4040 463 4106 lnterpres
493 4039 580 4088 noster
613 4050 660 4102 pro
689 4045 823 4098 στασεως
902 4038 922 4105 ²)
937 4039 1034 4102 Erant,
1056 4040 1143 4105 inquit
1162 4037 1268 4091 Grotius
1286 4038 1330 4105 (ad
1352 4040 1382 4094 h.
1408 4044 1449 4110 1.),

260 4138 326 4206 περι
338 4139 389 4189 της
401 4135 531 4203 σημερον
550 4126 654 4179 ridetur
669 4127 761 4192 legisse
772 4138 823 4188 της
870 4131 1039 4196 exceptiones
1059 4130 1207 4197 quaedam,
1228 4135 1259 4182 ut
1278 4131 1306 4182 iu
1328 4132 1449 4186 adventu

261 4228 397 4278 στασεως
408 4228 459 4278 της
476 4225 622 4292 σημερον,
634 4224 822 4283 quumvertat:
871 4221 1000 4284 hostium,
1020 4223 1155 4286 incendio,
1173 4227 1200 4274 et
1212 4223 1446 4278 rebnssimilibns.

261 4304 342 4370 arqui
351 4302 487 4356 seditionis
497 4300 648 4354 hodiernae.
872 4304 931 4356 ldeo
943 4305 1007 4358 dicit
1017 4320 1120 4358 unnnnu
1132 4305 1210 4358 leuius
1222 4321 1373 4360 concursus
1382 4325 1448 4362 cnu-

872 4401 921 4438 ssu
930 4401 1009 4454 posse
1020 4389 1103 4440 reddi.
