3074 5054
252 401 318 469 380
601 396 735 464 AC'l'US
771 393 1104 473 APOSTOLORUM‚

249 586 301 653 vix
313 584 484 674 quidquam
501 583 636 650 alimenti
656 583 806 672 ceperint.
826 584 983 662 Ceterum,
1000 594 1083 649 recte
1096 583 1211 650 Paulus
1224 584 1381 666 mouebat,
1398 597 1433 652 ut

247 726 380 795 corpora
398 706 468 773 cibo
488 704 666 786 reficerent;
686 705 829 772 videlicet
846 704 1031 770 intellexerit
1050 703 1107 793 (cl.
1126 726 1173 772 vs.
1193 707 1263 792 51),
1283 726 1433 773 evasuros

247 849 354 897 omnes
371 853 407 896 eo
430 831 629 906 conditione,
651 839 685 895 ut
704 848 764 895 non
785 828 961 896 omitterent
982 847 1061 915 quae
1080 829 1111 894 in
1129 829 1304 896 istiusmodi
1323 849 1431 896 rerurn

246 952 400 1020 adiunctis
416 952 518 1019 lacere
531 951 664 1018 liurnana
678 950 843 1036 prudentia
860 951 1014 1018 suaderet.
1030 951 1079 1018 Ad
1097 972 1175 1039 quae
1188 953 1279 1020 etiam
1293 954 1432 1042 pertine-

247 1075 298 1144 bat
323 1077 402 1143 iusto
427 1075 557 1165 prandio
581 1096 714 1164 corpora
738 1095 867 1156 curare,
894 1096 956 1164 quo
974 1076 1055 1142 lerre
1081 1087 1206 1164 possent
1229 1077 1351 1144 labores
1374 1077 1430 1165 qui

246 1198 398 1265 subeundi
419 1211 538 1279 essent,
561 1210 595 1265 ut
611 1198 708 1266 lracto
732 1200 852 1286 navigio
873 1201 904 1266 in
929 1212 1043 1267 terrarn
1068 1200 1242 1267 evaderent.
1262 1201 1431 1268 —Verba

245 1345 333 1386 rouro
356 1345 413 1412 pap
436 1346 508 1413 προς
525 1347 575 1396 της
600 1323 745 1413 ὑμετερας
760 1346 911 1414 scraptae
935 1324 1064 1414 ὑπαρχει
1090 1323 1197 1389 Latine
1219 1323 1319 1389 valent
1340 1347 1347 1388 :
1371 1325 1432 1390 boc

246 1447 364 1510 citime
383 1447 484 1510 solute
502 1456 606 1510 oestro
626 1457 689 1525 est,
708 1443 741 1511 ln.
764 1465 792 1511 e.
812 1444 850 1511 ad
870 1444 997 1511 salutern
1016 1455 1148 1512 vestram
1164 1445 1321 1512 conducit.
1339 1447 1431 1512 Hanc

246 1577 426 1655 potestatem
446 1567 538 1636 babet
562 1569 755 1657 Praepositio
772 1591 862 1658 προς,
882 1569 907 1635 si
926 1589 997 1635 cum
1015 1569 1159 1637 Genitivo
1177 1580 1325 1635 struatur.
1346 1569 1431 1636 Vide

244 1691 303 1759 Gr.
322 1711 391 1779 pag.
412 1695 490 1769 lea,
510 1695 547 1758 F.
557 1731 598 1740 —-
610 1688 740 1766 Ουὸειιος
752 1716 809 1784 γαρ
827 1694 911 1778 ripun
924 1689 987 1782 epra
999 1715 1030 1755 εκ
1042 1717 1093 1767 της
1105 1691 1236 1783 κεφαλης
1252 1691 1428 1774 απολεῖται,

244 1814 328 1903 quod
349 1814 533 1883 verbotenus
557 1817 664 1883 Latine
687 1827 793 1895 sonat,
812 1818 932 1882 nullius
956 1820 1041 1882 euim
1065 1818 1206 1883 castruino
1230 1819 1367 1900 capillus
1389 1820 1430 1882 de

244 1941 348 2021 cupite
359 1938 494 2021 peribit,
509 1936 625 2005 dictnnr
639 1950 686 2005 est
703 1938 950 2027 proverbialiter.

291 2177 437 2243 tto-aa.
476 2178 523 2243 Et
549 2198 621 2243 cum
648 2180 723 2242 looec
750 2180 898 2261 dixisset,
929 2179 1019 2266 etc).
1049 2177 1135 2244 Talia
1164 2188 1266 2244 autem
1304 2177 1430 2245 locutus

243 2295 349 2384 (ειπων
365 2299 441 2365 Aur.
462 2298 507 2379 a),
525 2300 556 2364 in
579 2319 687 2365 manus
710 2301 821 2366 sumsit
843 2319 973 2387 panern,
999 2311 1047 2381 et,
1077 2312 1148 2389 post
1173 2301 1286 2388 gratias
1315 2319 1426 2368 corani

244 2420 388 2488 omnibus
404 2432 487 2488 actas
509 2424 576 2487 Deo
601 2421 756 2489 bonorum
787 2422 925 2488 ornniurn
954 2422 1111 2509 largitori,
1140 2423 1231 2510 fregit
1258 2424 1429 2512 coepitque

244 2541 418 2609 comedere.
449 2545 494 2609 Eo
524 2555 626 2610 autern
655 2563 798 2610 sermone
827 2557 856 2609 et
886 2544 1028 2632 exemplo
1063 2544 1150 2610 Pauli
1190 2545 1283 2611 erecti
1320 2546 1428 2613 anirno

180 2682 182 2687 ’
243 2687 368 2744 ornnes,
393 2667 484 2734 etiarn
507 2668 566 2756 ipsi
590 2668 695 2735 cibnrn
718 2677 929 2757 sumpserunt.
961 2671 1092 2735 Erarnus
1120 2680 1222 2735 autern
1246 2669 1277 2734 in
1301 2671 1428 2757 nauigio

244 2795 369 2857 audurae
395 2795 437 2855 od
462 2812 560 2856 ornum
588 2812 692 2856 omues
719 2792 762 2873 (cl
785 2814 883 2854 πασαι
905 2790 1031 2876 dapar),
1055 2791 1203 2858 ducentae
1231 2793 1427 2879 septuaginta

242 2932 308 2978 sax.
340 2913 471 2978 saturati
501 2924 601 2980 auteur
630 2913 720 2991 cibo,
751 2914 831 2992 iarn,
862 2934 923 3002 quo
953 2914 1082 3002 propius
1111 2924 1237 3002 possent
1265 2914 1427 3002 appellere

242 3033 281 3101 ad
309 3044 440 3113 terram,
471 3053 578 3100 navem
607 3036 782 3100 ollaoobont
813 3034 1010 3125 (εκουφιζον),
1046 3039 1198 3102 alimento
1228 3039 1293 3124 (roa
1322 3034 1440 3132 coroa)

242 3154 273 3220 in
297 3174 381 3221 mate
410 3155 613 3243 prolicienda·
631 3195 673 3204 -
689 3157 823 3242 Ευθυμοι
850 3179 1019 3245 praeparor,
1046 3161 1229 3242 welperooed
1255 3161 1425 3240 percortlen

243 3277 359 3367 zljade.

288 3523 433 3590 59-40.
462 3521 566 3599 aarum
583 3532 685 3586 cotenu
702 3524 770 3586 dies
785 3525 888 3604 suctus
905 3532 994 3604 osset,
1011 3528 1098 3609 etc).
1121 3520 1182 3586 Ubi
1200 3537 1274 3585 vero
1291 3517 1423 3586 diluxis-

241 3654 306 3722 set,
326 3646 569 3725 terramillam,
588 3665 607 3706 o
623 3664 685 3727 qtto
701 3663 798 3726 prope
815 3645 944 3708 oberant
959 3641 1022 3723 (την
1038 3641 1116 3731 pur),
1135 3661 1195 3707 non
1217 3643 1424 3724 agnoscebant

240 3765 479 3855 (ancyronensi),
498 3765 519 3829 i.
539 3783 568 3831 e.
587 3764 780 3851 ignorabant,
800 3784 861 3852 quo
878 3765 1002 3831 nomine
1018 3775 1198 3845 vocaretur3
1217 3767 1422 3830 animadver-

152 3920 154 3924 Α
242 3888 346 3981 roboot
370 3891 552 3973 (κατενοουν)
576 3897 677 3952 autern
704 3885 746 3953 ibi
772 3886 875 3952 sinunt
904 3886 998 3953 maris
1026 3885 1210 3974 quemdam,
1240 3906 1302 3952 non
1332 3905 1421 3973 prae·

241 4009 340 4098 ruptis
365 4008 496 4097 rupibus
520 4008 656 4074 cinctum
675 4007 730 4074 sed
753 4009 916 4074 debentem
941 4011 1031 4074 littus
1050 4017 1175 4098 (εχοντα
1191 4004 1365 4096 capacior),
1383 4004 1422 4073 ad

241 4131 325 4220 quod
341 4132 398 4222 (cl.
418 4153 462 4199 vs.
483 4130 541 4216 to)
558 4141 749 4212 statuerunt,
767 4131 793 4197 si
810 4140 956 4219 possent,
982 4149 1090 4197 navem
1113 4129 1287 4218 impellere.
1314 4131 1421 4217 ltaque

239 4250 368 4323 ancoras
382 4257 441 4339 (vs.
456 4253 516 4342 29)
528 4265 739 4339 amputarunt
752 4250 957 4342 (περιελοντες)
970 4273 1085 4340 easque
1097 4253 1128 4318 iu
1142 4250 1238 4319 fundo
1251 4252 1348 4319 maris
1366 4260 1422 4342 (εις

239 4400 292 4452 την
305 4374 477 4458 Θαλασσην)
490 4380 633 4445 siverunt-l
645 4376 745 4467 (ειων)
759 4376 904 4458 haerere3
921 4376 1045 4444 insimul
1060 4376 1201 4443 laxarunt
1213 4377 1340 4442 viuculo
1357 4375 1422 4458 (τας
