3074 5054
179 407 244 472 mo
517 400 650 468 uaros
687 374 1018 482 erosrmoaun

175 593 287 657 tribuit
309 595 355 656 eis
379 602 499 656 terram
523 613 645 658 eorum.
664 594 709 656 El
728 605 800 675 poet
823 596 915 671 leaeo,
935 597 1030 658 cannis
1053 597 1182 659 circiter
1198 597 1358 677 quadrin-

173 721 274 801 qentie
287 729 315 782 et
328 719 558 802 quinquaqinta
569 718 786 782 declitludices
798 740 895 802 usque
909 721 951 783 ad
960 718 1140 783 Samuelem
1150 721 1355 802 proplietam.

175 844 316 928 Quorum
333 842 498 908 verborum
518 861 627 907 sensus
645 841 696 908 bic
712 855 757 908 est
776 863 782 903 :
800 843 885 909 Deus
903 854 972 930 post
987 842 1235 910 distributionem
1253 853 1358 908 terrae

176 969 347 1056 promissae
370 967 451 1032 iuter
475 965 649 1045 lsrailitns,
671 966 793 1032 lodices
817 967 879 1032 illis
904 965 988 1032 dedit
1012 987 1068 1055 per
1089 987 1185 1033 armos
1210 966 1360 1055 quadrin-

174 1103 281 1178 gentos
310 1102 340 1158 ot
367 1089 586 1178 quinquaginta
615 1111 714 1177 usque
741 1089 778 1156 ad
802 1090 989 1157 Samuelem.
1006 1129 1049 1138 -
1071 1092 1172 1157 Etiam
1197 1090 1249 1156 bic
1277 1090 1359 1155 ratio

176 1225 311 1292 constat,
338 1213 364 1279 si
390 1233 501 1300 nempe
527 1212 598 1277 anui
621 1212 683 1289 illi,
704 1213 817 1300 quibus
843 1214 1000 1279 Israelitae
1020 1214 1050 1279 in
1073 1214 1190 1302 epooba
1213 1214 1358 1280 iudicum

176 1338 343 1423 identidem
367 1337 509 1425 gentibus
534 1308 673 1401 finitimis
698 1335 828 1402 subiecti
855 1337 997 1418 luerunt,
1028 1339 1254 1426 coniungantur
1282 1359 1355 1405 oum

176 1462 264 1529 annis
281 1482 337 1550 per
354 1481 432 1548 quos
449 1459 591 1526 lodicum
613 1471 782 1547 paruerunt
798 1459 943 1546 imperio.

220 1584 311 1671 Quod
328 1584 443 1651 dicitur
459 1580 513 1656 ἕως
529 1581 687 1668 bennoni,
706 1584 751 1650 sio
770 1583 1003 1671 intelligendum
1021 1597 1082 1664 est,
1098 1597 1131 1651 ut
1148 1587 1215 1674 ipse
1232 1586 1358 1653 Samuel

176 1713 341 1780 interillos
364 1735 467 1801 κριτας
483 1721 690 1799 computetur.
711 1712 758 1776 De
782 1712 890 1778 vocula
915 1709 966 1786 ἕως
990 1711 1060 1778 vide
1082 1733 1160 1799 quae
1183 1714 1359 1780 notavimus

178 1856 271 1924 supra
288 1836 326 1902 ad
343 1837 418 1923 Cap.
438 1835 500 1903 Vll
521 1859 528 1898 :
548 1837 603 1902 45.

224 2066 279 2131 ll.
305 2066 350 2128 Et
376 2067 489 2130 exinde
513 2069 754 2148 postulauerunt
776 2087 898 2149 reqem,
918 2073 1005 2156 eto).
1033 2066 1103 2133 Vox
1128 2066 1252 2144 εκειθεν,
1277 2086 1359 2153 quae

178 2186 253 2254 alias
265 2187 456 2254 Aduerbium
470 2191 529 2255 loci
544 2201 607 2270 est,
624 2189 675 2254 hic
691 2189 805 2256 dioitur
822 2193 858 2254 de
875 2200 1047 2274 temporeo
1064 2212 1136 2274 quo.
1152 2191 1268 2257 Sensus
1285 2202 1357 2256 est:

179 2312 254 2378 lade
269 2332 286 2378 a
299 2311 408 2379 diebus
421 2313 572 2380 Samuelis
590 2313 722 2393 Iudicis,
739 2315 895 2381 lsraililae
909 2319 1089 2397 petiverunt
1105 2318 1166 2380 sibi
1181 2313 1360 2405 (qrqaarro)

178 2456 294 2524 regem.
313 2436 361 2504 Cl.
383 2439 395 2503 l
419 2440 495 2525 Reg.
514 2439 596 2517 Vlll‚
623 2459 694 2526 sqq.
713 2477 756 2486 —
773 2439 919 2518 Saulum,
946 2439 1081 2540 primum
1099 2459 1208 2505 eorum
1232 2460 1357 2526 regem,

177 2581 234 2650 per
249 2559 449 2648 quadraginta
464 2580 561 2626 annos
578 2561 699 2627 titulum
717 2563 799 2649 regis
814 2563 960 2649 gessisse,
979 2583 994 2627 a
1012 2562 1107 2629 Paulo
1125 2562 1177 2630 hic
1193 2563 1358 2630 docemur.

178 2689 217 2753 Et
239 2697 283 2752 tot
303 2706 399 2752 annos
423 2705 566 2772 regnasse
587 2685 727 2765 Samum,
746 2698 896 2751 memorat
919 2706 1043 2774 quoque
1063 2687 1187 2753 Flavius
1205 2687 1361 2775 Iosephus

176 2810 320 2898 (Anlqu.
348 2809 418 2875 Lib.
449 2810 520 2875 Vl:
548 2808 602 2895 ll)
629 2835 636 2873 :
661 2805 849 2894 Elluatleuoe
876 2808 997 2887 Σαουλ,
1027 2812 1144 2899 inquil,
1175 2809 1361 2896 Σαμουηλου

178 2938 305 3011 laurae,
324 2958 373 3007 ετη
397 2957 475 2996 οκτω
492 2955 564 3022 προς
580 2958 642 3007 τοις
667 2930 752 2997 denu·
771 2932 1003 3009 τελευτησαντος
1020 2931 1071 3013 de,
1091 2931 1144 2999 duo
1170 2961 1221 2998 και
1245 2960 1360 3014 enneae,

177 3058 211 3124 h.
236 3079 265 3124 e.
290 3059 446 3142 Reqnaoit
467 3058 565 3140 Saul,
590 3058 737 3125 Samuele
759 3063 898 3142 vivente,
929 3082 1029 3125 carinas
1058 3063 1239 3140 octodecim,
1264 3082 1363 3146 eoque

178 3193 321 3264 mortuo,
344 3185 459 3266 oiqinti
487 3186 577 3246 eleros.
607 3181 788 3248 Traditioue
812 3181 870 3248 bac
897 3182 936 3249 de
958 3204 991 3248 re
1013 3184 1203 3264 constiterit3
1228 3204 1298 3252 nam
1329 3186 1361 3251 in

178 3302 267 3370 libris
291 3303 388 3370 sacris
404 3304 516 3369 veteris
532 3305 720 3370 Testamenti
743 3303 851 3371 nullibi
877 3317 1013 3373 notatum
1037 3318 1099 3387 est,
1121 3306 1268 3396 quamdiu
1286 3307 1361 3376 Saul

176 3427 360 3513 regnaverit.
394 3427 443 3493 De
470 3426 530 3492 boc
558 3427 640 3492 enim
670 3447 729 3493 aon
758 3427 858 3514 agitur
881 3429 893 3493 l
917 3430 994 3515 Reg.
1019 3431 1095 3517 Cap.
1121 3429 1218 3496 Xlll:
1246 3433 1279 3510 l,
1306 3430 1360 3498 ubi

177 3551 339 3638 legimus:
364 3551 469 3616 Filius
496 3553 593 3616 rrnius
621 3553 699 3614 anni
725 3563 793 3615 erat
822 3551 901 3616 Saul
929 3574 999 3617 cum
1028 3574 1161 3636 reqnare
1188 3556 1360 3636 coepisset,

177 3677 297 3742 duobus
314 3685 419 3740 autem
436 3677 529 3740 annis
545 3677 690 3757 requievit
705 3695 803 3757 super
822 3677 936 3742 lsrail.
957 3679 1002 3742 Et
1018 3680 1107 3760 eleqit
1123 3680 1183 3743 eibi
1198 3677 1279 3742 Saul
1297 3681 1362 3744 trio

178 3802 282 3864 millio
307 3801 344 3863 de
367 3799 481 3864 Isroil.
507 3798 632 3865 Scilicet
654 3797 705 3865 hio
728 3799 815 3865 locus
832 3820 870 3864 ex
887 3799 1043 3867 Hebraico
1061 3802 1106 3867 sic
1122 3800 1208 3867 reddi
1229 3812 1359 3889 polest:

180 3924 258 3989 Saul
273 3944 343 3988 oum
363 3943 423 4005 per
442 3945 563 3988 aurium
586 3945 687 3989 uuum
703 3925 853 3988 recesset
869 3923 941 4011 (per
957 3929 1035 3990 duos
1053 3937 1157 3990 aulem
1174 3947 1275 3991 annos
1291 3949 1361 4010 req-

178 4050 264 4112 nouit
280 4068 377 4130 suaper
393 4048 523 4131 lsrue'l),
543 4059 609 4112 tum
634 4051 725 4131 eleqit
748 4050 809 4113 sibi
832 4048 911 4113 Saul
933 4071 970 4112 eu
993 4050 1152 4114 Israilitis
1173 4052 1239 4114 trin
1254 4052 1361 4116 millio

179 4174 336 4236 uirorum.
356 4173 395 4238 Et
410 4191 502 4252 sane,
521 4192 555 4239 ea
573 4193 652 4260 quae
669 4173 699 4237 in
718 4171 806 4237 libris
822 4172 920 4238 sacris
937 4192 954 4237 a
970 4172 1063 4238 Saulo
1080 4185 1163 4259 gesta
1180 4187 1359 4254 narrantur,

179 4294 275 4361 multo
290 4296 379 4383 plura
392 4306 463 4362 sunt
476 4316 568 4383 quam
581 4305 614 4362 ul
631 4295 763 4362 duorum
780 4315 932 4361 annornm
949 4296 1049 4383 spatio
1061 4297 1240 4384 contingere
1256 4298 1360 4364 omnia

181 4419 349 4507 potuerint.
375 4421 438 4486 Nec
462 4419 562 4508 potuit
581 4439 654 4507 ergo
678 4430 786 4486 auctor
801 4439 890 4486 sacer
905 4419 1080 4506 significare
1096 4420 1246 4502 voluisse,
1264 4409 1360 4490 annos
