3074 5054
177 378 222 444 88·
513 373 647 443 ACTUS
685 374 1016 455 thessalorum,

219 585 311 650 qoem
326 565 413 629 heus
437 565 617 647 suscitavit,
637 562 728 652 oet).
746 567 854 632 desum
871 584 889 631 a
904 565 1034 631 mortuis
1051 564 1222 632 redivivum
1238 565 1352 632 Petrus

176 704 344 774 numquam
367 705 428 751 non
449 682 623 772 praedieat3
643 685 789 753 nimirum
805 686 836 752 in
854 684 914 752 hoo
930 686 1026 765 laeto,
1042 685 1136 754 veluti
1152 686 1351 755 fundamento
1446 740 1448 747 .

173 829 249 889 suo,
278 809 391 875 veritas
418 808 526 875 nititur
553 809 724 896 Religionis
748 809 959 892 Christianae;
990 831 1048 878 neo
1075 821 1217 900 poterant
1244 813 1350 880 ludaei

175 932 280 998 Iesum
306 931 499 998 Nazarenum
526 942 682 1020 tamquam
710 933 858 1000 Messiam
885 952 1072 1020 agnoscere,
1097 934 1157 1000 nisi
1178 954 1196 1000 a
1219 936 1352 1003 mortuis

174 1055 415 1135 resurrexisset,
434 1076 529 1145 quum
546 1075 580 1122 se
595 1076 613 1123 a
629 1057 760 1125 mortuis
781 1068 1029 1125 resurrecturum
1048 1077 1116 1125 esse
1132 1057 1349 1146 praedixisset.

176 1182 280 1250 Iesum
296 1192 397 1249 autem
418 1201 527 1272 reapse
543 1183 769 1265 resurrexisse,
787 1183 849 1250 illis
865 1184 1044 1251 eonstiterat
1057 1184 1233 1251 testimonio
1249 1186 1352 1273 Apos-

175 1305 328 1386 tolorum,
353 1305 407 1394 qui
435 1305 643 1386 affirmabant,
668 1327 701 1374 se
729 1328 799 1376 eum
825 1307 995 1376 redivivum
1018 1328 1110 1397 saepe
1133 1308 1350 1398 conspexisse,

176 1430 245 1496 Deo
273 1448 329 1517 per
357 1424 452 1495 multa
481 1428 629 1496 miracula
655 1440 836 1510 attestante,
865 1450 973 1497 verum
1003 1449 1071 1497 esse
1099 1429 1182 1518 quod
1210 1430 1351 1528 Apostoli

176 1551 406 1642 praedicabant.

226 1798 280 1864 lh.
305 1797 351 1861 Et
371 1798 408 1860 ire
426 1798 488 1880 fide
512 1799 649 1863 homimis
673 1800 758 1879 eius,
783 1797 873 1887 oet).
902 1800 1063 1868 Genitivus
1084 1802 1204 1868 obiecti.
1234 1803 1354 1871 Graece

179 1932 226 1990 est
241 1944 289 1985 επι
306 1945 342 2010 τῃ
358 1901 475 1999 πιστὲι,
490 1921 543 1990 ubi
564 1922 719 1990 Partioula
735 1946 783 1987 επι
801 1944 872 1991 oum
887 1925 999 1991 Dativo
1017 1934 1070 1992 est
1090 1925 1280 1992 Nostratium
1297 1946 1351 2009 op,

181 2045 230 2112 vel
245 2066 313 2123 om,
333 2043 477 2132 dietaque
500 2053 547 2110 est
568 2043 606 2112 de
628 2064 739 2126 eausa,
759 2066 820 2134 qua
840 2047 916 2134 quid
935 2047 1054 2114 nititur.
1074 2047 1190 2114 Sensus
1206 2059 1253 2115 est
1270 2068 1278 2109 ε
1295 2070 1355 2132 per

180 2170 294 2252 fidem,
322 2167 388 2233 sive
412 2167 571 2232 mediante
597 2170 660 2251 fide
686 2179 796 2234 oestro
825 2172 860 2234 iu
888 2191 1003 2234 uomere
1031 2169 1170 2250 Christi,
1200 2169 1233 2237 h.
1263 2191 1292 2236 e.
1323 2171 1354 2237 in

181 2291 359 2372 Christum,
377 2312 491 2357 nomeu
512 2294 578 2357 eius
600 2290 764 2381 (Christi),
782 2293 805 2359 i.
824 2313 852 2360 e.
876 2291 1019 2360 Christus
1039 2295 1237 2377 confirmauit
1258 2291 1356 2381 (εστε-
1440 2365 1444 2370 Α

177 2435 269 2503 ρεωσε
290 2417 514 2495 consolidavit,
536 2415 713 2493 roboravit,
732 2413 865 2503 sanavit)
887 2417 1054 2500 claudum,
1074 2439 1166 2503 quem
1188 2419 1240 2482 hio
1259 2438 1356 2501 proe-

180 2549 299 2604 seutem
314 2540 494 2623 conspicitis
514 2538 660 2629 (Θεωρειτε
677 2540 708 2617 in
724 2536 849 2626 Praes.)
868 2551 897 2606 et
913 2544 1060 2607 novistis.

225 2675 255 2730 et
269 2666 348 2747 fides
364 2685 442 2750 quae
452 2685 513 2747 per
525 2685 596 2729 eum
608 2675 668 2744 esd,
682 2662 774 2752 cel).
789 2665 927 2734 Graece:
942 2690 992 2728 και
1009 2666 1026 2740 ἡ
1043 2687 1145 2740 πιστις
1160 2665 1177 2740 ἡ
1194 2661 1234 2730 δι’
1248 2689 1354 2743 αυτου,

182 2786 242 2854 hoo
266 2796 329 2867 est,
347 2797 378 2854 et
399 2797 503 2855 nostra
527 2787 558 2852 in
581 2785 739 2854 Christum
763 2786 860 2868 fides,
886 2808 979 2876 quam
1003 2809 1064 2856 non
1086 2787 1176 2855 nobis
1199 2798 1356 2877 aeoeptam

181 2908 361 2991 referimus,
380 2910 435 2977 sed
451 2909 601 2978 hahemus
621 2931 679 2994 per
701 2932 771 2976 eom
793 2906 848 2999 (δι’
865 2908 986 2998 αυτου),
1005 2920 1110 2999 utpote
1125 2909 1164 2977 ab
1181 2910 1250 2999 ipso
1267 2910 1358 2978 nobis

184 3032 326 3101 donatam
343 3031 400 3121 (ol.
420 3037 434 3101 t
455 3033 538 3100 Petri
556 3034 570 3100 t
587 3059 593 3100 :
609 3033 679 3121 hl),
698 3032 774 3100 haee
790 3032 868 3100 fides
885 3032 968 3101 dedit
985 3053 1090 3101 eoram
1108 3032 1253 3100 omnibus
1269 3032 1358 3100 vobis

185 3159 295 3228 olaudo
323 3160 397 3229 huio
424 3161 572 3250 integram
596 3160 756 3228 sanitatem
783 3160 891 3239 istam,
918 3179 1010 3248 quam
1037 3159 1070 3224 in
1098 3179 1135 3225 eo
1163 3158 1356 3247 oonspioitis.

186 3287 271 3353 Beue
290 3285 458 3376 Stapleton¹
477 3306 484 3348 :
511 3285 642 3376 «Ipsius
657 3285 778 3366 olaudi,
797 3288 921 3370 impetit,
941 3283 1024 3351 nulla
1040 3281 1092 3350 hio
1107 3280 1184 3348 fides
1201 3293 1285 3363 erat,
1304 3285 1357 3372 qui

184 3409 320 3499 respexit
342 3410 375 3477 in
390 3413 517 3479 Petrum
534 3422 564 3479 et
579 3412 745 3492 Ioannem,
762 3433 897 3496 speruus
911 3433 942 3476 se
959 3413 1085 3497 aliquid
1097 3413 1306 3494 eleemosynae
1322 3411 1360 3475 oh

185 3533 252 3597 illis
268 3544 481 3618 accepturum.
500 3534 661 3602 lllanileste
675 3536 786 3602 Petrus
802 3535 884 3602 siout
899 3533 1102 3623 principalem
1124 3552 1249 3600 oausam
1266 3531 1361 3600 huius

188 3659 329 3729 miraouli
346 3661 455 3730 tribuit
476 3662 591 3731 Christi
616 3663 720 3730 virtuti
736 3683 772 3731 ae
788 3663 960 3753 potentiae,
979 3663 1020 3729 ita
1036 3661 1168 3729 mediam
1194 3672 1224 3729 et
1243 3661 1360 3730 instru-

187 3785 351 3853 mentalem
368 3806 492 3854 oausam
509 3787 539 3853 in
556 3787 624 3876 ipsa
639 3786 701 3854 lide
716 3787 843 3876 ponit.»

233 4031 285 4097 l7.
312 4034 356 4098 Et
379 4054 464 4100 hooc
486 4036 621 4120 fratres,
641 4032 729 4121 oet).
751 4032 840 4099 Lenit
855 4032 1051 4121 asperitatem
1068 4032 1239 4121 superioris
1256 4031 1359 4110 effati,

186 4175 247 4244 quo
264 4154 401 4242 dixerat,
420 4179 472 4225 eos
491 4159 636 4227 Messiam
661 4178 752 4226 suum
776 4157 982 4246 eumdemque
997 4167 1154 4224 auctorem
1171 4156 1250 4223 vitae
1266 4156 1361 4224 inter·

219 4420 238 4488 ¹)
255 4420 379 4477 Antidota
390 4422 417 4476 in
428 4421 486 4476 hot.
499 4422 548 4491 hp.
562 4422 595 4475 ad
606 4421 632 4475 h.
647 4423 664 4474 l.
