3074 5054
481 379 620 446 CAPUT
654 379 786 456 ΧΧΙΙΙ,
824 379 945 446 VERS.
988 381 1084 446 l-d.
1305 385 1370 454 teo

189 572 324 659 (aproni)
342 567 513 636 secundum
532 569 648 656 legem,
664 581 694 636 et
711 570 779 658 ipse
795 581 908 636 contra
926 572 1023 653 lepcm
1048 593 1143 654 opem
1159 572 1374 664 (παρανομῶν)

186 694 273 762 iubes
298 715 347 761 me
373 695 512 782 percutil
532 692 687 762 Videlicet
708 704 814 760 contra
838 693 936 782 legem
959 693 1067 782 agebat
1089 693 1200 774 iudex,
1224 696 1277 784 qui
1300 707 1371 762 ante

185 817 338 904 cognitam
356 837 481 884 causam
498 836 629 906 poenam
647 817 782 905 aliquam
801 816 965 905 indigeret.
987 815 1036 882 Cl.
1055 817 1140 883 loau.
1156 819 1218 885 Vll
1235 840 1242 881 :
1260 821 1371 887 iil.—

186 943 259 1008 Erut
282 940 335 1009 ille
360 942 494 1009 Ananias
511 941 555 1021 is,
582 960 676 1028 quem
700 939 895 1025 Quadratum
921 940 1031 1026 Syriae
1055 943 1204 1022 Praeses,
1233 943 1371 1009 vinctum

186 1070 310 1138 miserat
326 1073 474 1146 Romam,
493 1080 526 1136 ut
550 1069 673 1135 Caesari
699 1067 828 1136 Claudio
854 1069 1005 1136 lectorum
1032 1069 1183 1136 rationem
1208 1069 1365 1137 redderet.

229 1199 277 1264 De
293 1196 428 1263 dictione
444 1195 589 1282 Elliptice
609 1196 750 1268 αιενιζειν
771 1193 841 1260 ride
863 1193 901 1261 ad
926 1194 1004 1282 Cap.
1025 1195 1038 1260 Ι
1058 1221 1064 1257 :
1089 1197 1142 1262 to.
1162 1231 1206 1242 -
1220 1195 1271 1281 Τῳ
1288 1218 1371 1259 συνε-

186 1315 259 1407 ‹lprp
276 1329 323 1385 est
339 1318 469 1385 Delirus
492 1319 688 1382 directionis.
708 1353 752 1364 -—
770 1315 864 1404 Πασῃ
888 1315 959 1396 hie,
978 1326 1140 1404 utsupra,
1160 1315 1198 1383 de
1214 1337 1263 1397 co,
1283 1317 1365 1406 qnod

185 1443 286 1509 estin
314 1441 417 1531 aliquo
444 1461 556 1528 genere
583 1461 757 1521 summurn,
788 1439 1101 1531 praestantissimum.
1132 1439 1366 1529 Πεπολιτευμαι

183 1563 357 1632 Perfectum
386 1565 503 1631 formae
532 1565 675 1631 Passivae
703 1564 929 1651 significatione
957 1565 1080 1645 Media,
1104 1576 1139 1632 ut
1167 1586 1261 1655 supra
1286 1567 1364 1655 Cap.

183 1690 259 1756 Xlll
280 1715 288 1755 ε
307 1693 341 1757 2.
360 1691 465 1756 —De
482 1689 608 1757 untione
632 1689 718 1756 uocis
735 1686 944 1753 πολιτευεσθαι
960 1687 1096 1758 diximus
1113 1690 1152 1757 ad
1168 1692 1245 1779 Cap.
1262 1692 1274 1757 Ι
1293 1712 1300 1753 :
1321 1695 1365 1759 a7

182 1815 330 1902 epistolae
344 1814 383 1881 ad
403 1813 635 1902 Philippenses.
659 1814 790 1881 Dativus
815 1815 868 1881 ille
887 1840 931 1900 τῳ
956 1812 1026 1900 Θεῳ
1051 1794 1109 1884 nec
1132 1818 1262 1884 Datirns
1279 1820 1365 1887 Nor-

181 1960 268 2022 mue,
288 1959 346 2006 uec
364 1938 529 2004 Commodi
549 1958 619 2004 esse
634 1937 712 2005 mihi
729 1937 863 2019 videtur,
881 1938 936 2006 sed
954 1941 1040 2030 quasi
1068 1943 1283 2024 Directioois,
1302 1965 1364 2031 qun

182 2083 281 2130 sensu·
296 2074 326 2130 ct
346 2056 474 2129 Latinus
496 2064 653 2151 Interpres
676 2074 706 2130 et
729 2064 828 2149 Syrus
851 2083 977 2152 quoqne
1002 2065 1146 2133 eumdem
1171 2079 1361 2135 sumserunt.

182 2185 366 2274 intelligitur
392 2197 492 2252 autem
523 2184 575 2253 hic
603 2187 663 2252 vita
691 2198 758 2253 acta
785 2207 802 2252 a
827 2186 923 2253 Paulo
952 2208 990 2253 ex
1018 2208 1097 2274 quo,
1128 2188 1234 2255 relicta
1263 2190 1362 2275 Syna-

180 2329 274 2397 goga,
293 2309 392 2376 sactus
412 2308 510 2376 iuerat
526 2308 700 2398 discipulus
716 2310 851 2390 Christi3
871 2331 940 2377 nam
961 2309 1041 2377 hanc
1059 2312 1137 2377 vitae
1153 2332 1227 2378 suae
1244 2324 1362 2400 partem

180 2433 348 2500 aduersarii
369 2433 436 2500 eins
458 2433 635 2522 culpabant.
655 2472 698 2482 -
715 2436 829 2501 Pcries
854 2437 1012 2516 dealbate,
1037 2435 1137 2503 demta
1160 2437 1361 2527 Metaphora‚

181 2556 241 2624 lroc
257 2557 325 2647 loco
343 2556 422 2624 valet
440 2583 447 2624 :
466 2580 484 2623 o
500 2558 686 2642 hypocrita!
702 2559 749 2625 Gi.
772 2557 882 2627 March.
901 2560 1014 2626 XXlll
1034 2583 1041 2624 :
1061 2562 1115 2626 27.
1136 2560 1243 2648 Cogita
1260 2563 1361 2649 peric·

178 2692 259 2759 tem,
283 2702 344 2749 non
366 2693 519 2748 structum
540 2702 579 2748 ex
601 2681 775 2770 lapidibus,
799 2683 853 2750 sed
871 2703 910 2749 ex
929 2683 1055 2750 sordido
1078 2683 1142 2749 luto
1164 2684 1360 2764 coniectum,

177 2806 368 2872 extrinsecus
407 2815 509 2872 aulem
545 2804 640 2871 nitida
676 2804 761 2872 calce
797 2805 978 2873 obductum.
1021 2805 1137 2872 Eadem
1179 2807 1360 2896 metaphora

180 2952 254 2999 usus
271 2931 391 3006 Seneca
406 2929 485 2997 dixit
499 2928 554 3019 (de
571 2929 698 2996 Provid.
718 2930 795 3017 Cap.
824 2929 885 3019 Vl)
905 2956 912 2996 :
932 2932 1001 2996 Isti
1009 2981 1017 3009 ‚
1043 2952 1120 3015 qnos
1141 2952 1202 3014 pro
1222 2934 1364 3016 feticibus

180 3057 344 3139 aspicitis,
363 3057 391 3120 si
406 3076 470 3119 more
486 3076 548 3139 quo
564 3063 736 3119 occurrunt
763 3057 819 3118 scd
847 3074 909 3138 qrm
936 3054 1035 3119 latent
1060 3056 1225 3137 videritis,
1252 3057 1365 3119 miseri

179 3189 272 3262 runi,
291 3181 414 3245 sordidi
424 3227 433 3256 ,
449 3189 568 3262 turpes,
589 3179 631 3242 ad
649 3179 899 3243 similitudinem
915 3181 1076 3261 parietum
1092 3199 1223 3243 suorum
1240 3182 1363 3244 extrin-

180 3322 266 3367 secus
283 3303 371 3367 crtlti.

223 3542 325 3609 t-ti.
352 3542 397 3606 m
412 3545 467 3627 qm'
480 3543 665 3626 adoratam,
685 3541 776 3631 cto).
797 3543 860 3609 Ille
879 3553 986 3609 cutem
1009 3547 1067 3629 qui
1081 3543 1178 3611 Paulo
1194 3543 1362 3613 adstabant
1418 3589 1419 3592 =

179 3671 221 3758 (oi
237 3662 270 3731 δε
295 3665 498 3757 παρεστωτες)
522 3666 666 3733 dixerunt
681 3667 720 3734 ad
745 3689 816 3734 euru
836 3690 843 3731 ε
864 3669 949 3735 Num
976 3690 1097 3736 summo
1126 3670 1278 3737 sacerdoti
1302 3672 1361 3737 Dei

179 3789 355 3858 maledicist
385 3790 507 3876 Quibus
536 3792 651 3858 Paulus
678 3816 686 3857 ι
711 3793 917 3874 Nesciebum,
949 3794 1078 3873 iratres,
1109 3816 1177 3863 esse
1205 3817 1360 3864 summum

178 3914 369 3984 sacerdotem
393 3915 454 4004 (ὁτι
479 3938 561 3980 εστιν
583 3921 836 4007 αρχιερευς,-ιιιιι
864 3940 899 3983 er
928 3941 983 3983 een
1005 3920 1248 4004 Hoopepriester
1269 3923 1361 4003 was),-

178 4039 303 4129 quodsi
321 4040 500 4120 scivissem,
527 4040 634 4128 ulique
651 4061 711 4107 non
730 4041 958 4108 maledixissem
978 4042 1038 4123 illi;
1065 4065 1142 4109 nom
1158 4042 1244 4134 (pap)
1261 4045 1360 4134 scrip-

178 4172 241 4229 tum
262 4173 309 4229 esi
330 4161 448 4252 (Exod.
473 4164 569 4229 XXll
586 4185 594 4226 :
610 4165 665 4247 m)
686 4184 693 4225 :
714 4166 868 4250 Prirrcipi
887 4168 998 4249 populi
1021 4169 1070 4232 lui
1090 4188 1154 4232 mom
1176 4167 1357 4233 maledicet.

222 4284 327 4352 Verba
352 4285 470 4352 Pauli:
494 4288 622 4351 Τυπτειν
652 4311 686 4351 σε
715 4286 966 4374 pellucidam,
996 4290 1023 4356 si
1052 4291 1182 4358 formam
1211 4292 1359 4359 orationis

176 4419 315 4499 spectes,
334 4413 581 4492 praedictionem
598 4411 733 4498 aliquam
758 4424 921 4480 secuturae
940 4434 1077 4502 poenae,
1091 4434 1151 4481 uon
1170 4435 1243 4480 vero
1260 4417 1361 4481 mole-
