<?xml version="1.0" encoding="UTF-8"?>
<!DOCTYPE html PUBLIC "-//W3C//DTD XHTML 1.0 Transitional//EN"
    "http://www.w3.org/TR/xhtml1/DTD/xhtml1-transitional.dtd">
<html xmlns="http://www.w3.org/1999/xhtml" xml:lang="en" lang="en">
 <head>
  <title>
</title>
<meta http-equiv="Content-Type" content="text/html;charset=utf-8" />
  <meta name='ocr-system' content='tesseract 3.04.00' />
  <meta name='ocr-capabilities' content='ocr_page ocr_carea ocr_par ocr_line ocrx_word'/>
</head>
<body>
  <div class='ocr_page' id='page_1' title='image "./commentariusina00beelgoog/commentariusina00beelgoog_0250.png"; bbox 0 0 3074 5054; ppageno 0'>
   <div class='ocr_carea' id='block_1_1' title="bbox 464 364 1340 464">
    <p class='ocr_par' dir='ltr' id='par_1_1' title="bbox 464 364 1340 464">
     <span class='ocr_line' id='line_1_1' title="bbox 464 364 1340 464; baseline -0.013 -10"><span class='ocrx_word' id='word_1_1' title='bbox 464 386 603 454; x_wconf 77' lang='lat' dir='ltr'><strong><em>curun</em></strong></span> <span class='ocrx_word' id='word_1_2' title='bbox 643 384 737 464; x_wconf 88' lang='lat' dir='ltr'><strong><em>vm,</em></strong></span> <span class='ocrx_word' id='word_1_3' title='bbox 778 379 888 450; x_wconf 82' lang='lat' dir='ltr'><strong><em>runs</em></strong></span> <span class='ocrx_word' id='word_1_4' title='bbox 925 364 1069 448; x_wconf 72' lang='lat' dir='ltr'><strong><em>r&#39;o-re.</em></strong></span> <span class='ocrx_word' id='word_1_5' title='bbox 1279 378 1340 444; x_wconf 83' lang='lat' dir='ltr'><strong><em>rm</em></strong></span> 
     </span>
    </p>
   </div>
   <div class='ocr_carea' id='block_1_2' title="bbox 176 571 1349 1283">
    <p class='ocr_par' dir='ltr' id='par_1_2' title="bbox 176 571 1349 1283">
     <span class='ocr_line' id='line_1_2' title="bbox 176 571 1347 659; baseline -0.009 -16"><span class='ocrx_word' id='word_1_6' title='bbox 176 599 231 643; x_wconf 87' lang='lat' dir='ltr'><strong><em>oou</em></strong></span> <span class='ocrx_word' id='word_1_7' title='bbox 255 579 341 644; x_wconf 88' lang='lat' dir='ltr'><strong><em>debet</em></strong></span> <span class='ocrx_word' id='word_1_8' title='bbox 368 581 597 645; x_wconf 81' lang='lat' dir='ltr'><strong><em>circumcidere</em></strong></span> <span class='ocrx_word' id='word_1_9' title='bbox 625 577 812 654; x_wconf 83' lang='lat' dir='ltr'><strong><em>irreilitca,</em></strong></span> <span class='ocrx_word' id='word_1_10' title='bbox 842 575 916 659; x_wconf 82' lang='lat' dir='ltr'><strong><em>puin</em></strong></span> <span class='ocrx_word' id='word_1_11' title='bbox 943 573 1143 638; x_wconf 79' lang='lat' dir='ltr'><strong><em>circumcidit</em></strong></span> <span class='ocrx_word' id='word_1_12' title='bbox 1171 571 1207 635; x_wconf 87' lang='lat' dir='ltr'><strong><em>iu</em></strong></span> <span class='ocrx_word' id='word_1_13' title='bbox 1233 589 1347 634; x_wconf 85' lang='lat' dir='ltr'><strong><em>nomeu</em></strong></span> 
     </span>
     <span class='ocr_line' id='line_1_3' title="bbox 176 697 1349 787; baseline -0.008 -20"><span class='ocrx_word' id='word_1_14' title='bbox 176 705 284 768; x_wconf 75' lang='lat' dir='ltr'><strong><em>moratis</em></strong></span> <span class='ocrx_word' id='word_1_15' title='bbox 314 704 480 786; x_wconf 81' lang='lat' dir='ltr'><strong><em>Gerizim,</em></strong></span> <span class='ocrx_word' id='word_1_16' title='bbox 509 702 543 770; x_wconf 90' lang='lat' dir='ltr'><strong><em>h.</em></strong></span> <span class='ocrx_word' id='word_1_17' title='bbox 569 722 599 768; x_wconf 89' lang='lat' dir='ltr'><strong><em>e.</em></strong></span> <span class='ocrx_word' id='word_1_18' title='bbox 629 704 707 787; x_wconf 86' lang='lat' dir='ltr'><strong><em>quin</em></strong></span> <span class='ocrx_word' id='word_1_19' title='bbox 732 703 759 765; x_wconf 85' lang='lat' dir='ltr'><strong><em>is</em></strong></span> <span class='ocrx_word' id='word_1_20' title='bbox 788 701 989 764; x_wconf 78' lang='lat' dir='ltr'><strong><em>circumcidit</em></strong></span> <span class='ocrx_word' id='word_1_21' title='bbox 1014 698 1184 763; x_wconf 83' lang='lat' dir='ltr'><strong><em>addicendo</em></strong></span> <span class='ocrx_word' id='word_1_22' title='bbox 1213 697 1349 760; x_wconf 88' lang='lat' dir='ltr'><strong><em>circum·</em></strong></span> 
     </span>
     <span class='ocr_line' id='line_1_4' title="bbox 176 820 1348 914; baseline -0.006 -22"><span class='ocrx_word' id='word_1_23' title='bbox 176 831 268 894; x_wconf 79' lang='lat' dir='ltr'><strong><em>cirum</em></strong></span> <span class='ocrx_word' id='word_1_24' title='bbox 288 833 391 895; x_wconf 88' lang='lat' dir='ltr'><strong><em>cultui</em></strong></span> <span class='ocrx_word' id='word_1_25' title='bbox 395 880 408 913; x_wconf 79' lang='lat'><em>‚</em></span> <span class='ocrx_word' id='word_1_26' title='bbox 433 831 491 914; x_wconf 81' lang='lat' dir='ltr'><strong><em>qui</em></strong></span> <span class='ocrx_word' id='word_1_27' title='bbox 510 832 546 894; x_wconf 88' lang='lat' dir='ltr'><strong><em>iu</em></strong></span> <span class='ocrx_word' id='word_1_28' title='bbox 567 838 672 892; x_wconf 88' lang='lat' dir='ltr'><strong><em>moute</em></strong></span> <span class='ocrx_word' id='word_1_29' title='bbox 689 825 839 892; x_wconf 77' lang='lat' dir='ltr'><strong><em>Gerizim</em></strong></span> <span class='ocrx_word' id='word_1_30' title='bbox 863 825 1056 889; x_wconf 84' lang='lat' dir='ltr'><strong><em>instituitur.</em></strong></span> <span class='ocrx_word' id='word_1_31' title='bbox 1075 821 1176 890; x_wconf 81' lang='lat' dir='ltr'><strong><em>Simili</em></strong></span> <span class='ocrx_word' id='word_1_32' title='bbox 1200 841 1291 887; x_wconf 91' lang='lat' dir='ltr'><strong><em>sensu</em></strong></span> <span class='ocrx_word' id='word_1_33' title='bbox 1309 820 1348 886; x_wconf 91' lang='lat' dir='ltr'><strong><em>de</em></strong></span> 
     </span>
     <span class='ocr_line' id='line_1_5' title="bbox 176 941 1344 1037; baseline -0.008 -22"><span class='ocrx_word' id='word_1_34' title='bbox 176 950 407 1017; x_wconf 84' lang='lat' dir='ltr'><strong><em>circumcisione</em></strong></span> <span class='ocrx_word' id='word_1_35' title='bbox 432 970 451 1016; x_wconf 92' lang='lat' dir='ltr'><strong><em>a</em></strong></span> <span class='ocrx_word' id='word_1_36' title='bbox 473 950 589 1019; x_wconf 89' lang='lat' dir='ltr'><strong><em>Centili</em></strong></span> <span class='ocrx_word' id='word_1_37' title='bbox 614 959 737 1037; x_wconf 89' lang='lat' dir='ltr'><strong><em>peracta</em></strong></span> <span class='ocrx_word' id='word_1_38' title='bbox 765 946 861 1013; x_wconf 87' lang='lat' dir='ltr'><strong><em>Rashi</em></strong></span> <span class='ocrx_word' id='word_1_39' title='bbox 887 944 980 1035; x_wconf 83' lang='lat' dir='ltr'><strong><em>(apud</em></strong></span> <span class='ocrx_word' id='word_1_40' title='bbox 1009 942 1215 1031; x_wconf 70' lang='lat' dir='ltr'><strong><em>biduarium)</em></strong></span> <span class='ocrx_word' id='word_1_41' title='bbox 1242 941 1344 1009; x_wconf 88' lang='lat' dir='ltr'><strong><em>dicit:</em></strong></span> 
     </span>
     <span class='ocr_line' id='line_1_6' title="bbox 177 1068 1344 1159; baseline 0 -28"><span class='ocrx_word' id='word_1_42' title='bbox 177 1085 220 1132; x_wconf 74' lang='lat' dir='ltr'><strong><em>aar</em></strong></span> <span class='ocrx_word' id='word_1_43' title='bbox 265 1085 356 1132; x_wconf 65' lang='lat' dir='ltr'><strong><em>natea</em></strong></span> <span class='ocrx_word' id='word_1_44' title='bbox 401 1071 461 1134; x_wconf 69' lang='lat' dir='ltr'><strong><em>nuh</em></strong></span> <span class='ocrx_word' id='word_1_45' title='bbox 507 1069 592 1132; x_wconf 60' lang='lat' dir='ltr'><strong><em>anian</em></strong></span> <span class='ocrx_word' id='word_1_46' title='bbox 637 1085 684 1152; x_wconf 72' lang='lat' dir='ltr'><strong><em>pn</em></strong></span> <span class='ocrx_word' id='word_1_47' title='bbox 723 1074 937 1149; x_wconf 73' lang='lat' dir='ltr'><strong><em>circumcisio,</em></strong></span> <span class='ocrx_word' id='word_1_48' title='bbox 967 1073 1068 1155; x_wconf 79' lang='lat' dir='ltr'><strong><em>ipsius</em></strong></span> <span class='ocrx_word' id='word_1_49' title='bbox 1093 1068 1252 1159; x_wconf 86' lang='lat' dir='ltr'><strong><em>(Gentilis)</em></strong></span> <span class='ocrx_word' id='word_1_50' title='bbox 1279 1088 1344 1135; x_wconf 82' lang='lat' dir='ltr'><strong><em>riou</em></strong></span> 
     </span>
     <span class='ocr_line' id='line_1_7' title="bbox 176 1193 1342 1283; baseline 0.001 -25"><span class='ocrx_word' id='word_1_51' title='bbox 176 1196 207 1276; x_wconf 74' lang='lat' dir='ltr'><strong><em>dt</em></strong></span> <span class='ocrx_word' id='word_1_52' title='bbox 227 1196 261 1258; x_wconf 87' lang='lat' dir='ltr'><strong><em>io</em></strong></span> <span class='ocrx_word' id='word_1_53' title='bbox 283 1215 400 1260; x_wconf 80' lang='lat' dir='ltr'><strong><em>nouam</em></strong></span> <span class='ocrx_word' id='word_1_54' title='bbox 428 1197 521 1278; x_wconf 81' lang='lat' dir='ltr'><strong><em>idoli,</em></strong></span> <span class='ocrx_word' id='word_1_55' title='bbox 553 1193 586 1262; x_wconf 93' lang='lat' dir='ltr'><strong><em>h.</em></strong></span> <span class='ocrx_word' id='word_1_56' title='bbox 605 1215 634 1260; x_wconf 91' lang='lat' dir='ltr'><strong><em>e.</em></strong></span> <span class='ocrx_word' id='word_1_57' title='bbox 656 1196 778 1283; x_wconf 82' lang='lat' dir='ltr'><strong><em>gentilis</em></strong></span> <span class='ocrx_word' id='word_1_58' title='bbox 802 1193 1054 1263; x_wconf 90' lang='lat' dir='ltr'><strong><em>circumcidendo</em></strong></span> <span class='ocrx_word' id='word_1_59' title='bbox 1080 1193 1255 1283; x_wconf 84' lang='lat' dir='ltr'><strong><em>quempiam</em></strong></span> <span class='ocrx_word' id='word_1_60' title='bbox 1281 1213 1342 1260; x_wconf 92' lang='lat' dir='ltr'><strong><em>non</em></strong></span> 
     </span>
    </p>
   </div>
   <div class='ocr_carea' id='block_1_3' title="bbox 177 1318 1348 1523">
    <p class='ocr_par' dir='ltr' id='par_1_3' title="bbox 177 1318 1348 1523">
     <span class='ocr_line' id='line_1_8' title="bbox 177 1318 1344 1410; baseline 0.001 -24"><span class='ocrx_word' id='word_1_61' title='bbox 177 1320 283 1388; x_wconf 76' lang='lat' dir='ltr'><strong><em>addicit</em></strong></span> <span class='ocrx_word' id='word_1_62' title='bbox 322 1341 394 1387; x_wconf 91' lang='lat' dir='ltr'><strong><em>enm</em></strong></span> <span class='ocrx_word' id='word_1_63' title='bbox 432 1321 528 1389; x_wconf 88' lang='lat' dir='ltr'><strong><em>cuhui</em></strong></span> <span class='ocrx_word' id='word_1_64' title='bbox 569 1320 773 1389; x_wconf 82' lang='lat' dir='ltr'><strong><em>idololatriac.</em></strong></span> <span class='ocrx_word' id='word_1_65' title='bbox 816 1321 901 1389; x_wconf 90' lang='lat' dir='ltr'><strong><em>idem</em></strong></span> <span class='ocrx_word' id='word_1_66' title='bbox 933 1321 976 1387; x_wconf 89' lang='lat' dir='ltr'><strong><em>ait</em></strong></span> <span class='ocrx_word' id='word_1_67' title='bbox 1009 1320 1106 1410; x_wconf 88' lang='lat' dir='ltr'><strong><em>(apud</em></strong></span> <span class='ocrx_word' id='word_1_68' title='bbox 1142 1318 1344 1409; x_wconf 81' lang='lat' dir='ltr'><strong><em>eumdem²):</em></strong></span> 
     </span>
     <span class='ocr_line' id='line_1_9' title="bbox 177 1437 1348 1523; baseline 0 -23"><span class='ocrx_word' id='word_1_69' title='bbox 177 1458 292 1521; x_wconf 61' lang='lat' dir='ltr'><strong><em>prena-n</em></strong></span> <span class='ocrx_word' id='word_1_70' title='bbox 320 1443 357 1504; x_wconf 69' lang='lat' dir='ltr'><strong><em>ab</em></strong></span> <span class='ocrx_word' id='word_1_71' title='bbox 384 1456 492 1523; x_wconf 59' lang='lat' dir='ltr'><strong><em>pianum</em></strong></span> <span class='ocrx_word' id='word_1_72' title='bbox 529 1458 624 1504; x_wconf 61' lang='lat' dir='ltr'><strong><em>aaran:</em></strong></span> <span class='ocrx_word' id='word_1_73' title='bbox 647 1459 687 1504; x_wconf 68' lang='lat' dir='ltr'><strong><em>aa</em></strong></span> <span class='ocrx_word' id='word_1_74' title='bbox 707 1459 795 1522; x_wconf 12' lang='lat' dir='ltr'><strong><em>*uana</em></strong></span> <span class='ocrx_word' id='word_1_75' title='bbox 829 1457 927 1505; x_wconf 73' lang='lat' dir='ltr'><strong><em>runnu</em></strong></span> <span class='ocrx_word' id='word_1_76' title='bbox 954 1457 1014 1503; x_wconf 65' lang='lat' dir='ltr'><strong><em>naor</em></strong></span> <span class='ocrx_word' id='word_1_77' title='bbox 1037 1455 1111 1502; x_wconf 65' lang='lat' dir='ltr'><strong><em>nina</em></strong></span> <span class='ocrx_word' id='word_1_78' title='bbox 1134 1440 1195 1502; x_wconf 69' lang='lat' dir='ltr'><strong><em>nuh</em></strong></span> <span class='ocrx_word' id='word_1_79' title='bbox 1218 1437 1256 1501; x_wconf 69' lang='lat' dir='ltr'><strong><em>in</em></strong></span> <span class='ocrx_word' id='word_1_80' title='bbox 1281 1442 1348 1501; x_wconf 64' lang='lat' dir='ltr'><strong><em>insi</em></strong></span> 
     </span>
    </p>
   </div>
   <div class='ocr_carea' id='block_1_4' title="bbox 178 1560 1363 2023">
    <p class='ocr_par' dir='ltr' id='par_1_4' title="bbox 178 1560 1363 2023">
     <span class='ocr_line' id='line_1_10' title="bbox 178 1560 1363 1643; baseline 0.008 -19"><span class='ocrx_word' id='word_1_81' title='bbox 178 1580 197 1624; x_wconf 86' lang='lat' dir='ltr'><strong><em>u</em></strong></span> <span class='ocrx_word' id='word_1_82' title='bbox 238 1579 297 1624; x_wconf 60' lang='lat' dir='ltr'><strong><em>ntro</em></strong></span> <span class='ocrx_word' id='word_1_83' title='bbox 343 1563 403 1625; x_wconf 76' lang='lat' dir='ltr'><strong><em>nub</em></strong></span> <span class='ocrx_word' id='word_1_84' title='bbox 448 1579 536 1625; x_wconf 61' lang='lat' dir='ltr'><strong><em>aare:</em></strong></span> <span class='ocrx_word' id='word_1_85' title='bbox 580 1580 622 1626; x_wconf 75' lang='lat' dir='ltr'><strong><em>nn</em></strong></span> <span class='ocrx_word' id='word_1_86' title='bbox 665 1563 742 1642; x_wconf 67' lang='lat' dir='ltr'><strong><em>phu</em></strong></span> <span class='ocrx_word' id='word_1_87' title='bbox 786 1580 894 1643; x_wconf 63' lang='lat' dir='ltr'><strong><em>urantur</em></strong></span> <span class='ocrx_word' id='word_1_88' title='bbox 936 1560 1014 1625; x_wconf 66' lang='lat' dir='ltr'><strong><em>aaa:</em></strong></span> <span class='ocrx_word' id='word_1_89' title='bbox 1044 1563 1078 1631; x_wconf 89' lang='lat' dir='ltr'><strong><em>b.</em></strong></span> <span class='ocrx_word' id='word_1_90' title='bbox 1102 1585 1131 1630; x_wconf 91' lang='lat' dir='ltr'><strong><em>e.</em></strong></span> <span class='ocrx_word' id='word_1_91' title='bbox 1151 1565 1363 1634; x_wconf 79' lang='lat' dir='ltr'><strong><em>Samaritani.</em></strong></span> 
     </span>
     <span class='ocr_line' id='line_1_11' title="bbox 179 1690 1351 1776; baseline 0.002 -24"><span class='ocrx_word' id='word_1_92' title='bbox 179 1690 403 1753; x_wconf 86' lang='lat' dir='ltr'><strong><em>circumcidunt</em></strong></span> <span class='ocrx_word' id='word_1_93' title='bbox 430 1691 466 1752; x_wconf 86' lang='lat' dir='ltr'><strong><em>iu</em></strong></span> <span class='ocrx_word' id='word_1_94' title='bbox 492 1709 607 1753; x_wconf 80' lang='lat' dir='ltr'><strong><em>uomere</em></strong></span> <span class='ocrx_word' id='word_1_95' title='bbox 640 1691 793 1772; x_wconf 78' lang='lat' dir='ltr'><strong><em>imcqiuis</em></strong></span> <span class='ocrx_word' id='word_1_96' title='bbox 824 1691 1001 1769; x_wconf 87' lang='lat' dir='ltr'><strong><em>columboe,</em></strong></span> <span class='ocrx_word' id='word_1_97' title='bbox 1034 1711 1129 1776; x_wconf 85' lang='lat' dir='ltr'><strong><em>quom</em></strong></span> <span class='ocrx_word' id='word_1_98' title='bbox 1162 1692 1351 1754; x_wconf 86' lang='lat' dir='ltr'><strong><em>iuoeueruut</em></strong></span> 
     </span>
     <span class='ocr_line' id='line_1_12' title="bbox 179 1811 1351 1897; baseline 0.003 -23"><span class='ocrx_word' id='word_1_99' title='bbox 179 1814 207 1876; x_wconf 90' lang='lat' dir='ltr'><strong><em>iu</em></strong></span> <span class='ocrx_word' id='word_1_100' title='bbox 221 1814 402 1877; x_wconf 76' lang='lat' dir='ltr'><strong><em>summitate</em></strong></span> <span class='ocrx_word' id='word_1_101' title='bbox 429 1814 544 1877; x_wconf 82' lang='lat' dir='ltr'><strong><em>mentia</em></strong></span> <span class='ocrx_word' id='word_1_102' title='bbox 576 1811 737 1890; x_wconf 82' lang='lat' dir='ltr'><strong><em>Gerizim,</em></strong></span> <span class='ocrx_word' id='word_1_103' title='bbox 768 1815 854 1897; x_wconf 86' lang='lat' dir='ltr'><strong><em>eique</em></strong></span> <span class='ocrx_word' id='word_1_104' title='bbox 878 1816 1065 1896; x_wconf 79' lang='lat' dir='ltr'><strong><em>persolvunt</em></strong></span> <span class='ocrx_word' id='word_1_105' title='bbox 1091 1814 1237 1894; x_wconf 77' lang='lat' dir='ltr'><strong><em>crdtum³,</em></strong></span> <span class='ocrx_word' id='word_1_106' title='bbox 1267 1815 1351 1878; x_wconf 85' lang='lat' dir='ltr'><strong><em>sicut</em></strong></span> 
     </span>
     <span class='ocr_line' id='line_1_13' title="bbox 180 1934 1352 2023; baseline 0.003 -23"><span class='ocrx_word' id='word_1_107' title='bbox 180 1937 280 2003; x_wconf 86' lang='lat' dir='ltr'><strong><em>dicunt</em></strong></span> <span class='ocrx_word' id='word_1_108' title='bbox 308 1939 343 2002; x_wconf 87' lang='lat' dir='ltr'><strong><em>iu</em></strong></span> <span class='ocrx_word' id='word_1_109' title='bbox 369 1948 477 2012; x_wconf 53' lang='lat' dir='ltr'><strong><em>tuantur</em></strong></span> <span class='ocrx_word' id='word_1_110' title='bbox 504 1934 605 2014; x_wconf 50' lang='grc' dir='ltr'><strong><em>ὅππη</em></strong></span> <span class='ocrx_word' id='word_1_111' title='bbox 635 1949 665 2003; x_wconf 92' lang='lat' dir='ltr'><strong><em>et</em></strong></span> <span class='ocrx_word' id='word_1_112' title='bbox 691 1939 923 2004; x_wconf 84' lang='lat' dir='ltr'><strong><em>circumcidunt</em></strong></span> <span class='ocrx_word' id='word_1_113' title='bbox 960 1941 1045 2023; x_wconf 82' lang='lat' dir='ltr'><strong><em>lilios</em></strong></span> <span class='ocrx_word' id='word_1_114' title='bbox 1073 1961 1145 2006; x_wconf 83' lang='lat' dir='ltr'><strong><em>cuca</em></strong></span> <span class='ocrx_word' id='word_1_115' title='bbox 1173 1942 1208 2004; x_wconf 87' lang='lat' dir='ltr'><strong><em>iu</em></strong></span> <span class='ocrx_word' id='word_1_116' title='bbox 1236 1960 1352 2004; x_wconf 81' lang='lat' dir='ltr'><strong><em>uomere</em></strong></span> 
     </span>
    </p>
   </div>
   <div class='ocr_carea' id='block_1_5' title="bbox 181 2061 1385 2537">
    <p class='ocr_par' dir='ltr' id='par_1_5' title="bbox 181 2061 461 2127">
     <span class='ocr_line' id='line_1_14' title="bbox 181 2061 461 2127; baseline 0.004 -1"><span class='ocrx_word' id='word_1_117' title='bbox 181 2061 330 2126; x_wconf 85' lang='lat' dir='ltr'><strong><em>columbae</em></strong></span> <span class='ocrx_word' id='word_1_118' title='bbox 352 2063 461 2127; x_wconf 78' lang='lat' dir='ltr'><strong><em>huius.</em></strong></span> 
     </span>
    </p>

    <p class='ocr_par' dir='ltr' id='par_1_6' title="bbox 181 2185 1385 2537">
     <span class='ocr_line' id='line_1_15' title="bbox 218 2185 1352 2277; baseline 0.005 -27"><span class='ocrx_word' id='word_1_119' title='bbox 218 2185 264 2252; x_wconf 84' lang='lat' dir='ltr'><strong><em>lix</em></strong></span> <span class='ocrx_word' id='word_1_120' title='bbox 281 2186 435 2273; x_wconf 82' lang='lat' dir='ltr'><strong><em>praesenti</em></strong></span> <span class='ocrx_word' id='word_1_121' title='bbox 460 2186 593 2252; x_wconf 80' lang='lat' dir='ltr'><strong><em>Actnum</em></strong></span> <span class='ocrx_word' id='word_1_122' title='bbox 611 2186 833 2275; x_wconf 83' lang='lat' dir='ltr'><strong><em>Apostolorum</em></strong></span> <span class='ocrx_word' id='word_1_123' title='bbox 851 2187 920 2256; x_wconf 93' lang='lat' dir='ltr'><strong><em>loco</em></strong></span> <span class='ocrx_word' id='word_1_124' title='bbox 937 2198 1036 2255; x_wconf 90' lang='lat' dir='ltr'><strong><em>ortam</em></strong></span> <span class='ocrx_word' id='word_1_125' title='bbox 1052 2208 1121 2256; x_wconf 89' lang='lat' dir='ltr'><strong><em>esse</em></strong></span> <span class='ocrx_word' id='word_1_126' title='bbox 1137 2199 1211 2277; x_wconf 92' lang='lat' dir='ltr'><strong><em>puto</em></strong></span> <span class='ocrx_word' id='word_1_127' title='bbox 1228 2200 1352 2256; x_wconf 91' lang='lat' dir='ltr'><strong><em>senten·</em></strong></span> 
     </span>
     <span class='ocr_line' id='line_1_16' title="bbox 181 2309 1385 2402; baseline 0.006 -28"><span class='ocrx_word' id='word_1_128' title='bbox 181 2309 246 2377; x_wconf 87' lang='lat' dir='ltr'><strong><em>tiam</em></strong></span> <span class='ocrx_word' id='word_1_129' title='bbox 274 2329 402 2387; x_wconf 86' lang='lat' dir='ltr'><strong><em>eornm,</em></strong></span> <span class='ocrx_word' id='word_1_130' title='bbox 433 2310 488 2399; x_wconf 90' lang='lat' dir='ltr'><strong><em>qui</em></strong></span> <span class='ocrx_word' id='word_1_131' title='bbox 511 2309 668 2390; x_wconf 89' lang='lat' dir='ltr'><strong><em>dicerent,</em></strong></span> <span class='ocrx_word' id='word_1_132' title='bbox 694 2311 724 2377; x_wconf 90' lang='lat' dir='ltr'><strong><em>in</em></strong></span> <span class='ocrx_word' id='word_1_133' title='bbox 747 2311 903 2399; x_wconf 88' lang='lat' dir='ltr'><strong><em>primitiva</em></strong></span> <span class='ocrx_word' id='word_1_134' title='bbox 927 2313 1066 2380; x_wconf 84' lang='lat' dir='ltr'><strong><em>Ecclesia</em></strong></span> <span class='ocrx_word' id='word_1_135' title='bbox 1091 2312 1277 2402; x_wconf 91' lang='lat' dir='ltr'><strong><em>baptismum</em></strong></span> <span class='ocrx_word' id='word_1_136' title='bbox 1300 2335 1353 2380; x_wconf 93' lang='lat' dir='ltr'><strong><em>su·</em></strong></span> <span class='ocrx_word' id='word_1_137' title='bbox 1383 2339 1385 2343; x_wconf 93' lang='lat'>·</span> 
     </span>
     <span class='ocr_line' id='line_1_17' title="bbox 182 2431 1353 2537; baseline 0.005 -39"><span class='ocrx_word' id='word_1_138' title='bbox 182 2431 266 2503; x_wconf 90' lang='lat' dir='ltr'><strong><em>binde</em></strong></span> <span class='ocrx_word' id='word_1_139' title='bbox 290 2435 332 2502; x_wconf 88' lang='lat' dir='ltr'><strong><em>ita</em></strong></span> <span class='ocrx_word' id='word_1_140' title='bbox 356 2434 500 2502; x_wconf 91' lang='lat' dir='ltr'><strong><em>collatum</em></strong></span> <span class='ocrx_word' id='word_1_141' title='bbox 524 2434 638 2513; x_wconf 90' lang='lat' dir='ltr'><strong><em>luisse,</em></strong></span> <span class='ocrx_word' id='word_1_142' title='bbox 653 2447 686 2502; x_wconf 92' lang='lat' dir='ltr'><strong><em>ut</em></strong></span> <span class='ocrx_word' id='word_1_143' title='bbox 702 2436 733 2500; x_wconf 91' lang='lat' dir='ltr'><strong><em>in</em></strong></span> <span class='ocrx_word' id='word_1_144' title='bbox 749 2440 857 2521; x_wconf 71' lang='lat' dir='ltr'><strong><em>(orma</em></strong></span> <span class='ocrx_word' id='word_1_145' title='bbox 879 2435 1112 2537; x_wconf 84' lang='lat' dir='ltr'><strong><em>administrandi</em></strong></span> <span class='ocrx_word' id='word_1_146' title='bbox 1137 2435 1229 2503; x_wconf 89' lang='lat' dir='ltr'><strong><em>huius</em></strong></span> <span class='ocrx_word' id='word_1_147' title='bbox 1244 2437 1353 2504; x_wconf 88' lang='lat' dir='ltr'><strong><em>Sacra-</em></strong></span> 
     </span>
    </p>
   </div>
   <div class='ocr_carea' id='block_1_6' title="bbox 182 2558 1450 3765">
    <p class='ocr_par' dir='ltr' id='par_1_7' title="bbox 182 2558 1353 3025">
     <span class='ocr_line' id='line_1_18' title="bbox 182 2558 1351 2644; baseline 0.003 -21"><span class='ocrx_word' id='word_1_148' title='bbox 182 2559 266 2625; x_wconf 91' lang='lat' dir='ltr'><strong><em>menti</em></strong></span> <span class='ocrx_word' id='word_1_149' title='bbox 280 2558 379 2626; x_wconf 89' lang='lat' dir='ltr'><strong><em>solius</em></strong></span> <span class='ocrx_word' id='word_1_150' title='bbox 391 2571 508 2626; x_wconf 91' lang='lat' dir='ltr'><strong><em>tantum</em></strong></span> <span class='ocrx_word' id='word_1_151' title='bbox 524 2559 639 2627; x_wconf 86' lang='lat' dir='ltr'><strong><em>Christi</em></strong></span> <span class='ocrx_word' id='word_1_152' title='bbox 654 2560 768 2625; x_wconf 91' lang='lat' dir='ltr'><strong><em>mentio</em></strong></span> <span class='ocrx_word' id='word_1_153' title='bbox 785 2559 883 2627; x_wconf 88' lang='lat' dir='ltr'><strong><em>lieret.</em></strong></span> <span class='ocrx_word' id='word_1_154' title='bbox 903 2560 1004 2644; x_wconf 87' lang='lat' dir='ltr'><strong><em>Quam</em></strong></span> <span class='ocrx_word' id='word_1_155' title='bbox 1022 2559 1203 2626; x_wconf 87' lang='lat' dir='ltr'><strong><em>sententiam</em></strong></span> <span class='ocrx_word' id='word_1_156' title='bbox 1221 2559 1351 2627; x_wconf 90' lang='lat' dir='ltr'><strong><em>multum</em></strong></span> 
     </span>
     <span class='ocr_line' id='line_1_19' title="bbox 182 2682 1353 2774; baseline 0.003 -26"><span class='ocrx_word' id='word_1_157' title='bbox 182 2682 260 2751; x_wconf 88' lang='lat' dir='ltr'><strong><em>abest</em></strong></span> <span class='ocrx_word' id='word_1_158' title='bbox 283 2695 318 2751; x_wconf 94' lang='lat' dir='ltr'><strong><em>ut</em></strong></span> <span class='ocrx_word' id='word_1_159' title='bbox 341 2686 484 2774; x_wconf 91' lang='lat' dir='ltr'><strong><em>probem.</em></strong></span> <span class='ocrx_word' id='word_1_160' title='bbox 505 2685 654 2752; x_wconf 78' lang='lat' dir='ltr'><strong><em>Existimo</em></strong></span> <span class='ocrx_word' id='word_1_161' title='bbox 677 2695 799 2765; x_wconf 89' lang='lat' dir='ltr'><strong><em>autem,</em></strong></span> <span class='ocrx_word' id='word_1_162' title='bbox 820 2685 916 2752; x_wconf 92' lang='lat' dir='ltr'><strong><em>luisse</em></strong></span> <span class='ocrx_word' id='word_1_163' title='bbox 931 2685 962 2751; x_wconf 92' lang='lat' dir='ltr'><strong><em>in</em></strong></span> <span class='ocrx_word' id='word_1_164' title='bbox 981 2685 1137 2773; x_wconf 87' lang='lat' dir='ltr'><strong><em>primaeva</em></strong></span> <span class='ocrx_word' id='word_1_165' title='bbox 1154 2683 1205 2752; x_wconf 92' lang='lat' dir='ltr'><strong><em>illa</em></strong></span> <span class='ocrx_word' id='word_1_166' title='bbox 1222 2685 1353 2751; x_wconf 89' lang='lat' dir='ltr'><strong><em>ecclesia</em></strong></span> 
     </span>
     <span class='ocr_line' id='line_1_20' title="bbox 183 2809 1353 2900; baseline 0.002 -25"><span class='ocrx_word' id='word_1_167' title='bbox 183 2810 339 2891; x_wconf 91' lang='lat' dir='ltr'><strong><em>usitatum,</em></strong></span> <span class='ocrx_word' id='word_1_168' title='bbox 365 2810 404 2878; x_wconf 92' lang='lat' dir='ltr'><strong><em>ad</em></strong></span> <span class='ocrx_word' id='word_1_169' title='bbox 424 2810 673 2898; x_wconf 82' lang='lat' dir='ltr'><strong><em>distinguendum</em></strong></span> <span class='ocrx_word' id='word_1_170' title='bbox 693 2809 846 2898; x_wconf 89' lang='lat' dir='ltr'><strong><em>baptisma</em></strong></span> <span class='ocrx_word' id='word_1_171' title='bbox 868 2811 1010 2889; x_wconf 91' lang='lat' dir='ltr'><strong><em>Ioannis,</em></strong></span> <span class='ocrx_word' id='word_1_172' title='bbox 1031 2831 1092 2900; x_wconf 91' lang='lat' dir='ltr'><strong><em>quo</em></strong></span> <span class='ocrx_word' id='word_1_173' title='bbox 1117 2810 1223 2899; x_wconf 90' lang='lat' dir='ltr'><strong><em>plures</em></strong></span> <span class='ocrx_word' id='word_1_174' title='bbox 1245 2810 1353 2877; x_wconf 88' lang='lat' dir='ltr'><strong><em>initiati</em></strong></span> 
     </span>
     <span class='ocr_line' id='line_1_21' title="bbox 182 2931 1353 3025; baseline 0.004 -29"><span class='ocrx_word' id='word_1_175' title='bbox 182 2931 277 3001; x_wconf 89' lang='lat' dir='ltr'><strong><em>adbuc</em></strong></span> <span class='ocrx_word' id='word_1_176' title='bbox 298 2945 385 3002; x_wconf 85' lang='lat' dir='ltr'><strong><em>erant</em></strong></span> <span class='ocrx_word' id='word_1_177' title='bbox 408 2934 501 3021; x_wconf 83' lang='lat' dir='ltr'><strong><em>(Vide</em></strong></span> <span class='ocrx_word' id='word_1_178' title='bbox 522 2934 601 3002; x_wconf 86' lang='lat' dir='ltr'><strong><em>inira</em></strong></span> <span class='ocrx_word' id='word_1_179' title='bbox 624 2935 701 3023; x_wconf 90' lang='lat' dir='ltr'><strong><em>Cap.</em></strong></span> <span class='ocrx_word' id='word_1_180' title='bbox 723 2937 803 3002; x_wconf 90' lang='grc' dir='ltr'><strong><em>ΧΙΧ</em></strong></span> <span class='ocrx_word' id='word_1_181' title='bbox 818 2956 826 2998; x_wconf 78' lang='lat' dir='ltr'><strong><em>z</em></strong></span> <span class='ocrx_word' id='word_1_182' title='bbox 844 2934 959 3025; x_wconf 85' lang='lat' dir='ltr'><strong><em>t-6),</em></strong></span> <span class='ocrx_word' id='word_1_183' title='bbox 978 2956 995 3002; x_wconf 91' lang='lat' dir='ltr'><strong><em>a</em></strong></span> <span class='ocrx_word' id='word_1_184' title='bbox 1012 2935 1194 3024; x_wconf 90' lang='lat' dir='ltr'><strong><em>baptismate</em></strong></span> <span class='ocrx_word' id='word_1_185' title='bbox 1215 2934 1353 3016; x_wconf 85' lang='lat' dir='ltr'><strong><em>Christi,</em></strong></span> 
     </span>
    </p>

    <p class='ocr_par' dir='ltr' id='par_1_8' title="bbox 183 3029 1450 3765">
     <span class='ocr_line' id='line_1_22' title="bbox 183 3029 1450 3152; baseline -0.002 -28"><span class='ocrx_word' id='word_1_186' title='bbox 183 3068 212 3124; x_wconf 93' lang='lat' dir='ltr'><strong><em>ut</em></strong></span> <span class='ocrx_word' id='word_1_187' title='bbox 248 3059 364 3147; x_wconf 78' lang='lat' dir='ltr'><strong><em>passim</em></strong></span> <span class='ocrx_word' id='word_1_188' title='bbox 411 3058 567 3126; x_wconf 79' lang='lat' dir='ltr'><strong><em>diceretur</em></strong></span> <span class='ocrx_word' id='word_1_189' title='bbox 612 3061 773 3144; x_wconf 84' lang='lat' dir='ltr'><strong><em>baptizari</em></strong></span> <span class='ocrx_word' id='word_1_190' title='bbox 811 3085 850 3136; x_wconf 85' lang='grc' dir='ltr'><strong><em>εις</em></strong></span> <span class='ocrx_word' id='word_1_191' title='bbox 889 3085 922 3125; x_wconf 85' lang='grc' dir='ltr'><strong><em>το</em></strong></span> <span class='ocrx_word' id='word_1_192' title='bbox 962 3083 1057 3147; x_wconf 78' lang='grc' dir='ltr'><em>ονομα</em></span> <span class='ocrx_word' id='word_1_193' title='bbox 1102 3062 1219 3152; x_wconf 82' lang='lat' dir='ltr'><strong><em>Kupcou</em></strong></span> <span class='ocrx_word' id='word_1_194' title='bbox 1265 3047 1355 3135; x_wconf 76' lang='lat' dir='ltr'><strong><em>lucau</em></strong></span> <span class='ocrx_word' id='word_1_195' title='bbox 1445 3029 1450 3041; x_wconf 23' lang='grc' dir='ltr'>ι</span> 
     </span>
     <span class='ocr_line' id='line_1_23' title="bbox 184 3179 1356 3276; baseline 0.005 -33"><span class='ocrx_word' id='word_1_196' title='bbox 184 3179 261 3269; x_wconf 60' lang='lat' dir='ltr'><strong><em>(rtur</em></strong></span> <span class='ocrx_word' id='word_1_197' title='bbox 277 3196 350 3262; x_wconf 66' lang='lat' dir='ltr'><strong><em>tan-r</em></strong></span> <span class='ocrx_word' id='word_1_198' title='bbox 366 3181 493 3276; x_wconf 57' lang='lat' dir='ltr'><strong><em>norun).</em></strong></span> <span class='ocrx_word' id='word_1_199' title='bbox 524 3185 559 3249; x_wconf 94' lang='lat' dir='ltr'><strong><em>ln</em></strong></span> <span class='ocrx_word' id='word_1_200' title='bbox 588 3202 648 3271; x_wconf 92' lang='lat' dir='ltr'><strong><em>qua</em></strong></span> <span class='ocrx_word' id='word_1_201' title='bbox 671 3184 820 3252; x_wconf 92' lang='lat' dir='ltr'><strong><em>sententia</em></strong></span> <span class='ocrx_word' id='word_1_202' title='bbox 848 3182 937 3252; x_wconf 90' lang='lat' dir='ltr'><strong><em>video</em></strong></span> <span class='ocrx_word' id='word_1_203' title='bbox 970 3184 1066 3251; x_wconf 91' lang='lat' dir='ltr'><strong><em>luisse</em></strong></span> <span class='ocrx_word' id='word_1_204' title='bbox 1094 3184 1185 3250; x_wconf 88' lang='lat' dir='ltr'><strong><em>etiam</em></strong></span> <span class='ocrx_word' id='word_1_205' title='bbox 1214 3195 1356 3249; x_wconf 88' lang='lat' dir='ltr'><strong><em>auctores</em></strong></span> 
     </span>
     <span class='ocr_line' id='line_1_24' title="bbox 184 3303 1355 3395; baseline 0.001 -25"><span class='ocrx_word' id='word_1_206' title='bbox 184 3303 365 3372; x_wconf 88' lang='lat' dir='ltr'><strong><em>Cutechismi</em></strong></span> <span class='ocrx_word' id='word_1_207' title='bbox 394 3307 543 3387; x_wconf 87' lang='lat' dir='ltr'><strong><em>Romani,</em></strong></span> <span class='ocrx_word' id='word_1_208' title='bbox 570 3307 622 3395; x_wconf 91' lang='lat' dir='ltr'><strong><em>qui</em></strong></span> <span class='ocrx_word' id='word_1_209' title='bbox 646 3306 760 3374; x_wconf 89' lang='lat' dir='ltr'><strong><em>dicitnr</em></strong></span> <span class='ocrx_word' id='word_1_210' title='bbox 783 3310 825 3372; x_wconf 91' lang='lat' dir='ltr'><strong><em>ed</em></strong></span> <span class='ocrx_word' id='word_1_211' title='bbox 846 3309 1019 3373; x_wconf 84' lang='lat' dir='ltr'><strong><em>Peroches.</em></strong></span> <span class='ocrx_word' id='word_1_212' title='bbox 1047 3304 1175 3391; x_wconf 83' lang='lat' dir='ltr'><strong><em>«Quod</em></strong></span> <span class='ocrx_word' id='word_1_213' title='bbox 1195 3307 1221 3372; x_wconf 92' lang='lat' dir='ltr'><strong><em>si</em></strong></span> <span class='ocrx_word' id='word_1_214' title='bbox 1246 3307 1355 3386; x_wconf 90' lang='lat' dir='ltr'><strong><em>etiam,</em></strong></span> 
     </span>
     <span class='ocr_line' id='line_1_25' title="bbox 184 3426 1357 3518; baseline -0.001 -26"><span class='ocrx_word' id='word_1_215' title='bbox 184 3430 359 3514; x_wconf 69' lang='lat' dir='ltr'><strong><em>inputetur,</em></strong></span> <span class='ocrx_word' id='word_1_216' title='bbox 377 3428 541 3516; x_wconf 90' lang='lat' dir='ltr'><strong><em>aliquando</em></strong></span> <span class='ocrx_word' id='word_1_217' title='bbox 565 3440 686 3518; x_wconf 91' lang='lat' dir='ltr'><strong><em>tempus</em></strong></span> <span class='ocrx_word' id='word_1_218' title='bbox 707 3430 803 3497; x_wconf 90' lang='lat' dir='ltr'><strong><em>luisse</em></strong></span> <span class='ocrx_word' id='word_1_219' title='bbox 819 3429 985 3498; x_wconf 90' lang='lat' dir='ltr'><strong><em>dicendum</em></strong></span> <span class='ocrx_word' id='word_1_220' title='bbox 998 3438 1064 3509; x_wconf 91' lang='lat' dir='ltr'><strong><em>est,</em></strong></span> <span class='ocrx_word' id='word_1_221' title='bbox 1082 3448 1153 3495; x_wconf 92' lang='lat' dir='ltr'><strong><em>cum</em></strong></span> <span class='ocrx_word' id='word_1_222' title='bbox 1170 3426 1308 3516; x_wconf 82' lang='lat' dir='ltr'><strong><em>Apostoli</em></strong></span> <span class='ocrx_word' id='word_1_223' title='bbox 1326 3427 1357 3492; x_wconf 93' lang='lat' dir='ltr'><strong><em>in</em></strong></span> 
     </span>
     <span class='ocr_line' id='line_1_26' title="bbox 185 3548 1359 3642; baseline -0.004 -24"><span class='ocrx_word' id='word_1_224' title='bbox 185 3554 306 3619; x_wconf 92' lang='lat' dir='ltr'><strong><em>nomine</em></strong></span> <span class='ocrx_word' id='word_1_225' title='bbox 329 3563 446 3620; x_wconf 90' lang='lat' dir='ltr'><strong><em>tantum</em></strong></span> <span class='ocrx_word' id='word_1_226' title='bbox 469 3554 595 3620; x_wconf 88' lang='lat' dir='ltr'><strong><em>Domini</em></strong></span> <span class='ocrx_word' id='word_1_227' title='bbox 621 3556 691 3622; x_wconf 90' lang='lat' dir='ltr'><strong><em>lesu</em></strong></span> <span class='ocrx_word' id='word_1_228' title='bbox 715 3552 831 3621; x_wconf 79' lang='lat' dir='ltr'><strong><em>Christi</em></strong></span> <span class='ocrx_word' id='word_1_229' title='bbox 857 3553 1066 3642; x_wconf 86' lang='lat' dir='ltr'><strong><em>baptizarent,</em></strong></span> <span class='ocrx_word' id='word_1_230' title='bbox 1089 3548 1121 3617; x_wconf 91' lang='lat' dir='ltr'><strong><em>id</em></strong></span> <span class='ocrx_word' id='word_1_231' title='bbox 1144 3548 1270 3639; x_wconf 88' lang='lat' dir='ltr'><strong><em>quidem</em></strong></span> <span class='ocrx_word' id='word_1_232' title='bbox 1291 3548 1359 3636; x_wconf 90' lang='lat' dir='ltr'><strong><em>Spi-</em></strong></span> 
     </span>
     <span class='ocr_line' id='line_1_27' title="bbox 185 3664 1361 3765; baseline -0.003 -24"><span class='ocrx_word' id='word_1_233' title='bbox 185 3675 259 3742; x_wconf 90' lang='lat' dir='ltr'><strong><em>ritus</em></strong></span> <span class='ocrx_word' id='word_1_234' title='bbox 281 3676 385 3742; x_wconf 89' lang='lat' dir='ltr'><strong><em>Sancti</em></strong></span> <span class='ocrx_word' id='word_1_235' title='bbox 410 3677 512 3744; x_wconf 89' lang='lat' dir='ltr'><strong><em>afflatn</em></strong></span> <span class='ocrx_word' id='word_1_236' title='bbox 535 3697 588 3744; x_wconf 92' lang='lat' dir='ltr'><strong><em>eos</em></strong></span> <span class='ocrx_word' id='word_1_237' title='bbox 612 3677 740 3756; x_wconf 89' lang='lat' dir='ltr'><strong><em>secisse,</em></strong></span> <span class='ocrx_word' id='word_1_238' title='bbox 757 3677 960 3765; x_wconf 47' lang='lat' dir='ltr'><strong><em>vexploratum</em></strong></span> <span class='ocrx_word' id='word_1_239' title='bbox 984 3673 1075 3740; x_wconf 91' lang='lat' dir='ltr'><strong><em>nobis</em></strong></span> <span class='ocrx_word' id='word_1_240' title='bbox 1101 3664 1170 3739; x_wconf 82' lang='lat' dir='ltr'><strong><em>esse</em></strong></span> <span class='ocrx_word' id='word_1_241' title='bbox 1191 3669 1299 3751; x_wconf 84' lang='lat' dir='ltr'><strong><em>debet3</em></strong></span> <span class='ocrx_word' id='word_1_242' title='bbox 1326 3680 1361 3738; x_wconf 91' lang='lat' dir='ltr'><strong><em>ut</em></strong></span> 
     </span>
    </p>
   </div>
   <div class='ocr_carea' id='block_1_7' title="bbox 190 3839 347 3850">
    <p class='ocr_par' dir='ltr' id='par_1_9' title="bbox 190 3839 347 3850">
     <span class='ocr_line' id='line_1_28' title="bbox 190 3839 347 3850; baseline 0.006 -2"><span class='ocrx_word' id='word_1_243' title='bbox 190 3839 347 3850; x_wconf 76' lang='lat'><strong><em>--....---</em></strong></span> 
     </span>
    </p>
   </div>
   <div class='ocr_carea' id='block_1_8' title="bbox 186 3948 1363 4107">
    <p class='ocr_par' dir='ltr' id='par_1_10' title="bbox 186 3948 1363 4107">
     <span class='ocr_line' id='line_1_29' title="bbox 216 3948 1363 4022; baseline -0.008 -14"><span class='ocrx_word' id='word_1_244' title='bbox 216 3956 235 4022; x_wconf 82' lang='lat'><strong><em>¹)</em></strong></span> <span class='ocrx_word' id='word_1_245' title='bbox 245 3955 380 4008; x_wconf 86' lang='lat' dir='ltr'><strong><em>Tractatns</em></strong></span> <span class='ocrx_word' id='word_1_246' title='bbox 393 3955 558 4009; x_wconf 89' lang='lat' dir='ltr'><strong><em>Talmudicus</em></strong></span> <span class='ocrx_word' id='word_1_247' title='bbox 569 3958 661 4009; x_wconf 88' lang='lat' dir='ltr'><strong><em>Aoodo</em></strong></span> <span class='ocrx_word' id='word_1_248' title='bbox 670 3961 749 4016; x_wconf 80' lang='lat' dir='ltr'><strong><em>zara,</em></strong></span> <span class='ocrx_word' id='word_1_249' title='bbox 797 3951 1264 4022; x_wconf 76' lang='lat' dir='ltr'><strong><em>uudMorpmlttudiacheLitterctur.</em></strong></span> <span class='ocrx_word' id='word_1_250' title='bbox 1272 3948 1363 4002; x_wconf 77' lang='lat' dir='ltr'><strong><em>Neuri-</em></strong></span> 
     </span>
     <span class='ocr_line' id='line_1_30' title="bbox 186 4038 1057 4107; baseline -0.001 -18"><span class='ocrx_word' id='word_1_251' title='bbox 186 4038 280 4090; x_wconf 85' lang='lat' dir='ltr'><strong><em>sivedc</em></strong></span> <span class='ocrx_word' id='word_1_252' title='bbox 299 4039 467 4092; x_wconf 86' lang='lat' dir='ltr'><strong><em>idotolctria.</em></strong></span> <span class='ocrx_word' id='word_1_253' title='bbox 486 4039 570 4106; x_wconf 89' lang='lat' dir='ltr'><strong><em>Caput</em></strong></span> <span class='ocrx_word' id='word_1_254' title='bbox 589 4040 750 4107; x_wconf 81' lang='lat' dir='ltr'><strong><em>secuudum,</em></strong></span> <span class='ocrx_word' id='word_1_255' title='bbox 796 4045 837 4091; x_wconf 84' lang='lat' dir='ltr'><strong><em>ter</em></strong></span> <span class='ocrx_word' id='word_1_256' title='bbox 850 4039 931 4091; x_wconf 81' lang='lat' dir='ltr'><strong><em>rrett.</em></strong></span> <span class='ocrx_word' id='word_1_257' title='bbox 944 4051 1003 4104; x_wconf 82' lang='lat' dir='ltr'><strong><em>pag.</em></strong></span> <span class='ocrx_word' id='word_1_258' title='bbox 1015 4038 1057 4088; x_wconf 85' lang='lat' dir='ltr'><strong><em>te.</em></strong></span> 
     </span>
    </p>
   </div>
   <div class='ocr_carea' id='block_1_9' title="bbox 188 4121 755 4434">
    <p class='ocr_par' dir='ltr' id='par_1_11' title="bbox 188 4121 313 4184">
     <span class='ocr_line' id='line_1_31' title="bbox 188 4121 313 4184; baseline 0 -14"><span class='ocrx_word' id='word_1_259' title='bbox 188 4132 244 4184; x_wconf 84' lang='lat' dir='ltr'><strong><em>pag.</em></strong></span> <span class='ocrx_word' id='word_1_260' title='bbox 254 4121 313 4171; x_wconf 72' lang='lat'>280.</span> 
     </span>
    </p>

    <p class='ocr_par' dir='ltr' id='par_1_12' title="bbox 218 4204 320 4269">
     <span class='ocr_line' id='line_1_32' title="bbox 218 4204 320 4269; baseline 0.01 -14"><span class='ocrx_word' id='word_1_261' title='bbox 218 4204 237 4269; x_wconf 88' lang='lat'><strong><em>¹)</em></strong></span> <span class='ocrx_word' id='word_1_262' title='bbox 255 4204 320 4256; x_wconf 88' lang='lat' dir='ltr'><strong><em>thid.</em></strong></span> 
     </span>
    </p>

    <p class='ocr_par' dir='ltr' id='par_1_13' title="bbox 189 4285 755 4434">
     <span class='ocr_line' id='line_1_33' title="bbox 220 4285 751 4351; baseline 0 -13"><span class='ocrx_word' id='word_1_263' title='bbox 220 4287 238 4351; x_wconf 53' lang='grc' dir='ltr'><strong><em>ὅ)</em></strong></span> <span class='ocrx_word' id='word_1_264' title='bbox 255 4287 360 4351; x_wconf 85' lang='lat' dir='ltr'><strong><em>Negant</em></strong></span> <span class='ocrx_word' id='word_1_265' title='bbox 376 4285 425 4338; x_wconf 93' lang='lat' dir='ltr'><strong><em>hoc</em></strong></span> <span class='ocrx_word' id='word_1_266' title='bbox 443 4287 608 4339; x_wconf 85' lang='lat' dir='ltr'><strong><em>Samaritani.</em></strong></span> <span class='ocrx_word' id='word_1_267' title='bbox 623 4287 688 4339; x_wconf 89' lang='lat' dir='ltr'><strong><em>Vide</em></strong></span> <span class='ocrx_word' id='word_1_268' title='bbox 698 4288 751 4339; x_wconf 84' lang='lat' dir='ltr'><strong><em>Su-</em></strong></span> 
     </span>
     <span class='ocr_line' id='line_1_34' title="bbox 189 4367 755 4434; baseline 0.004 -16"><span class='ocrx_word' id='word_1_269' title='bbox 189 4367 391 4419; x_wconf 83' lang='lat' dir='ltr'><strong><em>muritauischer</em></strong></span> <span class='ocrx_word' id='word_1_270' title='bbox 412 4368 595 4434; x_wconf 71' lang='lat' dir='ltr'><strong><em>Brictwecheei</em></strong></span> <span class='ocrx_word' id='word_1_271' title='bbox 618 4371 646 4419; x_wconf 92' lang='lat' dir='ltr'><strong><em>in</em></strong></span> <span class='ocrx_word' id='word_1_272' title='bbox 670 4368 755 4434; x_wconf 87' lang='lat' dir='ltr'><strong><em>Ephe·</em></strong></span> 
     </span>
    </p>
   </div>
   <div class='ocr_carea' id='block_1_10' title="bbox 191 4443 1189 4519">
    <p class='ocr_par' dir='ltr' id='par_1_14' title="bbox 191 4443 1189 4519">
     <span class='ocr_line' id='line_1_35' title="bbox 191 4443 1189 4519; baseline -0.008 -18"><span class='ocrx_word' id='word_1_273' title='bbox 191 4451 347 4504; x_wconf 79' lang='lat' dir='ltr'><strong><em>mandibus:</em></strong></span> <span class='ocrx_word' id='word_1_274' title='bbox 362 4450 543 4516; x_wconf 82' lang='lat' dir='ltr'><strong><em>Repertorium</em></strong></span> <span class='ocrx_word' id='word_1_275' title='bbox 562 4453 608 4519; x_wconf 76' lang='lat' dir='ltr'><strong><em>sttr</em></strong></span> <span class='ocrx_word' id='word_1_276' title='bbox 626 4452 753 4504; x_wconf 83' lang='lat' dir='ltr'><strong><em>Bibtieche</em></strong></span> <span class='ocrx_word' id='word_1_277' title='bbox 832 4449 852 4516; x_wconf 65' lang='grc' dir='ltr'><strong><em>ὅ)</em></strong></span> <span class='ocrx_word' id='word_1_278' title='bbox 870 4450 941 4502; x_wconf 89' lang='lat' dir='ltr'><strong><em>Part.</em></strong></span> <span class='ocrx_word' id='word_1_279' title='bbox 953 4449 978 4499; x_wconf 75' lang='lat' dir='ltr'><strong><em>i.</em></strong></span> <span class='ocrx_word' id='word_1_280' title='bbox 992 4447 1055 4513; x_wconf 91' lang='lat' dir='ltr'><strong><em>Cap.</em></strong></span> <span class='ocrx_word' id='word_1_281' title='bbox 1070 4443 1189 4510; x_wconf 79' lang='lat' dir='ltr'><strong><em>11,§t5.</em></strong></span> 
     </span>
    </p>
   </div>
   <div class='ocr_carea' id='block_1_11' title="bbox 797 4155 1363 4399">
    <p class='ocr_par' dir='ltr' id='par_1_15' title="bbox 797 4155 1363 4399">
     <span class='ocr_line' id='line_1_36' title="bbox 830 4155 1363 4231; baseline -0.023 -14"><span class='ocrx_word' id='word_1_282' title='bbox 830 4165 850 4231; x_wconf 80' lang='lat'><strong><em>⁴)</em></strong></span> <span class='ocrx_word' id='word_1_283' title='bbox 868 4165 913 4216; x_wconf 90' lang='lat' dir='ltr'><strong><em>His</em></strong></span> <span class='ocrx_word' id='word_1_284' title='bbox 937 4162 1045 4215; x_wconf 87' lang='lat' dir='ltr'><strong><em>vocibus</em></strong></span> <span class='ocrx_word' id='word_1_285' title='bbox 1068 4158 1211 4211; x_wconf 90' lang='lat' dir='ltr'><strong><em>initialibus</em></strong></span> <span class='ocrx_word' id='word_1_286' title='bbox 1232 4155 1363 4207; x_wconf 85' lang='lat' dir='ltr'><strong><em>indicatur</em></strong></span> 
     </span>
     <span class='ocr_line' id='line_1_37' title="bbox 797 4226 1363 4317; baseline -0.028 -13"><span class='ocrx_word' id='word_1_287' title='bbox 797 4252 861 4317; x_wconf 83' lang='lat' dir='ltr'><strong><em>cap.</em></strong></span> <span class='ocrx_word' id='word_1_288' title='bbox 879 4251 900 4303; x_wconf 93' lang='lat'><strong><em>1.</em></strong></span> <span class='ocrx_word' id='word_1_289' title='bbox 917 4248 1059 4301; x_wconf 74' lang='lat' dir='ltr'><strong><em>ratmanno</em></strong></span> <span class='ocrx_word' id='word_1_290' title='bbox 1074 4243 1267 4310; x_wconf 59' lang='lat' dir='ltr'><strong><em>tractatusque</em></strong></span> <span class='ocrx_word' id='word_1_291' title='bbox 1285 4226 1363 4311; x_wconf 66' lang='lat' dir='ltr'><strong><em>pha</em></strong></span> 
     </span>
     <span class='ocr_line' id='line_1_38' title="bbox 799 4329 1156 4399; baseline -0.017 -15"><span class='ocrx_word' id='word_1_292' title='bbox 799 4335 817 4386; x_wconf 90' lang='lat' dir='ltr'><strong><em>i.</em></strong></span> <span class='ocrx_word' id='word_1_293' title='bbox 827 4348 850 4386; x_wconf 83' lang='lat' dir='ltr'><strong><em>e.</em></strong></span> <span class='ocrx_word' id='word_1_294' title='bbox 860 4334 982 4399; x_wconf 75' lang='lat' dir='ltr'><strong><em>prosario</em></strong></span> <span class='ocrx_word' id='word_1_295' title='bbox 995 4329 1156 4382; x_wconf 88' lang='lat' dir='ltr'><strong><em>inscribitur.</em></strong></span> 
     </span>
    </p>
   </div>
   <div class='ocr_carea' id='block_1_12' title="bbox 0 0 1561 5054">
    <p class='ocr_par' dir='ltr' id='par_1_16' title="bbox 0 0 1561 5054">
     <span class='ocr_line' id='line_1_39' title="bbox 0 0 1561 5054; baseline 0 0"><span class='ocrx_word' id='word_1_296' title='bbox 0 0 1561 5054; x_wconf 95' lang='lat' dir='ltr'><strong><em> </em></strong></span> 
     </span>
    </p>
   </div>
  </div>
 </body>
</html>
