3074 5054
179 366 247 435 208
519 364 654 433 ACTUS
687 364 1022 447 APOSTOLORUM,

223 559 346 640 suscipe
368 556 520 639 spiritum
536 553 668 640 meum).
687 553 721 621 h.
743 574 772 619 e.
799 553 926 621 admitte
948 554 988 621 ad
1012 564 1042 621 te
1065 554 1209 643 spiritum
1232 576 1358 638 meum;

178 680 259 759 sive,
273 689 307 744 ut
322 676 426 744 verbis
442 676 476 744 S.
493 675 657 763 Augustini
674 686 755 754 utar,
772 679 893 760 suscipe
908 679 1062 758 spiritum
1078 699 1183 744 meum
1200 682 1234 745 iu
1249 682 1361 766 requio

178 805 391 886 sempiterno,
413 803 499 884 opud
521 811 549 865 te
569 820 670 883 ponus
693 803 728 866 in
749 803 858 884 requie
882 803 1104 867 suavitatisid
1126 806 1233 886 pucis3
1251 806 1362 888 fecisti

181 953 227 996 me
249 933 417 1011 victorem,
433 930 534 1011 recipe
558 948 607 990 me
629 929 663 992 iu
688 929 887 1010 triumphum
894 952 909 1010 ,·
926 930 977 992 dic
998 931 1132 1011 spiritui
1154 951 1222 995 meo
1239 951 1249 989 :
1268 933 1360 996 intro

179 1058 378 1139 inpendium
395 1055 527 1120 Domini
542 1054 601 1117 tui.

223 1308 278 1375 60.
305 1305 422 1369 Positis
445 1315 550 1369 eutem
569 1302 716 1385 pertibus,
740 1298 831 1387 ete).
857 1301 915 1368 Gr.
941 1302 1000 1375 Θεις
1022 1300 1189 1391 (Partieip.
1215 1304 1294 1371 Aor.
1320 1303 1358 1391 2)

179 1426 211 1494 is
231 1455 271 1494 τα
291 1453 405 1519 poturo
427 1424 547 1518 rupeis,
573 1448 643 1491 euru
666 1428 825 1508 posuisset
849 1447 953 1509 pennu
981 1425 1012 1490 in
1040 1437 1140 1507 terra,
1167 1429 1359 1492 exclamauit

177 1572 252 1620 voce
268 1572 398 1640 magna:
418 1550 575 1616 Domine!
591 1561 650 1616 etc.
677 1547 769 1634 Quod
792 1547 867 1615 dicit
887 1548 920 1615 S.
940 1550 1072 1636 Martyr,
1093 1571 1133 1615 ue
1155 1561 1275 1617 statuas
1291 1553 1359 1617 iltis

172 1681 229 1743 hoc
242 1687 422 1762 peccatum,
439 1675 471 1743 id
487 1675 631 1764 quidem,
645 1673 684 1741 ad
700 1693 766 1740 rem
790 1673 874 1761 quod
894 1674 1017 1755 attinet,
1035 1694 1096 1741 non
1121 1675 1224 1743 differt
1245 1676 1284 1743 ab
1300 1676 1356 1743 illa

174 1800 290 1869 Christi
315 1800 501 1890 exspirantis
516 1818 591 1865 voce
608 1799 697 1883 (Luc.
724 1798 836 1864 XXlll
856 1822 864 1865 ε
883 1795 941 1883 tt)
958 1817 965 1859 ε
985 1798 1106 1866 Peter!
1129 1801 1252 1866 dimitte
1270 1801 1357 1868 iliis!

176 1927 331 1993 Nimirum
355 1924 484 1992 verbum
510 1927 614 2007 ἱστημι
638 1922 767 1991 Graecis
784 1922 875 1989 etiam
891 1921 1052 1990 dicebatur
1068 1922 1106 1990 dc
1123 1927 1332 2008 appendendo
1339 1951 1355 2008 ;

176 2053 278 2140 itaque
302 2050 383 2117 siout
399 2050 558 2116 Nostrates
574 2047 712 2114 dicerent
728 2072 736 2113 ε
752 2067 843 2113 annun
860 2049 926 2111 burt
942 2050 1016 2112 deze
1032 2049 1130 2112 zonde
1146 2051 1214 2115 niet
1229 2060 1294 2129 too,
1313 2049 1356 2117 itu

175 2175 270 2242 simili
293 2172 424 2263 quadam
448 2171 627 2261 metaphora
648 2170 709 2238 boc
731 2171 799 2238 loco
822 2169 1032 2238 dictumest:
1056 2193 1095 2236 ue
1116 2193 1264 2240 nernnons
1288 2175 1357 2240 iliis

174 2298 293 2387 (Datin
321 2296 522 2388 incommodi)
548 2298 605 2360 hoo
630 2304 807 2379 peceatum,
838 2293 871 2361 h.
902 2315 931 2362 e.
961 2298 1086 2364 dimitte
1114 2298 1202 2365 iliis!
1229 2297 1354 2383 Quibus

171 2422 279 2490 -verbis
303 2423 350 2489 vir
373 2432 497 2489 sanetus
521 2432 606 2501 orat,
620 2431 654 2487 ut
670 2441 727 2510 per
746 2421 874 2488 sceleris
897 2420 944 2488 sui
968 2422 1154 2509 agnitionem
1170 2443 1207 2490 ac
1222 2422 1355 2490 detesta-

176 2545 291 2613 tionem
314 2546 375 2613 illis
400 2546 554 2632 contingat
576 2545 715 2612 eiusdem
732 2545 874 2612 remissio
891 2546 1050 2633 iustaeque
1065 2546 1218 2614 vindictae
1234 2547 1355 2615 condo·

177 2670 270 2737 natio.
297 2669 456 2737 Exclamat
480 2669 531 2736 hic
555 2671 635 2738 Ven.
662 2667 769 2737 Beda:
792 2699 805 2729 ι
827 2669 924 2750 Mira,
950 2673 1072 2755 inquit,
1100 2669 1180 2737 beati
1204 2672 1354 2758 Martyris

176 2794 290 2875 virtus,
309 2795 361 2882 qui
382 2794 428 2860 sio
443 2793 508 2860 zelo
530 2792 683 2875 fervebat,
701 2805 735 2860 ut
750 2794 788 2860 iis
805 2813 823 2860 a
839 2792 952 2882 quibus
969 2793 1142 2874 tenebatur,
1161 2793 1261 2884 palam
1277 2815 1355 2863 suae

176 2916 324 3007 perfidiae
347 2916 454 3006 culpas
475 2917 694 3006 exprobraret3
719 2918 766 2984 sio
788 2917 953 2985 dilectione
975 2918 1119 3000 ardebat,
1141 2930 1174 2985 ut
1197 2919 1227 2985 iu
1253 2930 1355 2987 morte

177 3062 314 3130 quoque,
333 3063 390 3130 pro
403 3042 440 3108 iis
452 3061 470 3108 a
483 3040 595 3131 quibus
612 3040 823 3120 occidebatur,
838 3053 980 3109 oraret.»
1000 3043 1133 3110 Remitte
1146 3041 1208 3110 illis
1225 3043 1351 3133 culpam

176 3166 274 3234 hanel
304 3166 346 3232 ita
361 3184 470 3253 magno
486 3165 597 3232 affectu
613 3167 726 3234 Beatus
743 3168 863 3252 Martyr
886 3165 1054 3244 clamabat;
1085 3186 1182 3256 eaque
1210 3169 1351 3237 eminen-

175 3290 311 3358 tissimae
332 3288 468 3356 caritatis
491 3309 568 3371 vox,
588 3300 725 3357 extrema
747 3290 805 3357 luit
828 3291 1006 3369 morientis;
1034 3310 1103 3358 nam
1128 3302 1197 3380 post
1222 3290 1302 3360 hanc
1320 3295 1352 3362 in

175 3414 310 3480 Domino
330 3414 541 3480 obdormioid.
567 3415 687 3482 Graece
708 3413 864 3500 suesputu,
895 3412 978 3502 quod
1001 3415 1119 3483 Gallice
1142 3426 1225 3482 reete
1248 3416 1355 3484 reddi-

176 3538 259 3606 deris
278 3557 286 3599 :
306 3541 331 3603 il
346 3539 544 3604 s'eudorruit.
563 3539 618 3604 Est
634 3537 717 3603 enim
734 3537 874 3623 εκοιμηθη
896 3538 973 3604 hor.
995 3541 1008 3605 l
1029 3539 1118 3605 Pass.
1138 3535 1209 3605 cum
1226 3540 1355 3608 notione

177 3661 290 3730 Media.
306 3659 388 3728 Vide
404 3663 462 3730 Gr.
478 3682 545 3750 pag.
563 3663 640 3729 266.
652 3663 684 3728 b'.
703 3661 829 3729 Scilicet
847 3661 1052 3750 scriptoribus
1071 3664 1169 3730 sacris
1185 3665 1355 3750 κοιμασθαι

175 3781 386 3871 metaphorice
402 3784 516 3852 dicitur
532 3784 570 3852 de
586 3787 767 3864 moriendo,
785 3784 856 3872 quia
881 3804 993 3873 nempe
1008 3804 1093 3852 mors
1110 3805 1170 3852 non
1187 3795 1249 3851 tam
1266 3806 1354 3854 mors

176 3918 238 3988 est,
253 3925 346 3994 quam
363 3908 465 3997 potius
482 3909 606 3996 quidam
623 3908 717 3975 veluti
733 3927 879 3989 somnus,
901 3928 1017 3998 exque
1034 3909 1241 3998 evigilandum
1257 3910 1298 3977 sit
1313 3911 1353 3979 ad

176 4033 448 4102 immortalitatem.
467 4038 569 4126 Atque
585 4035 659 4102 hinc
674 4033 841 4102 Christiani
866 4036 1040 4125 sepulcreta
1057 4048 1161 4104 nostra
1177 4038 1353 4106 rectissime

177 4185 348 4195 ...-

209 4260 228 4326 ¹)
246 4260 321 4322 Quod
339 4260 495 4326 invulgata
513 4259 556 4310 hic
573 4258 698 4310 additur:
712 4259 741 4309 iu
787 4260 844 4312 dice
866 4258 962 4312 Graeco
981 4261 1046 4312 illud
1064 4262 1170 4328 legitur,
1193 4263 1228 4315 ita
1247 4278 1353 4333 quoquo

175 4345 298 4406 Domino,
324 4358 372 4409 ego
397 4344 503 4413 quidem
525 4355 573 4409 pro
590 4342 743 4406 glossemate
788 4343 861 4394 abest
879 4343 912 4395 ab
935 4345 1051 4413 antiquis
1071 4346 1248 4412 versionibus,
1272 4349 1351 4414 ltala,

176 4425 325 4490 babuerim3
341 4439 402 4478 nam
418 4426 486 4477 sieut
497 4424 524 4474 in
537 4422 609 4475 nullo
620 4423 674 4474 lere
690 4421 743 4475 Co·
790 4423 907 4488 Syriaca,
923 4431 972 4478 oet.
