3074 5054
176 370 244 436 lbi
526 365 661 433 ACTUS
695 363 1010 434 tirosuotoiittut
1021 416 1030 445 ,

175 558 215 624 m
242 577 315 622 vero
343 555 422 621 inira
448 553 535 644 (Act.
559 551 739 640 xxt129)
767 554 883 621 Paulus
913 553 1027 620 diserte
1055 553 1205 633 affirmat,
1237 555 1359 622 itineris

174 681 222 746 sui
251 680 380 746 comites
409 681 515 756 liemon
542 681 667 764 quidem
698 680 834 756 uidisse,
866 698 930 741 riou
960 699 1034 743 vero
1064 681 1222 744 audivisse
1253 698 1358 744 uocem

175 808 259 884 elue,
282 807 339 888 qul
362 824 433 869 cam
456 824 491 867 eo
513 803 708 888 loquebatur.
740 803 845 888 Quare
873 800 957 889 quod
982 801 1033 867 hic
1054 801 1170 869 dicitur
1192 805 1360 868 audientes

176 930 301 1012 quidem
333 948 456 1010 nocem,
491 926 598 1013 nequit
629 925 689 991 hoc
721 924 859 1014 proiecto
892 924 931 990 ad
962 944 1071 990 vocem
1111 927 1181 991 lesu
1222 924 1357 1003 reserri3

176 1061 319 1140 superest
339 1071 412 1138 ergo
435 1060 469 1116 ιιι
488 1049 526 1115 ad
554 1069 662 1115 vocem
690 1047 978 1149 Paulireieratur3
1010 1049 1096 1136 quasi
1126 1048 1277 1136 scriptum
1307 1047 1362 1114 hic

177 1184 260 1241 esset
277 1199 286 1241 a
305 1196 461 1247 ακουοιιτες
482 1195 535 1259 μεν
552 1197 602 1246 της
619 1194 715 1262 (paraq
732 1195 837 1234 aaran.
858 1173 926 1238 Hoc
943 1192 1016 1239 vero
1032 1195 1126 1235 aaran
1143 1170 1290 1260 supplere
1308 1171 1362 1238 hio

178 1297 284 1364 licebit
307 1318 346 1364 ex
366 1297 419 1363 iilo
442 1321 544 1382 αυτῳ,
563 1293 646 1384 quod
667 1296 842 1363 antecessit.
871 1297 974 1362 Unum
1000 1293 1099 1376 addo,
1126 1295 1246 1361 scilicet
1262 1314 1312 1360 me
1329 1294 1361 1360 in

178 1419 267 1486 libris
288 1421 509 1495 beorretanae,
529 1418 630 1506 qualis
653 1429 698 1485 est
725 1418 803 1485 liber
825 1420 959 1485 Aetnam
981 1417 1224 1507 Apostolorum,
1244 1417 1362 1483 nuliam

179 1563 346 1630 agnoscere
368 1543 661 1623 contradictionem,
687 1562 766 1629 quae
791 1543 916 1631 quidem
944 1543 983 1609 ab
1012 1543 1152 1632 ipsorum
1181 1540 1363 1608 auctoribus

179 1669 317 1758 proiecta
345 1669 395 1736 sit.
427 1668 507 1764 Sed,
530 1668 614 1756 equod
635 1667 673 1733 ad
702 1679 895 1755 praesentem
916 1668 1127 1755 quaestionem
1153 1668 1275 1746 attinet,
1300 1687 1363 1732 non

179 1803 303 1882 putem,
329 1792 418 1859 laciie
440 1791 506 1857 lieri
529 1811 623 1881 posse
639 1801 672 1858 ut
687 1790 735 1856 vel
753 1790 901 1879 profanus
918 1792 1071 1880 quispiam
1090 1790 1366 1879 historiographus

180 1918 211 1983 iu
229 1917 334 1984 libello
350 1936 462 2005 paruae
479 1917 588 1996 molis,
608 1927 637 1982 et
654 1915 780 2005 quidem
793 1916 823 1980 in
838 1915 999 1982 referendo
1017 1917 1128 2003 insigni
1145 1915 1249 2004 aliquo
1266 1913 1363 1991 sacto,

181 2060 246 2107 rem
275 2060 367 2108 unam
395 2040 597 2130 eamdemque
627 2040 716 2107 aliter
747 2050 840 2128 atque
868 2041 956 2107 aliter
983 2051 1103 2120 narret,
1134 2039 1257 2128 sibique
1285 2038 1365 2106 adeo

179 2163 384 2231 contradicat.

225 2391 259 2458 8.
279 2391 430 2458 Surrexit
446 2401 551 2456 autem
576 2391 709 2474 Saulus,
731 2391 819 2480 etc).
838 2395 896 2462 Gr.
915 2395 1020 2482 ηγερθη
1038 2394 1068 2459 iu
1086 2397 1163 2461 Aer.
1183 2395 1272 2462 Pasa
1291 2415 1366 2462 cum

181 2515 305 2582 notione
322 2516 495 2600 reltealoa,
514 2524 548 2579 ut
564 2514 718 2603 ἁγνισθητι
743 2516 822 2583 inira
844 2518 920 2606 Cap.
944 2518 1024 2585 XXI
1045 2543 1052 2584 :
1071 2520 1127 2585 db.
1147 2516 1195 2585 Cl.
1214 2517 1364 2597 Matthia,

181 2637 293 2726 §teo
313 2641 345 2705 5.
367 2636 479 2704 Saulus
505 2656 601 2723 quum
625 2638 732 2705 oculos
758 2638 886 2708 haberet
901 2652 1044 2730 apertos,
1064 2653 1164 2708 tamea
1183 2640 1259 2707 nihil
1279 2640 1367 2708 vide-

181 2760 250 2841 bat3
280 2772 326 2827 ast
354 2756 410 2850 (de)
435 2759 563 2826 comites
587 2760 654 2826 eius
682 2782 782 2827 marta
805 2765 899 2829 illum
923 2766 1070 2831 ducentes
1094 2763 1368 2854 (χειραγωγουιτες

183 2882 290 2972 aaron)
307 2884 337 2949 in
359 2882 467 2948 urbem
489 2881 739 2952 introduxerunt.
767 2887 883 2952 Conier
907 2886 957 2954 iric
978 2908 1057 2976 quac
1073 2909 1166 2976 supra
1191 2887 1368 2954 notavimus

184 3007 223 3075 ad
243 3028 289 3076 vs.
310 3009 343 3075 [ι.

228 3258 262 3323 9.
288 3257 334 3323 Et
355 3267 424 3323 erat
446 3259 489 3322 ibi
510 3260 611 3323 tribus
631 3258 738 3322 diebus
762 3277 827 3322 aaa
850 3259 975 3336 rideas,
994 3260 1082 3344 eta).
1109 3256 1370 3323 Commorebatur·

183 3378 328 3446 Damasci
353 3381 384 3446 in
408 3381 500 3448 dome
526 3381 620 3447 iudae
645 3380 806 3448 cuiusdam
831 3381 892 3468 (vs.
926 3383 997 3468 il);
1027 3380 1148 3446 duravit
1171 3390 1272 3447 autem
1299 3381 1371 3447 eius

184 3505 316 3571 caecitas
332 3503 431 3571 donec
454 3505 590 3572 Arrenius
616 3504 803 3572 miraculose
819 3525 885 3571 eam
903 3504 1021 3571 curavit
1036 3506 1098 3595 (ve.
1120 3507 1175 3586 17,
1196 3501 1266 3589 18),
1282 3505 1371 3572 seili-

185 3640 234 3697 cet
256 3628 295 3696 ed
318 3628 468 3696 triduum.
495 3632 541 3698 Eo
566 3630 715 3718 temporis
739 3630 840 3718 spatio
864 3629 975 3697 Saulus
992 3630 1031 3698 ab
1048 3629 1131 3697 omni
1156 3628 1227 3697 ciba
1244 3639 1275 3696 ct
1293 3641 1373 3717 pota

185 3857 282 3910 Eodem
300 3857 376 3909 modo
393 3860 420 3908 et
437 3856 590 3909 Ammonias
610 3856 646 3922 (in
661 3857 752 3910 Cateu.
801 3855 908 3924 ουδενα
926 3857 958 3924 δε
974 3862 1113 3952 εθεωρουν
1135 3885 1208 3950 προς
1228 3866 1259 3924 ὁν
1277 3885 1374 3926 απεκ-

190 3937 294 3990 Graeca
311 3940 340 3989 iu
358 3937 413 3990 Act.
430 3938 481 4003 Ap.
500 3937 675 3989 recentissime
692 3941 755 4004 pri·
802 3973 918 4040 pwm
951 3966 1004 4019 300
1029 3971 1068 4018 esp
1092 3982 1098 4017 :
1123 3966 1266 4033 vocemque
1292 3968 1377 4022 pauli

189 4035 260 4071 mum
278 4021 348 4071 edito
368 4020 401 4071 ab
416 4020 441 4071 l.
462 4020 493 4070 A.
513 4019 633 4082 Cramer,
648 4021 755 4074 anrtr'i.

190 4103 288 4154 Graece
299 4110 410 4166 tautam,
419 4118 446 4169 p.
458 4103 515 4168 rat)
527 4103 613 4156 locum
626 4104 701 4158 ilium
711 4108 755 4158 iu-

189 4184 290 4238 teliexit
307 4201 313 4236 ε

802 4056 946 4108 audiebant
964 4059 1008 4123 qui
1024 4071 1081 4107 eam
1094 4070 1123 4107 eo
1140 4063 1231 4118 erant,
1244 4058 1377 4110 ruminent

801 4154 865 4192 uero
883 4142 1003 4193 uidebant
1018 4143 1121 4208 quicum
1139 4142 1298 4208 loqueretar.
1323 4143 1378 4194 Aa·

802 4237 854 4289 que
866 4223 934 4276 hauc
949 4225 1192 4290 interpretationem
1206 4226 1284 4276 etiam
1297 4224 1380 4291 Didy-

232 4269 297 4332 Καί
324 4290 376 4340 την
405 4288 504 4379 ‘qimid'
527 4289 580 4330 TW
603 4267 753 4351 Παυλθυι
802 4319 845 4356 mo
858 4305 985 4371 placuisse
996 4307 1072 4358 video
1084 4307 1111 4357 iu
1124 4306 1221 4361 catena
1238 4305 1284 4359 Gr.
1297 4322 1381 4376 supra

187 4373 290 4438 iuquit,
309 4380 440 4429 ηκουσαν
457 4381 485 4420 οι
502 4379 639 4434 συνοιιτες
656 4386 753 4448 aurp,
802 4389 884 4453 carp,
897 4389 958 4438 453,
