3074 5054
473 404 612 471 CAPUT
647 405 731 486 ΧΠ,
768 406 889 475 VERS.
926 408 1071 477 ιι-ιδ.
1286 410 1346 478 bil

221 611 253 665 ct
267 607 447 664 consumtus
461 618 481 662 a
494 598 672 676 vermibus,
690 599 884 686 exspiravit).
902 599 1023 667 Graece
1039 624 1046 666 :
1060 621 1215 688 peropima
1232 595 1351 674 σκωλη-

175 717 326 811 κοβρωτος
342 723 375 811 (a
391 716 511 794 σκωληξ
525 723 641 787 vermis
657 731 687 787 ει
702 717 833 811 βρωσκω
849 720 998 803 comedo),
1013 720 1046 788 h.
1062 742 1091 788 c.
1106 723 1216 791 morbo
1236 724 1354 789 vermi-

176 849 281 911 culari
300 859 481 935 correptuS,
500 858 574 929 post
596 847 815 911 acerbissimos
836 848 994 911 cruciatae
1012 848 1103 913 intra
1127 849 1266 933 quinque
1286 848 1355 912 dier

176 971 242 1061 (ll.
262 970 388 1060 loseph.
407 967 499 1051 ibid.)
516 971 645 1037 interiit.
671 999 685 1030 «
705 971 925 1059 Nequaquam,
946 972 1048 1059 inquit
1070 971 1239 1053 Meadius¹,
1258 971 1352 1039 inter·

176 1094 318 1184 pratibus
334 1093 466 1173 accedo,
485 1095 538 1182 qui
559 1096 753 1178 phthiriasi,
771 1093 832 1162 hoc
848 1106 913 1174 est,
930 1095 1038 1161 morbo
1064 1098 1262 1180 pediculari,
1280 1115 1355 1163 cou-

177 1229 314 1284 sumtum
342 1216 496 1285 interiisse
519 1215 674 1282 Herodem
695 1226 865 1284 autumant.
892 1215 986 1284 Aliud
1008 1216 1120 1284 animal
1143 1228 1190 1285 est
1212 1214 1352 1296 σκωληξ,

177 1339 261 1407 aliud
283 1340 364 1431 piap
385 1365 393 1407 ε
418 1338 494 1406 haec
517 1358 668 1406 summam
692 1350 812 1421 cutem,
834 1338 887 1407 ille
908 1341 1050 1429 corporis
1073 1341 1220 1409 interiora
1244 1341 1355 1431 depas-

178 1463 271 1531 citur.
290 1463 399 1551 Neque
415 1462 544 1530 dubium
569 1483 638 1531 esse
654 1475 770 1554 potest,
801 1465 875 1554 quin
899 1465 989 1533 divus
1012 1467 1130 1546 Lucas,
1148 1478 1179 1534 et
1202 1468 1269 1556 ipse
1292 1487 1356 1534 me-

178 1586 284 1666 dicus,
303 1586 365 1654 vim
381 1587 543 1674 utriusque
559 1588 644 1654 vocis
660 1598 743 1654 recte
760 1586 957 1656 intellexerit.
975 1616 989 1647 ι

226 1835 442 1920 Antegressam
459 1830 619 1900 historiam
636 1832 667 1898 in
685 1831 768 1900 huuc
784 1833 980 1922 potissimum
996 1832 1108 1914 finem,
1127 1845 1161 1902 ut
1181 1833 1258 1902 mihi
1284 1834 1353 1924 qui·

179 1955 252 2024 dem
264 1956 397 2036 videtur,
412 1958 512 2024 Lucas
524 1957 662 2024 inserere
674 1957 861 2038 voluerit,ut
873 1956 1010 2037 doceret,
1026 1978 1118 2046 quam
1130 1958 1241 2026 acerba
1256 1969 1356 2026 morte

180 2079 339 2148 Ecclesiae
359 2091 538 2170 persecutor
553 2079 692 2169 Agrippa
709 2080 888 2148 interiisset.
908 2079 955 2148 Ad
972 2081 1165 2169 propositum
1183 2082 1244 2149 iam
1261 2080 1352 2149 redit.

225 2331 281 2397 ιι.
310 2330 448 2394 Verbum
467 2340 571 2394 antem
594 2330 724 2394 Domini
745 2330 899 2394 crescebat
914 2339 944 2395 ot
959 2326 1262 2417 multiplicabatur).
1281 2328 1357 2396 Seu·

179 2472 235 2519 sus
250 2461 298 2518 est
315 2471 324 2513 ι
344 2453 463 2518 luterea
479 2461 579 2518 autem
601 2450 720 2538 Religio
741 2450 917 2518 Christiana
937 2451 1054 2518 maiora
1076 2451 1106 2535 in
1128 2450 1194 2518 dies
1217 2451 1360 2540 capiebat

180 2576 380 2644 incrementa.
399 2576 489 2654 Puta,
510 2576 637 2640 verbam
655 2575 789 2640 Domini
812 2584 937 2641 eatenus
954 2572 1014 2641 dici
1031 2576 1263 2658 multiplicari,
1283 2593 1358 2664 qua-

179 2711 270 2769 tenus
289 2704 400 2787 plures
426 2701 457 2766 iu
481 2699 548 2768 dies
571 2700 777 2767 Christianam
801 2697 973 2766 doctrinam
997 2698 1267 2786 amplecterentur.
1291 2698 1359 2765 ble-

179 2825 316 2912 toaymia
345 2824 415 2892 heic
443 2825 593 2914 quaedam
617 2835 680 2907 est,
704 2844 763 2913 qua
788 2822 928 2890 doctrina
954 2823 1128 2890 Christiana
1157 2820 1272 2889 dicitur
1299 2840 1356 2910 pro

179 2971 248 3019 cam
264 2951 438 3019 doctrinam
454 2949 684 3040 profitentibus.

225 3198 282 3265 ιδ.
309 3196 475 3262 Barnabas
491 3207 596 3261 autem
612 3206 642 3260 et
657 3194 775 3260 Scalas
792 3196 914 3259 reversi
930 3203 1022 3277 auat,
1042 3190 1132 3279 cla).
1153 3195 1284 3284 Expleta
1301 3213 1359 3262 suo

178 3322 374 3386 ministeria
390 3318 475 3409 (vide
490 3319 567 3407 Gap.
585 3319 632 3384 Xl
652 3342 659 3383 :
679 3319 722 3385 ιι
730 3365 741 3398 ,
759 3318 813 3398 30)
829 3316 941 3383 Saulus
957 3325 987 3382 et
1002 3315 1176 3398 Barnabas,
1197 3328 1357 3406 assumpto

178 3464 288 3512 secum
313 3444 427 3511 loaunc
442 3444 548 3510 Marco
565 3441 671 3531 (supra
696 3460 742 3507 rs.
761 3438 830 3527 ιι),
850 3438 1067 3527 Hiirosolymi
1088 3439 1286 3509 Antiochiam
1307 3463 1359 3507 re-

179 3568 267 3633 versi
281 3577 371 3644 snat,
384 3564 432 3632 vel
445 3568 567 3631 rcoorsi
578 3577 687 3642 erant3
704 3582 772 3630 nam
786 3573 919 3650 utraque
931 3561 1023 3631 modo
1038 3563 1124 3631 reddi
1138 3574 1238 3653 potest
1249 3565 1358 3633 Aoris·

181 3706 233 3761 tus
253 3690 454 3783 ὐπεστρεψαν.
480 3693 542 3757 Res
558 3687 670 3777 pendet
686 3708 703 3754 a
721 3700 876 3775 tempore,
894 3707 976 3775 quo,
997 3687 1103 3755 relicta
1119 3688 1358 3775 Hiirosolyma‚

180 3815 379 3886 Antiochiam
403 3814 534 3902 regressi
564 3824 647 3881 sunt.
674 3814 706 3882 Si
724 3812 838 3880 lactum
855 3812 915 3880 hoc
931 3824 978 3881 est
994 3825 1064 3902 post
1080 3813 1203 3881 demum
1227 3825 1357 3881 mortem

181 3939 358 4028 Agrippae,
387 3928 568 4005 vertendum
595 3948 641 4003 est
669 3941 790 4002 reuersi
817 3948 892 4003 sanct
909 3965 917 4002 :
936 3938 960 4004 si
986 3949 1074 4017 aute,
1103 3940 1224 4005 reversi
1251 3947 1356 4004 erant.

185 4119 381 4130 ’.αι-

218 4219 236 4281 ἰ
255 4216 386 4270 Richardii
413 4215 505 4268 Mendii
530 4214 746 4277 uertentem,
796 4218 870 4278 4598,
888 4218 983 4282 legitur
1001 4216 1043 4269 hic
1060 4219 1183 4281 mysterio
1199 4230 1247 4284 pro
1263 4219 1359 4270 minis-

182 4303 239 4354 sive
258 4301 290 4352 de
316 4299 412 4351 morbis
435 4298 536 4351 biblicis
563 4298 750 4364 insignioribus
794 4303 875 4363 teria·
893 4314 941 4353 nec
957 4300 1110 4352 adnotatum
1122 4299 1358 4368 luittypographi-

184 4385 395 4440 commentarius.
414 4384 476 4451 Cap.
495 4384 551 4436 XV.
795 4397 855 4434 cum
878 4382 927 4433 hoc
949 4380 1072 4435 mendum
1096 4383 1123 4432 in
1144 4381 1197 4434 ullo
1220 4381 1360 4434 extribus

219 4471 238 4538 q
255 4467 749 4534 tneaiaonevmgatasvaticano,anni
796 4463 973 4517 correctoris.

1198 4564 1233 4624 tt
