3074 5054
461 367 599 434 CAPUT
633 367 748 444 XVll,
786 366 908 435 VERS.
947 366 1092 434 51-54.
1299 365 1365 431 tat

228 561 373 628 55—5t.
401 559 484 624 Cum
515 561 681 624 audissent
711 569 817 624 nutem
848 561 1115 625 resurrectionem
1141 567 1361 637 mortuorum,

187 688 270 768 etc).
290 683 440 772 Apostolo
464 681 671 750 Athenienses
687 681 837 750 hactenus
860 693 907 749 sat
928 681 1083 750 studiosas
1105 701 1195 748 aures
1212 679 1364 770 praehue-

187 817 269 887 raut;
287 805 391 874 audita
417 826 489 874 vero
511 813 705 894 (ακουσαντες
729 801 774 891 δε)
797 806 953 873 mentione
970 806 1208 874 resurrectionis
1224 816 1362 871 mortuo·

186 951 252 999 rum
269 939 354 1020 (toen
368 934 412 1013 'zu'
425 953 488 997 oure
504 951 577 995 eene
593 933 786 1015 opstonolinp
810 953 874 996 oure
894 932 1015 996 doodeu
1040 928 1222 1011 (eructuem
1239 925 1364 1017 νεκρων)

185 1058 346 1141 hoorden),
365 1076 437 1122 eum
459 1055 510 1122 alii
527 1053 727 1132 deridebant,
745 1054 796 1121 elii
814 1074 888 1122 vero
905 1054 1053 1122 urbanius
1070 1053 1102 1121 id
1118 1064 1259 1142 agentes,
1278 1051 1362 1119 dice-

185 1181 255 1249 baut
279 1179 347 1247 illi:
367 1178 539 1248 Audiemus
557 1190 585 1246 te
608 1179 684 1247 alias
707 1178 766 1246 hac
782 1179 820 1246 de
836 1199 870 1245 re
886 1178 1008 1247 denunt
1027 1182 1128 1267 Atque
1145 1178 1204 1259 ita,
1223 1177 1362 1244 oratione

185 1325 236 1372 sua
264 1304 397 1372 necdum
428 1303 531 1384 finita,
557 1304 672 1371 Paulus
700 1324 739 1370 ex
766 1302 878 1370 horum
906 1314 995 1371 coetu
1027 1303 1183 1370 discessit.
1214 1299 1363 1370 Nonnulli

183 1440 283 1496 autem
309 1429 366 1495 viri
390 1431 601 1495 odhoeseruut
620 1425 842 1518 (molimense)
859 1428 920 1506 illi,
939 1441 970 1496 et
985 1429 1077 1496 tidem
1095 1428 1211 1496 Christi
1227 1427 1362 1517 amplexi

184 1561 254 1620 suut
268 1551 490 1642 (eucoreouuo);
511 1557 545 1618 iu
561 1554 670 1638 quihus
693 1552 751 1620 luit
766 1575 887 1638 quoque
903 1551 982 1641 (και)
1005 1552 1177 1639 Dionysius
1194 1554 1248 1616 illo
1264 1551 1363 1616 Areo-

182 1680 313 1761 pepitici
340 1678 514 1743 tribunalis
537 1699 676 1744 assessor
701 1675 727 1759 (i
744 1675 980 1769 Αρεοπαγιτης),
1007 1687 1036 1744 et
1060 1676 1172 1743 mulier
1196 1673 1359 1764 quaedam,

184 1802 306 1869 nomine
322 1802 484 1882 Denaris,
503 1822 637 1891 cumque
655 1801 704 1869 his
721 1802 772 1869 alii
790 1802 943 1869 nonnulli.

226 1926 421 1995 Crediderim
444 1928 648 2017 Apostolum,
672 1939 743 2017 post
767 1939 972 1996 memoratum
988 1928 1046 2008 (vs.
1072 1926 1126 2005 51)
1151 1929 1222 1994 lesu
1244 1924 1360 1994 Christi

185 2052 314 2121 reditum
337 2055 368 2121 iu
393 2055 503 2135 vitam,
528 2056 705 2144 perrexisse
732 2055 837 2122 dicere
859 2055 897 2122 de
914 2055 1079 2122 universali
1098 2055 1236 2122 omnium
1258 2075 1361 2122 resur-

184 2177 334 2259 rectione;
354 2198 424 2245 nem
442 2177 502 2246 hoc
518 2189 548 2245 et
565 2179 594 2244 in
612 2179 680 2245 loro
701 2198 851 2268 perorans
868 2180 929 2270 (vs.
950 2176 1008 2266 lt)
1025 2178 1136 2245 secisse
1153 2177 1285 2245 videtur.
1310 2179 1359 2244 De

184 2297 239 2368 hec
255 2321 328 2389 ergo
345 2302 500 2369 mentione
528 2303 766 2370 resurrectionis
795 2313 1007 2381 mortuorum,
1038 2321 1130 2390 quam
1159 2301 1274 2368 Paulus
1293 2311 1358 2369 tum

182 2423 302 2503 lecerit,
322 2425 552 2512 intelligendum
570 2426 626 2506 sit,
645 2425 728 2514 quod
749 2425 801 2493 hio
824 2425 937 2493 dicitur
956 2451 963 2493 :
987 2448 1058 2492 cum
1075 2429 1237 2492 audissent
1252 2437 1359 2492 nutem

181 2554 440 2618 resurrectionem
455 2562 672 2632 mortuorum,
691 2561 751 2618 etc.
770 2550 899 2637 Quodsi
918 2550 995 2618 haec
1006 2550 1100 2618 seerba
1118 2548 1280 2617 reserenda
1296 2551 1357 2617 siut

180 2674 214 2742 ad
231 2689 431 2744 memoratam
447 2677 539 2745 madh
556 2676 618 2766 (vs.
635 2681 689 2765 tl)
707 2681 778 2746 lesu
796 2677 912 2746 Christi
930 2678 1203 2755 resurrectionem,
1222 2676 1357 2744 Pluralis

179 2799 229 2867 ille
244 2824 354 2892 osupum
372 2801 531 2871 habendus
544 2815 591 2870 est
603 2825 660 2893 pro
675 2807 805 2872 Pluruli
819 2808 974 2889 perrerico,
995 2803 1095 2891 qualis
1112 2803 1248 2870 occurrit
1264 2803 1356 2870 etiarn

179 2925 288 2992 hlatth.
309 2927 364 2991 ll:
389 2929 433 2994 20
455 2937 485 2993 et
508 2929 581 2994 lX:
606 2929 639 2994 8.
668 2928 749 2996 Vide
771 2930 829 2997 Cr.
856 2949 926 3018 pag.
953 2931 1030 2995 lit.
1050 2931 1083 2996 2.
1100 2967 1144 2976 —-
1160 2929 1356 2995 Morinorum

178 3051 435 3117 resurrectionem
459 3051 598 3119 Gentiles
622 3051 776 3119 habehant
797 3074 853 3142 pro
876 3074 910 3119 re
933 3053 1023 3143 plane
1048 3051 1223 3120 incredibili
1240 3062 1269 3118 et
1286 3073 1357 3141 per-

177 3172 319 3242 ridicula.
346 3176 398 3243 Sic
414 3176 571 3242 hlinucius
587 3177 676 3243 Felix
699 3176 797 3266 (apud
819 3149 1038 3246 Pricaeum'ad
1055 3177 1087 3245 h.
1108 3178 1145 3264 l.)
1169 3199 1208 3244 ex
1224 3199 1357 3267 persona

176 3300 302 3387 Pagani,
317 3298 511 3367 Christianos
528 3301 697 3369 deridentis
718 3304 805 3371 :Nec
821 3305 879 3368 leuc
894 3305 1015 3387 furioso
1031 3306 1179 3387 opinione
1196 3307 1336 3368 contenti
1345 3353 1354 3381 ‚

177 3423 292 3512 iuquit,
319 3426 418 3489 ortiles
437 3427 561 3509 fabretus
583 3428 754 3491 adstruunt
776 3437 806 3490 et
827 3437 1024 3492 conectunt:
1046 3429 1171 3492 recensui
1193 3449 1224 3493 se
1246 3431 1358 3512 serocnt

175 3559 395 3629 postmortem
415 3560 445 3614 et
468 3552 598 3615 cineres.
616 3546 825 3624 Κολληθεντες
847 3562 894 3616 est
909 3554 985 3618 Aor.
1005 3551 1125 3618 Passiv.
1143 3572 1215 3619 cum
1232 3552 1357 3620 notione

176 3671 294 3753 llledia3
313 3695 441 3759 oropum
458 3674 589 3740 Dativus
605 3675 802 3758 deletionis,
823 3685 966 3764 utsupra
983 3675 1060 3765 Cap.
1081 3677 1128 3742 lX
1147 3699 1155 3740 ε
1175 3677 1230 3743 55.
