3074 5054
174 358 241 425 590
515 359 651 427 ACTUS
675 358 1011 441 APOSTOLORUM,

173 547 264 616 dolus
292 547 420 637 scripsit
448 547 535 638 (Lib.
565 550 599 631 Ι,
623 571 655 640 p.
679 552 712 638 ἲ)
738 571 747 613 a
773 572 869 614 τοισιν
894 547 1021 624 Ἕλλησι
1049 545 1153 630 dodun,
1179 552 1361 642 πεμψαντας

174 670 320 763 αγγελους
343 695 495 738 cruorum
512 671 643 748 ‘Elorum
670 674 790 743 Similia
813 674 955 765 exempla
979 674 1082 763 legere
1106 687 1153 743 cst
1173 677 1257 767 apud
1276 680 1360 746 Zeu·

175 795 261 864 nium
285 796 323 864 ad
339 796 448 885 Vigeri
466 798 542 886 Cap.
563 799 629 878 Vl,
648 798 731 866 Sect.
753 801 785 866 l.
804 799 880 866 Xll.
907 800 962 865 Est
977 811 1081 866 autem
1096 799 1128 865 in
1145 796 1360 887 εκλεξαμενους

173 917 286 1011 ανδρας
313 918 452 1008 rupuar,
481 921 675 1009 agnoscenda
703 922 848 1009 syntaxis
871 921 1049 990 Accusativi
1078 942 1150 988 curn
1180 922 1357 1005 Infinitive,

173 1065 252 1136 quac
269 1046 300 1113 in
317 1045 447 1124 verbnm
465 1045 601 1113 Finitum
626 1046 760 1113 resoluta
776 1047 885 1114 Latine
901 1045 1017 1113 valeret
1036 1066 1044 1109 ε
1065 1044 1182 1135 placuit
1198 1048 1359 1137 Apostolis

173 1180 221 1254 ut,
250 1181 416 1255 postquam
445 1172 607 1254 elepisoent
622 1173 706 1236 viros
723 1172 843 1256 aliquot
859 1192 898 1236 eo
912 1192 945 1235 oe
961 1165 1191 1259 (εκλεξαμενους
1208 1165 1238 1245 εξ
1255 1195 1358 1236 aaron

174 1289 317 1386 ανδρας),
347 1297 526 1374 mitterent,
557 1307 617 1362 etc.
642 1293 799 1381 -Quod
826 1304 928 1361 autem
957 1304 1027 1384 post
1054 1291 1267 1382 εκλεξαμενους
1294 1317 1357 1365 non

174 1415 323 1485 scribitur
349 1414 523 1507 γραψαντάς
547 1414 806 1509 scripulorum,
830 1428 877 1483 ost
904 1415 965 1484 hoo
991 1416 1196 1486 anacoluthon
1225 1419 1357 1489 Graecis

176 1561 236 1609 non
260 1539 452 1630 infrequens.
470 1540 551 1610 Vide
571 1542 629 1610 Gr.
656 1561 726 1632 pag.
746 1543 823 1609 519.
842 1542 881 1607 Β.
900 1543 933 1608 2.
952 1540 1060 1608 Simile
1080 1540 1286 1609 anacoluthon
1309 1555 1358 1610 est

175 1667 207 1737 ia
229 1663 290 1733 hoo
318 1665 446 1734 Paulino
471 1666 544 1755 (Ep.
574 1666 612 1734 ad
640 1666 757 1756 Ephes.
784 1667 830 1733 Ill
856 1689 864 1732 ε
886 1667 1017 1734 16-18
1037 1687 1045 1729 :
1063 1667 1125 1730 ‘luo
1149 1663 1213 1753 ὃῳη
1237 1668 1354 1754 ὗμιν...

172 1815 356 1867 ’κατοικησαι
371 1814 424 1856 τον-
439 1792 572 1883 Χριστον
589 1815 618 1856 εν
634 1816 701 1867 ταις
716 1788 858 1883 καρδιαις
873 1793 976 1879 ripato,
995 1815 1024 1856 ou
1045 1814 1149 1882 cyunp
1165 1795 1357 1884 ερριζωμενόι

176 1939 228 1980 και
243 1913 505 2004 τεθεμελιωμενοι,
519 1942 552 1994 Ἰκ.
572 1941 602 1980 τ.
623 1915 653 1980 λ.
672 1955 716 1966 --

199 2090 200 2094 ,
223 2039 340 2108 Sensus
352 2051 420 2108 est:
441 2043 549 2125 Tunc,
570 2061 666 2130 qurum
679 2040 802 2109 dicendi
819 2042 913 2108 finem
926 2041 1049 2109 fecisset
1066 2040 1214 2122 lacobuS,
1232 2061 1358 2132 unaque

176 2176 258 2234 esset
285 2165 424 2233 omnium
451 2165 489 2234 de
517 2166 746 2245 resumenda,
777 2164 894 2255 placuit
920 2165 1078 2255 Apostolis
1106 2175 1136 2232 et
1163 2164 1357 2254 presbyteris

174 2291 330 2376 simulque
353 2292 412 2357 toti
437 2291 580 2374 fidelium
602 2291 705 2355 coetui
732 2290 800 2375 (our
824 2287 879 2378 otu
902 2313 939 2378 ap
961 2286 1132 2374 εκκλησιᾳ),
1154 2291 1357 2372 exipsorum

175 2436 308 2481 nrrmero
323 2411 376 2504 (εξ
391 2411 506 2502 αὑτων)
521 2413 634 2501 eligere
650 2412 735 2479 viros
751 2411 885 2500 aliquot,
905 2411 1025 2479 scilicet
1044 2411 1153 2480 ludam
1169 2412 1354 2500 cognomine

175 2537 362 2617 Barsabam,
382 2548 412 2604 ct
427 2537 540 2616 Silam,
558 2535 643 2603 viros
664 2535 744 2601 inter
760 2533 954 2601 Christianos
979 2555 1016 2601 ex
1041 2535 1199 2625 primariis
1215 2535 1356 2625 (iyoope-

175 2667 267 2751 νους),
289 2672 381 2752 atque
402 2682 462 2745 per
484 2662 539 2725 boa
555 2655 620 2746 (diu
647 2680 747 2749 χειρος
769 2655 880 2739 octav)
903 2660 1065 2743 epistolum
1089 2661 1244 2724 mandore
1265 2659 1356 2750 (ypo-

175 2787 293 2877 ραντες)
305 2789 386 2853 lione
402 2780 502 2873 (rodo)
521 2807 528 2848 :
547 2783 694 2868 Apostoli
710 2794 738 2847 at
755 2782 905 2848 Seniorer
920 2785 1041 2867 fratres
1058 2780 1205 2848 solutem⁴
1225 2783 1355 2876 (χαιρειν

175 2911 245 2978 scil.
270 2906 425 2999 λεγουσιν)
449 2906 557 2974 dicunt
584 2905 731 2973 fratribus
757 2904 1090 2973 Ethnioo-Christianis
1117 2905 1303 2974 Antiochiae
1326 2919 1357 2974 et

176 3054 232 3123 per
255 3031 406 3121 reliquam
429 3031 552 3118 Syriam
575 3041 606 3097 et
629 3030 661 3096 in
686 3029 845 3119 provincia
869 3026 978 3097 Cilicia
1002 3029 1280 3097 commorantibus.

220 3159 369 3249 ‘Hyeopor
390 3158 519 3226 verbum
542 3159 668 3246 Depon.
693 3156 778 3225 llled.
800 3159 866 3223 duno
886 3179 976 3237 aum,
997 3159 1163 3242 praecedo.
1189 3156 1282 3224 ludas
1303 3157 1356 3225 ille

176 3282 328 3351 Barsabas
350 3282 477 3350 forsitan
498 3284 593 3352 frater
613 3281 672 3350 fnit
695 3279 819 3370 losephi
846 3281 1019 3361 barsabee,
1045 3279 1167 3369 dequo
1189 3283 1304 3350 mentio
1323 3281 1358 3349 iit

176 3425 271 3495 snpra
294 3406 370 3495 Gap.
390 3408 403 3472 l
413 3456 422 3486 ‚
440 3427 487 3474 vs.
507 3409 563 3474 25.
582 3405 802 3499 Silasantem,
821 3405 874 3494 qui
892 3403 971 3474 alibi
995 3403 1137 3472 Silvanus
1163 3402 1356 3491 (Σιλουανος)

177 3530 304 3612 dicitur,
327 3530 473 3620 deinceps
502 3551 606 3598 comes
634 3529 692 3597 fuit
719 3529 807 3597 Pauli
837 3530 868 3596 in
892 3529 959 3597 eius
982 3529 1145 3597 itineribus
1169 3551 1225 3620 per
1251 3531 1356 3601 Asiam

176 3652 331 3723 Minorem
353 3664 384 3721 et
406 3654 569 3722 Graeciam
586 3653 686 3721 factis.
705 3652 755 3722 Ad
778 3652 998 3742 perferendum
1014 3652 1213 3721 Antiochiam
1229 3654 1355 3722 concilii

177 3777 356 3858 decretum,
381 3778 478 3845 Paulo
499 3788 529 3845 et
551 3776 712 3845 Barnabae
727 3777 857 3845 comites
872 3776 1028 3845 adduntur
1043 3776 1105 3845 duo
1123 3776 1168 3843 illi
1193 3798 1233 3844 ex
1249 3777 1357 3847 Chris·

210 3987 229 4056 ¹)
245 3988 311 4040 Vin.
326 4002 397 4040 naor.
418 3989 469 4041 Pro
490 3988 597 4041 vocibus
611 4005 616 4040 z
631 3998 683 4038 και
712 3978 740 4038 oi
786 3989 911 4054 Vulgata,
932 3992 959 4041 ot
971 3989 1118 4042 Armenion.
1140 3990 1178 4042 lta
1191 4003 1297 4057 quoque
1316 3991 1357 4045 lo-

176 4059 740 4155 npeodureporuouoiadriponsimpti-
787 4083 882 4145 gerunt
910 4079 981 4132 buno
1010 4080 1095 4132 locum
1125 4079 1154 4132 S.
1175 4079 1303 4131 Pantanus
1333 4085 1359 4133 et

175 4169 240 4222 citer
264 4178 316 4218 και
339 4159 366 4218 οἱ
389 4151 590 4246 πρεσβυτερος
615 4151 740 4246 adelpoa
785 4170 896 4236 vigilius
912 4171 1050 4237 tapsensis
1068 4169 1148 4237 (apud
1171 4169 1309 4237 Scholion),
1333 4176 1360 4224 ot

174 4250 271 4316 legitur
293 4251 321 4303 in
344 4250 425 4304 Codd.
448 4251 534 4304 ABCD
556 4252 743 4318 nonnullisque
789 4253 1357 4321 S.Atbanasius[apndCalmetumadbl).

174 4333 343 4398 minusculis,
364 4337 436 4387 utet
456 4335 484 4386 in
506 4334 674 4386 versionibus
691 4349 743 4387 an·
789 4336 880 4402 ltaque
890 4349 942 4388 non
954 4341 1055 4399 est,our
1065 4336 1127 4390 bulo
1135 4336 1241 4389 lectioni
1250 4336 1359 4390 alteram

175 4416 272 4487 liquis,
306 4416 370 4470 ltala
404 4415 447 4485 (in
473 4415 535 4471 Cod.
565 4415 742 4486 Garunna),
790 4418 975 4486 praeferamus.
