3074 5054
189 417 255 485 100
549 416 682 484 ACTUS
712 415 1045 495 APOSTOLORUM,

187 607 265 672 Luc.
283 605 379 671 ΧΧΙΙ
399 627 406 670 :
426 604 486 694 tt)
509 603 547 671 ah
573 605 668 693 ipsiS,
696 606 820 696 Epheso
837 608 1037 673 scivissemus
1056 605 1268 693 (αναχθηναι),
1287 619 1369 675 recto

185 750 282 795 curso
304 723 605 817 (ευθυδρομησαντες)
632 729 829 816 pervenimus
852 729 890 795 ad
916 728 1047 794 insulam
1072 730 1191 810 Goiinr,
1216 730 1370 818 postridie

184 855 235 943 (cp
251 848 284 915 <ic
301 848 363 926 ἑξης
379 850 447 917 scii.
467 849 580 940 ἡμερᾳ)
601 850 764 932 Rhodum,
783 863 875 940 atque
898 851 1102 919 inde-Patara
1128 855 1180 935 (εις
1205 853 1366 945 Παταρα).

184 977 252 1044 iilic
269 975 346 1041 nacti
361 972 523 1064 (εὑροντες)
540 994 647 1041 navem
666 976 829 1063 qnamdam
847 976 1040 1058 onerariam,
1058 978 1087 1043 in
1106 977 1286 1045 Phoenicen
1302 982 1368 1044 iam

182 1107 247 1167 iam
265 1102 474 1166 transituram
489 1094 681 1190 (διαπερῶν),
700 1099 780 1166 itane
798 1103 936 1184 inpressi
950 1097 1152 1188 (επιβαντες),
1168 1103 1291 1169 Pataris
1304 1106 1367 1170 sol·

182 1229 286 1291 aimus
308 1222 519 1312 (ανηχθημεν).
546 1225 650 1308 Quum
668 1234 769 1290 autem
787 1225 887 1291 insula
905 1226 1029 1313 Cyprus
1046 1225 1135 1293 nohis
1152 1227 1362 1315 apparuisset,

182 1352 293 1415 relicto
318 1352 354 1413 eri
371 1351 413 1412 od
433 1350 554 1412 iaevam
571 1345 801 1437 (καταλιποντες
826 1369 923 1422 aaran·
935 1348 1116 1435 ευωνυμον),
1135 1353 1367 1434 nominabamus

181 1468 349 1558 (επλεομεν.
382 1469 479 1558 lnnp.)
508 1469 538 1535 in
568 1470 708 1556 Syriam,
737 1483 767 1536 et
795 1470 972 1559 appulimus
999 1470 1236 1559 (κατηχθημενΙ.
1267 1470 1364 1558 Aor.)

180 1593 318 1678 Tyrum;
338 1612 407 1658 nam
426 1589 604 1681 111(εκεισε)
622 1593 707 1658 navis
733 1594 1055 1681 3131333(τονγομον,
1073 1596 1110 1658 de
1128 1592 1250 1678 indiae)
1268 1615 1364 1685 expo·

181 1714 272 1782 nebat
287 1722 332 1806 (nr
350 1716 640 1806 αποφορτιζομενον,
660 1712 733 1780 (1331·
749 1717 837 1780 werd
854 1714 906 1780 het
922 1714 1012 1802 sohip
1029 1713 1224 1799 ofpelnden).

227 1838 275 1903 De
292 1838 418 1924 Syntaxi
441 1835 607 1903 verborum
635 1857 643 1898 ε
669 1859 780 1925 εγενετο
805 1837 973 1923 creperum
997 1838 1096 1923 ἡμας,
1115 1837 1186 1904 vide
1210 1858 1308 1927 snpra
1325 1839 1364 1905 ad

181 1965 257 2050 Gap.
278 1963 324 2030 lv
342 1982 350 2023 ε
370 1963 409 2040 53
436 1970 466 2025 et
490 1958 528 2024 de
550 1959 673 2026 notione
695 1960 780 2026 vocis
803 1960 991 2045 αναχθηναι,
1010 1960 1135 2027 vidend
1152 1963 1229 2050 Cap.
1249 1964 1332 2029 Xlll
1352 1982 1360 2023 ε

182 2089 236 2154 15.
256 2123 300 2134 -
314 2079 515 2175 Ευθυὸρομεω
530 2083 580 2173 (ab
596 2083 679 2156 ευθυς
696 2094 726 2149 et
742 2079 860 2172 ripopem
877 2087 983 2167 curro)
1008 2096 1053 2151 est
1076 2096 1157 2150 recto
1175 2108 1272 2151 cursu
1290 2107 1363 2152 con·

180 2211 271 2275 terrdo
289 2211 324 2273 in
339 2204 405 2293 (εις)
422 2208 525 2272 locam
540 2208 691 2290 aliquem.
707 2205 822 2273 Eadem
848 2205 973 2272 notione
999 2206 1111 2293 legitur
1128 2206 1259 2273 verbum
1277 2207 1363 2296 opto-

178 2329 296 2423 δρομεω
312 2331 394 2420 apud
409 2329 661 2418 Xenophontem.
676 2329 803 2398 Videsis
823 2331 918 2396 iiam.
939 2329 1047 2418 Steph.
1065 2331 1096 2395 in
1112 2331 1211 2397 Thes.
1230 2331 1269 2397 ad
1287 2353 1358 2399 voc.

178 2453 292 2548 δρεμω.
312 2493 355 2504 -
370 2455 459 2533 Κῶς,
478 2454 614 2522 Genitiv.
633 2459 689 2519 κῶ.
708 2455 770 2519 Pro
793 2458 853 2516 κῶν
877 2454 968 2520 solita
991 2453 1090 2520 forma
1114 2455 1294 2521 Accusativi
1313 2467 1360 2522 est

179 2580 230 2648 hic
257 2581 356 2648 forma
383 2579 483 2646 rarior
510 2579 584 2659 Κῶ,
605 2577 643 2644 de
660 2597 720 2665 qua
743 2576 831 2654 vide,
850 2578 875 2644 si
893 2578 1011 2666 placet,
1030 2580 1088 2647 Gr.
1109 2599 1178 2668 pag.
1199 2581 1255 2646 tt.
1274 2583 1310 2658 1,
1329 2592 1360 2649 et

178 2708 216 2776 de
233 2729 292 2776 usu
307 2707 438 2775 Articuli
464 2726 536 2773 cum
561 2704 739 2772 nominibus
763 2703 979 2792 geographicis
994 2704 1061 2793 (την
1078 2706 1146 2790 Κῶ)
1165 2705 1282 2773 videsis
1300 2706 1361 2782 ibi·¹

177 2828 260 2911 dem,
280 2850 348 2918 pag.
371 2832 446 2898 105.
464 2831 498 2894 7.
517 2865 561 2877 -
578 2827 723 2916 Παταρα,
748 2848 842 2916 apuu,
866 2851 918 2892 τα.
936 2865 980 2874 -
998 2828 1157 2916 Διαπερῶν
1181 2830 1358 2896 Praesentis

175 2953 340 3042 Temporis
353 2951 555 3039 Participium
569 2950 687 3018 reddidi
704 2952 768 3015 iam
786 2954 853 3016 iam
870 2954 1097 3030 trecasinorum,
1113 2950 1151 3018 de
1164 2971 1226 3038 qua
1238 2953 1267 3018 vi
1281 2954 1357 3020 Par·

176 3076 274 3166 tioipii
291 3074 466 3142 Praesentis
482 3073 597 3140 videsis
613 3076 671 3143 Gr.
691 3094 760 3163 pag.
781 3075 859 3141 574.
880 3075 912 3141 11.

220 3199 405 3289 Antipatreia
421 3221 451 3260 τι
467 3219 524 3261 run
537 3207 584 3263 est
599 3201 804 3282 manifestare
822 3200 945 3282 aliquid
961 3200 1074 3265 ott’cut'.
1090 3200 1209 3266 Passiv.
1225 3223 1356 3292 αναφαι-

176 3345 281 3410 νομαι,
299 3326 487 3408 manifestus
510 3325 641 3404 reddor,
659 3323 749 3389 cuius
773 3322 826 3389 hic
842 3321 954 3408 legitur
971 3323 1120 3411 Particip.
1138 3325 1217 3390 Aur.
1237 3347 1356 3414 αναφα.

175 3470 281 3524 νεντες,
296 3447 379 3536 quod
395 3447 585 3514 construitur
602 3465 673 3513 oum
687 3447 871 3513 Accusativo
887 3447 931 3512 nei
948 3470 956 3511 ε
972 3470 1024 3519 την
1041 3448 1177 3536 Kampos.
1197 3450 1353 3533 Quocirca

175 3571 307 3640 notanda
331 3583 376 3638 est
401 3572 504 3660 regula
521 3570 598 3639 haec
616 3594 624 3636 t
645 3569 749 3638 Verba
766 3590 845 3659 quae
861 3580 913 3636 aut
928 3570 1074 3637 Dativum
1098 3580 1150 3636 aut
1172 3571 1352 3639 Genitivum

175 3692 288 3761 habent
304 3694 460 3760 Personae
472 3693 522 3783 (ut
538 3715 569 3759 v.
583 3714 614 3780 g.
630 3715 779 3756 πιστευειν
796 3714 873 3769 τινι,
892 3714 1067 3782 arapennem
1083 3715 1160 3770 τινι,
1179 3712 1352 3782 κατηγορειν

174 3817 280 3904 τινος),
299 3815 324 3883 si
341 3817 467 3883 Passive
491 3825 729 3894 construantur,
748 3815 877 3881 vertitur
894 3812 946 3879 ille
962 3813 1092 3879 Dativus
1116 3823 1169 3878 aut
1191 3813 1353 3880 Genitivus

179 3941 337 4006 Personae
354 3939 384 4005 in
401 3939 632 4005 Nominativnm
649 3950 678 4003 et
696 3935 730 4004 fit
744 3936 829 4004 verbi
848 3935 968 4001 Passivi
988 3934 1186 4015 Subiectum,
1212 3947 1353 4001 manente

177 4149 346 4161 -——

209 4281 228 4349 ¹)
245 4281 310 4333 Vnn.
329 4295 400 4332 narr.
417 4280 467 4333 Pro
486 4264 676 4350 κατηχθημεν
700 4290 740 4340 ese
784 4278 911 4331 exhibent
928 4291 1034 4345 quoque
1045 4277 1155 4341 Vulgata
1171 4280 1198 4328 et
1210 4275 1350 4329 nonnullae

174 4354 359 4443 κατηλθομεν
381 4372 409 4422 in
426 4368 507 4422 codd.
528 4369 608 4431 ΑΒΕ,
624 4372 651 4421 et
668 4382 740 4421 non·
785 4361 850 4413 aliae
861 4375 893 4412 ex
905 4360 1022 4426 antiquis
1034 4358 1206 4412 versionibus.

174 4453 254 4506 nullis
273 4453 433 4507 Minuscnlis.
455 4451 579 4504 Eomdem
602 4451 738 4503 lectionem
