3074 5054
188 376 252 444 lot
523 374 658 445 AC'l'US
688 372 1021 453 apostoloruum,

184 568 257 636 hant
272 567 514 635 commovendos
532 565 681 646 ludaeoS,
699 566 781 633 utin
805 564 996 655 Stephanum
1019 566 1214 654 insurgerent
1229 586 1366 656 eumque

184 691 274 758 morti
297 690 463 758 traderent.
482 691 548 757 Nec
571 689 765 779 Stephanus,
784 711 843 757 nec
863 690 1003 780 Apostoli
1028 689 1105 758 haec
1126 690 1363 779 praedicabant,

183 814 323 903 quamvis
349 833 436 894 vera;
465 813 537 903 quia
565 833 626 879 non
655 825 720 880 erat
748 824 978 903 opportunum,
1008 834 1066 881 nec
1094 812 1263 901 expediens
1291 814 1365 880 talia

183 937 382 1027 praedicare,
397 957 454 1004 nec
469 957 544 1004 vero
560 937 783 1004 necessarium.
802 938 871 1004 Non
896 948 1104 1026 opportunum
1122 957 1178 1003 nec
1194 937 1366 1026 expediens

184 1072 311 1151 propter
323 1062 470 1139 ludaeos,
489 1082 623 1150 quorum
647 1061 736 1130 multi
756 1061 945 1130 crediderint
960 1062 991 1128 in
1008 1061 1168 1128 Christum
1184 1061 1223 1129 ad
1240 1061 1366 1150 praedi-

184 1187 337 1254 cationem
353 1185 592 1274 Apostolorum,
607 1206 668 1252 non
685 1186 853 1263 credituri,
872 1186 898 1252 si
916 1185 993 1252 haec
1017 1184 1148 1252 fuissent
1164 1187 1208 1252 eis
1230 1186 1362 1273 ingesta.

182 1311 252 1378 Non
280 1310 490 1376 necessarium
518 1308 621 1377 adhuc
650 1329 707 1398 pro
735 1309 789 1376 illo
817 1321 975 1398 tempore,
1006 1309 1079 1398 quia
1102 1309 1170 1376 sine
1197 1308 1364 1398 dispendio

183 1433 291 1501 salutis
308 1452 417 1500 eorum
441 1442 583 1521 poterant
603 1432 681 1500 haec
701 1435 796 1501 taceri
819 1434 857 1501 ad
882 1446 1021 1523 tempus,
1040 1434 1133 1501 modo
1150 1455 1237 1523 spem
1254 1434 1365 1502 salutis

184 1578 245 1624 non
269 1556 300 1622 in
324 1555 510 1622 ceremoniis
533 1557 697 1636 MosaiciS,
712 1556 766 1624 sed
790 1558 822 1622 in
839 1556 963 1652 Christo
983 1559 1183 1626 collocarent.
1201 1561 1248 1626 Ac
1265 1559 1364 1627 multo

155 1663 157 1667 ’
184 1681 285 1747 minus
307 1690 372 1746 erat
394 1680 603 1747 necessarium
628 1681 691 1748 illis
713 1681 915 1761 annuntiare,
935 1681 1018 1770 quod
1039 1684 1127 1749 lesus
1149 1683 1251 1748 locum
1274 1681 1364 1749 illum

184 1815 265 1872 esset
289 1804 517 1871 destructurus.
544 1806 585 1871 Et
610 1814 731 1872 constat
755 1825 793 1871 ex
819 1805 904 1871 Actis
930 1776 1170 1894 Apostolorum,
1195 1806 1366 1895 Apostolos

182 1929 254 1996 talia
271 1949 332 1994 non
349 1926 557 2016 praedicasse.
577 1955 590 1986 »ι
615 1928 720 1994 Estius
737 1927 768 1995 in
786 1928 847 1996 loc.
867 1911 963 1996 dissic.
981 1928 1020 1995 ad
1037 1927 1070 1995 h.
1089 1929 1110 1994 l.

227 2177 282 2242 lt.
309 2176 354 2240 Et
377 2177 536 2241 intimatas
560 2194 631 2240 eum
654 2195 782 2258 omnes,
809 2172 900 2262 etc).
919 2175 965 2240 Et
986 2194 1076 2254 cram,
1094 2174 1290 2241 accusatione
1306 2194 1364 2242 au·

179 2300 260 2381 dita,
278 2300 409 2380 iudiceS,
428 2321 600 2366 assensores
618 2301 773 2385 Synedria'
788 2321 894 2365 omncs
911 2299 1054 2387 (ἅπαντες
1077 2303 1105 2362 οἱ
1125 2300 1316 2385 καθεζομενοι
1333 2323 1363 2363 εν

179 2451 222 2512 τῳ
250 2420 423 2514 συνεδριῳ),
449 2425 573 2491 intentis
591 2425 690 2491 oculis
712 2434 890 2491 accusatum
918 2424 1112 2490 intuerentur
1141 2421 1360 2511 (ατενισαντες.

181 2549 262 2618 Vide
289 2568 385 2638 supra
411 2547 449 2616 ad
473 2550 550 2638 Cap.
572 2551 613 2616 l:
641 2548 712 2638 lo),
737 2548 882 2616 videbant
908 2548 1028 2614 vultum
1056 2547 1122 2613 eius
1152 2545 1242 2612 talem
1271 2565 1361 2627 esse,

179 2675 280 2762 qualis
308 2695 378 2742 esse
405 2675 484 2742 solet
507 2674 686 2763 angelorum
714 2674 835 2750 vultuS,
863 2672 985 2761 quando
1013 2670 1065 2752 hi,
1095 2670 1232 2759 speciem
1260 2667 1361 2736 induti

179 2800 364 2882 humanam,
395 2811 555 2890 apparent.
593 2830 606 2859 t
635 2802 842 2866 Abnndootrc
870 2801 992 2882 cordis,
1023 2797 1124 2886 inquit
1155 2797 1189 2864 S.
1219 2796 1361 2864 Hilarius

178 2924 369 2991 Arelatensis
386 2922 492 3005 (llom.
513 2924 550 2991 de
567 2923 600 2990 S.
620 2922 794 3013 Stephano,
812 2922 894 3011 apud
910 2924 1005 2988 Corn.
1024 2941 1041 2988 a
1058 2919 1175 3009 Lapide
1187 2919 1236 2986 ad.
1253 2917 1285 2985 h.
1301 2919 1358 3008 l.),

178 3050 355 3114 transierat
378 3051 413 3112 io
436 3050 529 3114 decos
553 3051 714 3132 corporis,
734 3060 764 3113 et
783 3049 929 3132 insaniei
945 3042 1219 3129 pulchritudinem
1239 3045 1361 3108 condor

176 3174 386 3258 splendorque
403 3176 505 3238 animi
521 3175 736 3254 accomodaret,
755 3195 792 3238 oc
812 3174 993 3238 (abscondito
1011 3173 1150 3255 pectoris
1162 3177 1361 3234 'or'nomento

174 3299 335 3380 speculum
351 3299 468 3381 frontis
490 3300 693 3364 irradiabant
698 3349 711 3382 ,
730 3309 824 3382 utque
848 3318 918 3362 cunc
941 3298 1068 3362 haberet
1090 3299 1124 3360 in
1143 3317 1174 3359 oe
1194 3295 1360 3378 Spiritum

175 3421 347 3504 Sanctum,
377 3444 410 3487 os
435 3443 515 3505 proc
542 3445 574 3487 se
605 3423 745 3506 pertubat
776 3424 962 3505 appeticum.
989 3450 1002 3479 »
1030 3420 1092 3487 Sed
1119 3418 1276 3507 angelicus
1304 3417 1359 3484 ille
1404 3419 1405 3422 ’

176 3543 281 3624 decor,
312 3545 365 3633 qui
393 3545 589 3612 sanctissimo
617 3546 684 3612 viro
712 3544 859 3612 divinitus
887 3545 1003 3624 inerat,
1034 3542 1193 3610 induratos
1222 3542 1357 3609 istorum

174 3668 295 3736 animos
311 3667 390 3734 nihil
410 3680 525 3736 movet.
