3074 5054
490 383 629 451 CAPUT
663 384 811 464 xxvii,
850 384 971 454 VERS.
1012 387 1042 452 l.
1286 387 1350 454 567

309 655 485 733 CAPUT
538 653 854 732 VIGESlMUM
907 655 1207 734 SEPTIMUM.

173 839 366 891 locuunnrun.
392 835 488 889 Paulus
507 836 560 889 und
580 849 640 889 cnm
660 835 718 888 aliis
737 833 847 902 captivis
867 833 998 886 custodiae
1018 833 1180 886 centurionis
1199 834 1352 901 cuiusdam,

203 921 309 974 nomine
323 919 394 983 tulii,
413 919 524 971 traditus
536 923 564 971 ut
577 919 683 983 naviget
698 919 725 969 in
744 917 854 981 ltaliam,
874 930 968 968 navem
987 916 1186 968 Adrumetinem
1206 917 1351 982 adscendit,

203 1001 390 1055 comitantibus
402 1014 463 1052 enm
476 1000 545 1052 Luca
557 1003 584 1052 et
595 998 753 1052 Aristarcho.
771 998 884 1052 solvunt
895 997 1030 1060 Caesarei,
1043 1000 1070 1050 et
1081 998 1205 1064 postridie
1217 999 1355 1066 appellunt

204 1085 345 1147 Sidonem;
368 1084 412 1136 ubi
433 1083 513 1135 Panlo
533 1083 695 1150 permittitur
707 1086 843 1135 utnavem
854 1095 974 1147 egressus
994 1081 1091 1133 invisat
1110 1080 1284 1147 Christianos,
1306 1083 1351 1150 qui

203 1169 300 1222 Sidone
319 1172 554 1231 commorarentur,
575 1182 613 1218 vs.
636 1167 710 1218 t-3.
729 1166 827 1219 Sidone
848 1166 974 1232 provecti,
994 1166 1081 1218 littora
1101 1164 1179 1232 Cypri
1200 1165 1233 1218 ad
1252 1165 1352 1218 laevem

202 1252 414 1319 praeterlegunt;
436 1255 516 1319 atque
535 1252 587 1313 ite,
610 1251 717 1303 traiecto
737 1249 885 1316 mariquod
898 1249 1014 1301 Ciliciam
1027 1251 1054 1302 et
1066 1247 1246 1315 Pamphyliam
1261 1249 1352 1313 alluit,

203 1337 362 1403 perveniunt
372 1335 487 1400 olyran,
508 1335 600 1388 urbem
614 1335 706 1400 Lyciae
719 1334 887 1397 maritimam,
900 1347 938 1384 vs.
953 1332 1027 1384 4-5.
1043 1333 1082 1384 lbi
1094 1333 1218 1386 adscensu
1234 1334 1353 1386 oneraria

203 1421 316 1488 quedem
336 1420 397 1471 navi
418 1418 609 1481 Alexandrina,
632 1418 738 1485 quaein
753 1417 853 1469 ltaliam
873 1415 1012 1480 tendebat,
1034 1415 1108 1481 Myra
1123 1416 1244 1479 solvunt,
1257 1419 1354 1483 etpost

202 1503 302 1555 tardam
316 1503 459 1555 multorum
475 1501 578 1553 dierum
596 1501 791 1565 navigationem
804 1499 965 1566 perveniunt
977 1499 1005 1550 in
1017 1498 1104 1551 locum
1122 1500 1252 1566 aliquem,
1273 1513 1352 1567 quem

202 1587 383 1652 Bucosportus
394 1588 497 1638 vocant.
512 1585 551 1636 lbi
568 1584 678 1647 Paulus,
698 1598 782 1650 quum
800 1585 852 1636 iem
870 1587 975 1650 tempus
992 1583 1074 1635 clausi
1091 1584 1171 1635 maris
1187 1583 1351 1647 advenisset,

202 1673 292 1721 auctor
305 1669 337 1719 iis
348 1670 397 1732 esi,
410 1672 439 1720 nt
451 1681 466 1719 a
479 1667 627 1733 navigando
639 1667 781 1729 desistant;
794 1679 898 1728 verum,
908 1666 1026 1731 neglecto
1039 1666 1162 1732 prudenti
1175 1664 1224 1718 hoc
1235 1665 1351 1728 consilio,

202 1751 348 1804 decernunt
360 1749 492 1802 hiemandi
503 1763 581 1802 causa
593 1753 682 1816 petere
694 1750 865 1812 Phoenicem,
878 1750 924 1815 qni
937 1753 1029 1816 portus
1040 1753 1081 1801 est
1092 1751 1119 1800 in
1132 1750 1247 1802 Australi
1266 1750 1352 1802 littore

202 1834 293 1886 Cretae
304 1834 380 1896 situs,
393 1848 432 1885 vs.
445 1834 537 1884 6-te.
552 1833 603 1886 Sed
616 1833 665 1886 hoc
682 1831 749 1885 male
769 1832 821 1884 illis
840 1832 926 1888 cedit:
947 1846 1023 1896 nam,
1045 1846 1107 1886 mox
1127 1836 1183 1885 orta
1202 1832 1352 1886 vehementi

203 1921 370 1984 tempestate,
399 1918 472 1970 brevi
493 1916 524 1970 eo
546 1918 712 1982 rediguntur,
734 1919 764 1968 nt
785 1916 837 1968 iam
859 1916 945 1967 omnis
964 1929 1024 1982 spes
1045 1916 1136 1969 salutis
1155 1917 1191 1968 iis
1207 1917 1351 1980 auleratur,

201 2014 241 2051 vs.
255 2000 345 2051 te-eo.
359 1999 396 2050 lbi
409 1998 505 2050 Paulos
518 2002 629 2051 moestos
641 1999 728 2063 erigit,
741 1998 866 2065 iubetque
876 1997 947 2049 bono
959 2003 1015 2049 esse
1028 1999 1132 2060 enimo;
1149 1999 1215 2051 scire
1226 1999 1296 2051 enim
1308 2013 1351 2062 se,

202 2082 300 2148 quippe
313 2095 367 2133 rem
379 2081 507 2133 divinitus
518 2080 561 2133 illa
573 2084 649 2133 nocte
660 2080 797 2143 edoctum,
810 2080 927 2132 loturam
939 2080 1046 2147 quidem
1059 2094 1114 2133 esse
1128 2081 1255 2134 iacturam
1266 2083 1350 2145 navis,

201 2167 317 2216 ceterum
334 2164 467 2215 neminem
484 2164 648 2230 periturnm;
669 2166 789 2228 oportere
807 2165 895 2214 autem
909 2165 939 2213 ut
953 2163 980 2212 in
992 2162 1109 2215 insulam
1123 2163 1264 2230 quamdam
1276 2164 1351 2217 eiici-

201 2249 289 2307 antur,
302 2260 340 2297 vs.
354 2247 461 2297 il-ud.
483 2246 550 2310 Ergo
571 2249 629 2310 post
649 2244 792 2296 multorum
813 2243 915 2295 dierum
937 2245 1181 2310 periculosissimam
1203 2247 1351 2312 navigatio·

202 2343 272 2391 nem,
285 2329 351 2380 iacta
362 2331 440 2381 noctu
452 2327 548 2388 bolide,
562 2326 789 2388 animadvertunt,
804 2340 846 2388 se,
859 2327 1081 2392 quemadmodum
1093 2327 1197 2379 luerent
1212 2329 1349 2395 suspicati,

202 2425 255 2464 uon
267 2410 357 2478 procul
369 2424 384 2462 a
396 2415 464 2463 terra
482 2410 587 2472 abesse3
611 2423 702 2476 quere,
715 2422 749 2460 ne
759 2409 826 2461 lorte
843 2408 989 2461 inciderent
999 2409 1027 2461 in
1040 2409 1095 2463 loca
1108 2423 1213 2474 saxosa,
1232 2411 1305 2464 lectis
1318 2411 1350 2464 de

201 2498 284 2564 puppi
305 2497 407 2548 ancoris
426 2499 549 2562 quatuor,
572 2495 641 2547 diem
662 2493 765 2546 solliciti
785 2493 988 2560 praestolantur,
1011 2509 1050 2546 vs.
1063 2496 1171 2547 et-ee.
1195 2497 1232 2548 lbi
1254 2497 1350 2549 Paulus

202 2586 341 2634 nautarum
354 2581 492 2649 perfidiam
504 2581 645 2648 quamdam
658 2580 765 2644 detegit,
778 2592 889 2646 eamque
901 2577 1033 2646 prohibet,
1045 2595 1084 2632 vs.
1098 2581 1205 2633 30-32.
1226 2583 1350 2636 Hortatur

199 2665 389 2717 omnescibnm
402 2665 563 2730 utcapiant;
587 2678 665 2731 quem
689 2663 809 2730 exemplo
830 2668 1001 2730 praeeuntem
1020 2667 1178 2731 sequuntur,
1199 2666 1350 2734 expletique

199 2748 271 2811 cibo,
292 2761 435 2811 annonem,
453 2747 486 2799 ad
504 2745 692 2798 sublevandam
705 2747 804 2807 navim,
818 2745 844 2796 in
858 2758 929 2797 mare
940 2746 1092 2811 proliciunt,
1106 2761 1144 2798 ve.
1160 2747 1250 2800 33-38.
1273 2749 1349 2803 Mane

199 2831 276 2894 lecto,
289 2831 416 2895 navigant
433 2831 466 2882 ad
485 2831 634 2896 proximum
652 2830 741 2893 illiue,
759 2829 804 2881 sed
822 2829 908 2895 illapsi
925 2842 978 2882 non
996 2830 1114 2896 procula
1132 2831 1244 2883 terrain
1264 2832 1349 2885 locum

199 2925 354 2973 arenosum,
376 2911 526 2973 illiduntur,
549 2910 628 2976 idque
647 2911 683 2962 ito
701 2913 730 2962 ut
746 2909 820 2961 brevi
832 2910 858 2960 vi
870 2910 998 2962 flnctuum
1016 2910 1160 2975 frangenda
1177 2915 1245 2963 essct
1260 2913 1349 2976 navis,

198 3014 237 3050 vs.
252 2999 360 3050 39-ll.
373 2998 468 3053 Milites
480 3011 541 3062 ergo
554 2998 670 3063 captivos
684 3009 759 3059 snus,
780 3009 814 3049 ne
827 2996 940 3048 natando
952 2996 1094 3061 effugiant,
1112 2997 1228 3049 occidere
1242 2997 1348 3061 volunt,
1452 2981 1455 2989 ’

199 3081 243 3134 sed
257 3095 311 3133 rem
326 3080 447 3147 prohihet
458 3080 591 3132 Centurio.
614 3080 734 3146 Denique
752 3092 813 3146 pars
830 3079 961 3143 natando,
981 3093 1042 3146 pars
1059 3079 1154 3132 tabulis
1172 3079 1348 3143 inhaerendo,

199 3163 342 3216 incolumes
354 3163 470 3215 evadunt
481 3177 572 3215 omnes
585 3163 612 3213 in
626 3166 733 3224 terram,
747 3176 786 3214 vs.
801 3160 907 3213 dt-ll.

214 3317 244 3383 l.
275 3316 316 3380 tlt
331 3326 436 3379 nutem
458 3315 632 3379 iudicatum
651 3323 713 3397 est,
739 3318 828 3401 etc).
847 3312 953 3401 Pergit
969 3313 1087 3392 Lucae,
1106 3332 1210 3380 comes
1228 3313 1316 3380 Pauli
1337 3339 1346 3381 :

167 3440 274 3518 Ouum
295 3450 418 3518 nutem,
443 3436 562 3524 inquit,
585 3439 744 3502 decretum
765 3447 845 3504 esset
865 3434 989 3527 (εκριθη.
1017 3434 1293 3526 impersonaliter),
1312 3447 1349 3504 ot

166 3565 388 3646 rauoiqcremus
412 3565 476 3647 (roo
496 3557 645 3624 αποπλειν
664 3559 772 3646 ripae,
793 3557 845 3626 det
865 3558 918 3646 wij
935 3559 1055 3626 zouden
1077 3558 1213 3639 elvaren)
1229 3564 1264 3628 r'u
1279 3564 1348 3629 Ita·
1388 3595 1391 3605 ·

166 3689 242 3752 tiam
272 3684 312 3752 ed
338 3686 520 3763 Caesarem,
559 3684 725 3751 trudebant
760 3679 965 3775 (παρεὸιδουν.
1007 3682 1273 3772 impersonaliter,
1313 3694 1349 3752 ut

165 3811 264 3876 Marc.
282 3808 314 3875 X
330 3831 337 3873 :
355 3804 406 3886 15)
420 3819 450 3874 et
465 3809 602 3874 Potitum
618 3818 648 3872 ct
666 3810 747 3874 alios
760 3809 909 3892 quosdam
921 3810 1042 3873 vinctos
1056 3804 1119 3884 (και
1135 3829 1219 3881 τινας
1232 3803 1346 3899 {repone

165 3927 339 4020 δεσμωτας)
366 3933 545 3998 centurioni
567 3934 713 4011 cuidam,
743 3933 870 3997 nomine
893 3932 997 4010 Iulio,
1026 3931 1161 3996 cohortis
1187 3931 1348 4014 Auqrrstae

165 4057 304 4145 (σπειρης
320 4050 500 4141 dedecoros),
519 4055 541 4122 i.
561 4075 590 4122 e.
610 4056 663 4145 qui
680 4054 718 4122 ed
735 4053 894 4123 cohortem
911 4056 1081 4143 Angustam
1099 4053 1284 4143 pertinebat.

209 4180 269 4242 Teo
291 4176 440 4243 αποπλειν
460 4179 635 4246 infinitivus
655 4181 733 4262 linis
751 4189 820 4259 est3‘
836 4178 913 4246 ratio
934 4177 1058 4268 quidem
1074 4178 1153 4261 finis
1174 4176 1278 4245 minus
1294 4176 1346 4245 hic

200 4441 218 4506 ¹)
242 4443 305 4495 Vln.
319 4454 389 4490 neor.
404 4440 454 4493 Pro
471 4425 551 4511 ἡμᾶς
568 4440 662 4505 legitur
680 4449 785 4506 αυτον,
803 4443 849 4494 sed
861 4444 965 4494 tantum
977 4441 1046 4493 iuter
1055 4438 1178 4494 lectiones
1186 4440 1341 4494 Velesianas.
