3074 5054
175 391 242 459 288
516 389 650 458 ACTUS
679 390 1012 471 APOSTOLORUM,

174 583 239 645 r'oru
268 583 303 646 iu
330 582 461 645 caritate
488 583 695 666 comperisse,
727 581 760 649 id
787 593 850 663 est,
877 580 1047 648 manifestis
1074 580 1264 669 argumentis
1292 592 1355 645 tam

176 705 272 773 factae
288 706 347 773 sibi
372 705 586 786 revelationis,
606 728 698 796 quam
715 709 812 776 laetae
828 709 973 776 Cornelio
990 708 1192 797 Evangelioae
1215 707 1358 775 admoni-

175 830 286 910 tionis,
316 829 577 919 deprehendisse,
607 832 691 922 quod
712 833 750 901 ad
774 835 822 902 sui
839 834 973 902 nominis
989 833 1105 902 cultum
1124 845 1153 900 et
1169 832 1207 900 ad
1223 833 1355 921 gratiam

176 974 237 1021 non
254 955 337 1022 solos
363 954 494 1022 ludaeos
518 956 611 1023 veluti
637 978 785 1047 personas
809 958 1006 1046 singulariter
1030 959 1144 1026 electas
1162 959 1249 1025 Deus
1265 977 1360 1024 voca·

178 1091 267 1147 turus
283 1091 367 1160 erat;
381 1079 436 1148 sed
452 1092 575 1162 contra,
593 1085 676 1167 quod
692 1106 730 1148 eac
746 1086 834 1151 omui
843 1095 934 1168 pente
951 1095 981 1148 et
997 1083 1127 1172 populo,
1145 1083 1211 1148 sive
1227 1081 1358 1162 Iudaeo,

179 1204 244 1270 sire
260 1205 397 1285 Graeco,
415 1208 600 1291 quicumque
616 1210 728 1273 timent
744 1209 843 1273 Deum
866 1219 895 1273 et
918 1220 1093 1293 operaretur
1109 1209 1282 1287 iustitium,
1307 1228 1362 1272 ac-

181 1333 261 1413 cepti
280 1341 355 1396 suut
379 1332 450 1410 illi,-
466 1329 498 1398 id
522 1341 587 1411 est,
611 1331 674 1419 epti
700 1343 730 1399 et
753 1330 855 1399 idonei
880 1341 952 1398 sunt
975 1331 1013 1399 ad
1029 1331 1218 1437 peneficium
1242 1330 1362 1418 gratiae

179 1451 293 1520 Christi
312 1453 564 1543 percipiendum,
584 1452 726 1522 videlicet
742 1455 956 1523 remissionem
973 1466 1189 1545 peccatorum,
1207 1452 1362 1521 iustifica-

181 1576 314 1658 tionem,
332 1588 362 1644 et
377 1577 519 1645 salutem.
545 1579 721 1648 Notandum
738 1590 840 1647 antem
865 1579 947 1669 quod
965 1579 1026 1648 duo
1043 1579 1125 1647 dicat
1144 1603 1151 1646 :
1170 1580 1275 1646 Unum
1292 1590 1362 1658 est,

179 1722 239 1769 non
264 1723 332 1770 esse
359 1704 463 1771 Deum
491 1724 694 1792 personarum
714 1716 929 1794 acceptorem,
948 1705 1020 1794 quia
1041 1716 1102 1773 tam
1125 1706 1240 1774 Gentes
1265 1723 1363 1792 quam

179 1824 309 1893 ludaeos
321 1826 360 1894 ad
376 1828 507 1895 salutem
519 1839 626 1910 vocat;
645 1829 777 1897 alterum
794 1839 857 1910 est,
872 1849 924 1896 eos
936 1829 1040 1896 vocari
1053 1831 1110 1914 qui
1126 1830 1240 1896 timeret
1254 1830 1365 1894 Deum

179 1961 208 2015 et
223 1962 399 2034 operantur
421 1954 597 2036 iristitiam5
611 1951 695 2041 quod
711 1973 772 2020 non
789 1964 836 2020 est
851 1953 897 2020 sio
917 1951 1170 2040 intelligendum,
1189 1952 1278 2041 quasi
1297 1972 1363 2018 non

181 2073 257 2141 alios
281 2086 386 2155 vocet,
412 2095 507 2164 quum
525 2076 678 2142 innumeri
704 2087 883 2165 peccatores
905 2075 1058 2164 flagitiosiw
1072 2086 1102 2142 ει
1124 2074 1287 2155 scelerati,
1307 2075 1366 2162 qui

182 2218 240 2265 nec
263 2198 366 2266 Deum
394 2211 464 2266 ante
488 2199 676 2278 timuerunt,
699 2220 757 2267 nec
777 2200 870 2267 ullam
895 2200 1011 2289 operati
1033 2211 1105 2267 sunt
1128 2199 1294 2279 iustitiam,
1325 2218 1369 2265 ex

182 2342 260 2411 pura
282 2324 341 2391 Dei
368 2324 579 2393 misericordia
599 2324 783 2393 adsalutem
807 2336 974 2403 vocentur3
993 2344 1094 2412 neque
1118 2323 1164 2391 sio
1188 2321 1370 2409 intelligen-

182 2447 275 2526 dum,
294 2450 381 2538 quasi
403 2449 545 2517 timentes
573 2450 676 2517 Deum
698 2461 728 2517 et
752 2450 897 2517 iustitiam
921 2459 1100 2537 operantes,
1125 2446 1172 2513 vel
1194 2467 1233 2514 ex
1252 2466 1369 2513 eorum

183 2551 293 2640 merito
316 2583 479 2650 vocentur,
498 2572 545 2639 rel
561 2573 629 2640 sine
645 2573 706 2641 fide
730 2585 760 2641 et
783 2573 910 2663 speciali
935 2572 994 2639 Dei
1011 2571 1107 2659 gratia
1130 2571 1233 2637 Deum
1250 2569 1370 2636 timue-

184 2708 257 2764 runt
269 2717 305 2764 ac
316 2697 464 2763 iustitiam
477 2698 595 2785 operati
613 2696 756 2780 fuerunt;
772 2698 827 2767 sed
840 2697 1007 2766 observans
1019 2698 1129 2763 Petrus
1146 2694 1206 2762 duo
1224 2719 1232 2761 ε
1250 2713 1370 2775 unum,

185 2820 289 2887 vocari
314 2820 431 2887 Gentes
453 2818 492 2886 ad
513 2818 625 2899 fidem,
651 2822 801 2903 alterum,
819 2823 922 2890 vocari
944 2822 1038 2889 istum
1062 2819 1241 2887 Cornelium
1262 2817 1372 2886 homi-

186 2963 257 3010 nem
279 2943 436 3009 timentem
452 2944 572 3023 Deum,
598 2956 629 3012 et
652 2959 829 3035 operantem
852 2946 1015 3024 iustitiam3
1034 2955 1201 3032 utrumque
1226 2962 1372 3031 pronun-

186 3067 264 3149 ciat,
282 3065 371 3156 prius
388 3067 474 3155 quasi
491 3088 564 3136 cum
587 3067 791 3137 admiratione
814 3082 844 3137 et
866 3068 905 3137 ad
929 3069 1163 3140 instructionem
1179 3065 1371 3134 ludaeorum

183 3191 389 3271 adstantium,
408 3192 561 3281 posterius
577 3214 635 3282 per
650 3192 778 3262 modum
795 3193 1031 3262 exhortationis.
1050 3220 1064 3252 κ

231 3438 376 3506 56-38.
404 3439 538 3506 Verbum
560 3443 653 3508 arrisit
678 3441 764 3506 Deus
790 3442 871 3524 liliis
898 3440 1021 3519 Israel,
1050 3434 1140 3523 ειε.)Ι
1175 3436 1298 3504 Graeca
1322 3435 1371 3502 sio

186 3563 254 3651 lego
274 3588 281 3629 :
299 3585 349 3626 τον
375 3560 482 3652 λογον,
500 3562 544 3629 δι’
559 3563 759 3632 απεστειλε...
782 3590 815 3630 το
836 3585 994 3656 panepenna
1019 3585 1144 3653 ρημα...
1167 3556 1369 3650 αρξαμενοιΰ,

183 3702 243 3759 ειε.
264 3730 308 3740 -
330 3691 418 3777 Quae
442 3712 488 3759 vs
509 3694 642 3760 56-58
670 3692 829 3774 dicuntur,
858 3690 1000 3759 habenda
1027 3699 1099 3756 sunt
1123 3700 1280 3776 tamquam
1305 3708 1372 3756 una

183 3815 344 3904 periodus.
370 3816 476 3886 Verba
498 3816 561 3906 (vs.
587 3818 642 3904 56)
667 3815 745 3884 haec
764 3842 771 3884 :
790 3818 876 3891 οὗτος
900 3840 964 3881 εστι
987 3837 1108 3879 παντων
1136 3814 1267 3903 Kapros,
1295 3831 1369 3879 oum

189 3983 384 3993 ..—.....-

216 4086 235 4151 1)
252 4087 317 4139 Vna.
331 4101 402 4138 naor.
419 4085 515 4138 Vocula
534 4074 565 4133 ὃν
581 4089 636 4131 non
654 4076 749 4141 legitur
794 4084 910 4152 postulat
939 4083 1065 4148 Syntaxis
1102 4097 1108 4133 :
1144 4092 1179 4132 τε
1208 4088 1370 4156 perceperas

182 4167 210 4220 in
219 4167 302 4221 ABG*
314 4182 362 4221 nee
371 4169 399 4220 in
409 4169 495 4220 Verss.
506 4167 615 4234 Captet
627 4164 747 4230 Vulgata.
796 4156 1104 4251 ρημα-αρξαμενον.
1124 4173 1219 4226 Noster
1236 4173 1371 4240 interpres

793 4266 858 4333 quid
874 4266 981 4332 legerit,
994 4270 1064 4319 certo
1085 4265 1136 4318 dici
1153 4264 1254 4330 nequit.
1269 4264 1371 4318 Vocula

216 4344 236 4411 ¹)
252 4345 302 4398 Pro
320 4332 488 4426 αρξαμενον
505 4349 600 4414 tegitur
616 4329 748 4432 ᾳρξαμε·
794 4341 876 4434 (pap)
889 4361 949 4426 post
962 4339 1235 4434 orpEorpeuoelegitur
1253 4353 1283 4405 in
1303 4353 1371 4408 cod.

183 4442 231 4494 νος
247 4442 275 4494 in
296 4441 376 4494 Codd·
398 4442 493 4494 AGDE·
514 4442 561 4494 Asi
580 4423 747 4516 ἀρξάμενον
794 4449 856 4512 ΑΙ),
869 4449 898 4500 in
910 4447 1020 4513 Vulgata
1033 4486 1040 4510 ,
1052 4449 1079 4500 et
1090 4445 1160 4513 apud
1172 4445 1323 4499 Irenaeum.
1333 4473 1368 4485 -
