3074 5054
496 399 633 466 CAPUT
667 397 764 476 xlx,
801 395 923 468 VERS.
960 396 1060 462 l—l.
1291 397 1355 464 tte

192 590 372 659 Reformatis
394 589 438 681 (l)
461 611 521 657 uon
547 591 653 680 pauoi,
674 589 872 666 affirmantes,
891 586 1063 653 Partioulae
1088 607 1142 671 pen
1166 584 1218 652 hio
1235 589 1296 675 (rs.
1319 585 1356 674 l)

191 714 374 805 respondere
397 715 582 782 Particulam
599 711 631 779 δε
648 714 705 796 (vs.
725 712 769 798 tt),
797 723 826 781 et
848 731 903 786 ea,
918 729 997 801 quae
1012 708 1133 778 duobus
1157 707 1244 775 hisee
1258 709 1356 776 versi-

190 842 263 910 eulis
280 842 488 922 eontinentur,
506 841 600 910 uerba
616 840 702 908 Pauli
724 861 791 908 esse
809 839 929 919 omuia;
948 847 982 904 ut
993 836 1069 905 adeo
1086 857 1124 904 ex
1140 836 1269 903 istorum
1286 856 1356 904 seu-

190 964 295 1043 tentia,
314 962 459 1053 Ephesiis
475 964 537 1032 illis
552 963 667 1032 Paulus
683 963 764 1032 dieat
783 988 790 1029 ε
809 964 946 1029 Ioaranes
968 983 1077 1038 aurona
1093 959 1171 1047 ipen)
1188 960 1358 1043 baptizavit

188 1087 335 1170 haptismo
352 1090 578 1171 pomitentine,
595 1089 712 1172 populo
731 1081 948 1171 praecipiens¹
967 1095 1001 1149 at
1016 1085 1178 1148 crederent
1194 1085 1229 1147 ia
1245 1082 1356 1149 Chris-

189 1222 250 1276 tnm
267 1212 394 1293 Iesnm;
409 1214 462 1278 iili
482 1234 555 1278 aero
579 1208 647 1295 (δε),
670 1215 727 1297 qni
747 1213 822 1276 haec
846 1210 1013 1276 audierant
1029 1217 1058 1271 et
1072 1208 1134 1290 lide
1150 1217 1352 1290 receperant,

187 1333 340 1418 baptizati
359 1347 432 1401 sant
453 1359 472 1402 a
494 1337 616 1402 Ioanne
639 1338 673 1401 in
698 1357 812 1401 nomen
832 1335 964 1399 Domini
983 1333 1084 1398 lesa¹.
1103 1332 1190 1417 Quae
1207 1329 1356 1420 interpre-

187 1455 256 1522 tatio
274 1464 321 1523 est
336 1455 517 1536 falsissima,
536 1467 599 1523 tam
617 1458 689 1545 quia
705 1467 812 1546 peceat
832 1456 863 1522 iu
885 1454 1144 1532 Grammatieam,
1162 1472 1258 1542 quum
1277 1453 1356 1519 sori-

188 1577 274 1645 hatur
295 1602 476 1655 ακουσαντες
497 1576 547 1659 de,
566 1602 626 1648 non
649 1602 722 1648 vero
743 1585 770 1644 oi
794 1577 826 1644 de
848 1601 1046 1675 ακουσανςες,
1066 1589 1129 1645 tum
1155 1579 1245 1644 etiam
1270 1577 1353 1666 quid

187 1713 221 1766 'ex
237 1719 272 1766 ea
288 1713 481 1789 sequeretur,
499 1708 652 1772 loannem
664 1706 838 1789 baptizasse
853 1708 888 1769 in
900 1724 1014 1769 nomen
1026 1704 1156 1768 Domini
1170 1703 1257 1780 lesn,
1272 1700 1354 1790 quod

187 1833 306 1911 praeter
332 1823 524 1892 Reformatos
552 1827 628 1894 istos
654 1847 745 1895 nemo
773 1846 921 1915 umquam
951 1825 1064 1894 dixerit
1092 1829 1140 1911 (et
1167 1827 1241 1891 veri)
1269 1824 1355 1891 loeu-

186 1947 225 2012 tio
242 1945 319 2014 haee
337 1967 345 2009 τ
363 1948 524 2032 baptizare
547 1955 581 2016 in
597 1974 710 2018 nomen
727 1954 860 2017 Domini
875 1954 966 2030 lesa,
985 1971 1076 2042 saepe
1092 1949 1194 2031 obvia,
1212 1950 1354 2039 nuspiam

185 2070 347 2138 adhibetur
368 2073 427 2139 nisi
449 2073 487 2140 ad
509 2075 744 2162 significandum
769 2076 953 2166 baptismata
969 2075 1092 2142 Christo
1113 2076 1248 2142 Domino
1269 2075 1355 2141 iusti·

185 2192 313 2279 tutum);
332 2204 397 2261 turn
410 2195 543 2285 denique
559 2198 642 2286 qudd
655 2218 693 2265 ex
705 2198 915 2288 pulcherrima
932 2199 983 2266 illa
1000 2199 1250 2288 interpretatione
1266 2200 1355 2266 etiam

185 2318 400 2398 conficeretur,
427 2319 510 2409 quod
534 2321 741 2411 Stapletonius
766 2324 936 2412 (Antidota
959 2322 997 2389 ad
1015 2323 1048 2390 h.
1067 2324 1104 2412 l.)
1123 2321 1354 2403 animadvertit,

188 2441 339 2531 Ephesios
360 2442 430 2511 illos
451 2445 535 2512 viros
560 2449 606 2512 his
632 2448 764 2514 luisses
786 2448 900 2514 loauue
923 2446 1111 2537 baptizatos;
1137 2466 1224 2525 nam,
1247 2467 1356 2514 seeun-

186 2564 258 2632 dum
283 2565 478 2635 reformatam
500 2569 583 2636 illam
608 2571 907 2660 interpretationem,
925 2573 1061 2662 Baptista
1083 2592 1160 2660 quos
1177 2570 1237 2637 iarn
1254 2575 1356 2655 bapti-

184 2697 310 2754 zaverat
327 2690 482 2772 baptismo
502 2695 709 2775 poenitentiae
732 2693 884 2760 monendo
908 2713 960 2760 eos
979 2705 1011 2760 ut
1026 2695 1056 2761 ia
1073 2693 1232 2760 Christum
1248 2705 1355 2760 ventu-

185 2829 251 2875 rum
278 2810 456 2892 crederent,
482 2814 539 2882 hos
561 2816 671 2884 iterum
700 2817 887 2902 baptizasset
907 2821 941 2883 in
966 2837 1080 2884 namen
1103 2819 1233 2884 Domini
1254 2819 1352 2883 lesos.

186 2945 354 2956 ——-

215 3017 233 3082 ¹)
251 3017 317 3072 Van.
329 3033 398 3070 uuor.
409 3020 495 3080 Quum
510 3020 537 3068 in
552 3019 661 3084 Vulgata
674 3019 746 3084 lega·
792 3022 890 3072 saudan
914 3022 943 3071 in
970 3019 1131 3086 detraherem,
1155 3020 1196 3070 die
1222 3032 1272 3069 naa
1298 3018 1355 3068 hem

184 3103 225 3149 tur
240 3100 406 3166 :baptizavit
425 3102 554 3166 baptismo
572 3101 747 3166 poenitentiae
792 3120 886 3172 qaam,
910 3107 957 3156 dat
984 3104 1020 3166 is,
1043 3104 1072 3155 ia
1100 3101 1232 3153 Christum
1258 3101 1353 3151 iesum.

183 3197 318 3247 roruuuu,
337 3200 440 3243 uranus,
453 3189 558 3250 putares
577 3185 746 3251 interpretem
791 3186 865 3239 Enete
883 3189 924 3238 die
938 3186 1011 3253 (hem)
1028 3185 1157 3241 hoesden,
1168 3184 1281 3235 wierdan
1292 3181 1356 3246 phe-

183 3270 299 3318 uostrum
307 3267 398 3333 legisse
409 3250 579 3338 εβαπτισε..
594 3277 644 3316 τον
658 3250 743 3332 laon,
791 3270 869 3334 doopt
881 3270 910 3320 in
921 3271 971 3320 den
982 3283 1059 3319 name
1070 3269 1115 3319 des
1130 3267 1230 3317 Haeren
1241 3265 1312 3316 lesa.
1327 3263 1354 3314 ln

184 3338 289 3432 λεγων.
308 3359 404 3409 Verum
415 3359 478 3410 haeo
488 3358 563 3410 lectio
576 3358 662 3421 nulla,
675 3358 744 3424 quod
792 3353 840 3406 hae
857 3367 918 3405 vero
933 3371 938 3406 :
954 3353 995 3404 En
1013 3353 1113 3404 Paulus
1130 3353 1223 3403 aeide:
1242 3351 1356 3401 ioannes

181 3439 273 3503 sciam,
294 3439 450 3492 Graecorum
470 3441 591 3493 Codicum
609 3445 655 3493 aut
673 3442 745 3492 anti·
789 3438 882 3502 doopte
902 3438 949 3488 wel
967 3439 1018 3488 dea
1043 3438 1111 3501 doop
1137 3438 1184 3486 der
1206 3433 1354 3499 heireerinp,

182 3536 294 3590 quarum
307 3526 455 3577 versionum
466 3527 618 3578 auctoritate
630 3526 743 3578 fulcitur.
790 3522 920 3586 zeppende
945 3527 982 3572 tot
1005 3519 1046 3570 het
1071 3518 1150 3571 ooth:
1168 3519 1222 3584 (dat
1246 3516 1280 3581 hy
1304 3517 1354 3567 heu

181 3606 315 3671 Ceterum,
344 3608 377 3659 ad
405 3623 510 3660 sensum
543 3610 613 3674 quod
642 3609 744 3671 attinet,
790 3601 892 3667 doopte)
910 3604 991 3666 opdat
1011 3616 1046 3667 zp
1062 3600 1187 3667 pelooven
1205 3601 1308 3649 zoaden
1326 3597 1355 3648 in

181 3686 277 3740 Graeca
294 3689 368 3741 lectio
387 3690 451 3741 nihil
469 3691 557 3742 differt
573 3705 587 3742 a
607 3691 706 3743 Latina.
789 3685 924 3750 delineata
935 3685 976 3734 die
993 3698 1030 3734 na
1041 3683 1098 3734 hem
1110 3681 1267 3742 immiti
1281 3682 1313 3742 58,
1326 3681 1355 3730 ili

214 3772 233 3836 ⁹)
251 3772 400 3839 Scripturas
410 3773 496 3836 loeus,
509 3773 541 3825 de
558 3788 610 3839 quo
628 3773 670 3826 hic
685 3775 744 3840 agi·
790 3769 911 3820 Christos
924 3770 1008 3820 Jesns.
1023 3767 1064 3834 Zp
1077 3765 1260 3830 dan,diehem
1273 3765 1354 3815 hoor-

181 3870 257 3919 mus,
271 3854 334 3908 lalsd
345 3857 461 3908 redditus
472 3861 510 3909 est
519 3862 574 3908 tum
587 3859 613 3908 in
626 3860 744 3910 versione
789 3851 851 3913 den,
862 3851 966 3901 werden
977 3851 1085 3915 90d0⁰lli
1102 3850 1131 3900 in
1145 3850 1195 3899 den
1212 3861 1293 3898 'laam
1311 3848 1355 3897 ‘¹⁶⁸

180 3938 223 3990 itta
234 3939 351 4002 Belgica,
368 3953 435 4006 quae
447 3940 524 4004 vulgo
539 3940 649 3992 saonem
665 3941 744 4007 optet
789 3933 889 3985 Heereo
900 3933 983 3983 rosas.

180 4022 288 4086 dieitur,
315 4028 370 4076 tum
391 4026 468 4077 etiam
492 4026 519 4076 iu
543 4027 661 4077 versione
683 4026 744 4077 Pal·
822 4027 841 4089 δ)
860 4024 935 4085 Quod
949 4026 1019 4076 enim
1032 4024 1095 4075 dicit
1106 4024 1167 4074 Beza
1181 4024 1223 4085 tad
1234 4024 1291 4075 hot.
1304 4024 1353 4089 Ap.

180 4107 266 4157 mtana
295 4106 356 4172 (van
381 4107 427 4158 der
452 4107 543 4172 Palm),
567 4123 634 4174 quae
656 4113 743 4160 nostra
789 4107 850 4172 Cap.
877 4108 961 4158 XlX:
984 4107 1029 4173 3),
1059 4106 1199 4171 baptizare
1226 4106 1353 4171 baptismo

179 4191 263 4240 aetate
275 4190 301 4238 iu
314 4188 511 4255 laoemprodiit.
527 4191 555 4240 ln
568 4190 659 4243 illasio
676 4191 744 4255 legi·
788 4190 986 4254 resipiscentiae
1011 4188 1075 4241 nihil
1102 4202 1158 4240 esse
1182 4189 1252 4240 aliud
1275 4203 1354 4255 quam

180 4275 239 4323 tur:
251 4271 330 4322 Maer
340 4272 440 4323 Paulas
451 4274 540 4324 zeide:
551 4273 667 4324 ‚ioannes
678 4275 744 4339 heeft
788 4275 880 4325 dooere
897 4267 1120 4339 iesipisoentiam,
1134 4273 1249 4339 prolecto
1260 4275 1355 4326 absur-

179 4354 227 4404 wel
238 4353 365 4419 phedoopt
378 4357 428 4406 den
439 4358 506 4421 doop
522 4357 569 4405 der
587 4356 743 4422 beheerinpe,
789 4355 848 4406 dius
860 4355 958 4407 dietum
978 4360 1030 4419 est,
1048 4370 1125 4422 quarn
1147 4361 1177 4408 ut
1195 4357 1258 4408 illud
1281 4357 1356 4409 lioeat

180 4437 306 4502 seppeade
316 4442 353 4488 tot
365 4437 405 4488 het
420 4438 487 4500 aoth,
499 4439 546 4488 dat
558 4452 593 4506 zp
603 4438 745 4506 pheiooven
791 4443 883 4495 refelli.
898 4498 906 4517 ‚
