3074 5054
454 399 592 468 CAPUT
627 398 755 477 XXVI,
793 396 914 465 VERS.
952 395 1098 462 at-aa.
1299 391 1364 457 565

182 598 390 682 ipuornluioso
421 592 669 660 Christianorum
700 589 837 672 nomine,
868 585 1020 654 dicentem
1053 581 1231 672 interrupit,
1261 580 1364 647 exolu-

181 716 293 786 mando
315 743 322 784 :
342 718 459 782 Paucis
478 728 512 782 tu
534 714 637 780 uerbis
653 713 737 779 midi
752 714 863 778 suades
880 721 915 777 ut
933 708 1135 776 Christianus
1158 704 1258 790 dom!
1276 705 1364 789 Quae

181 839 291 925 verba,
311 851 344 907 ιιι
356 859 395 904 ex
412 856 562 926 responso
576 835 663 902 Pauli
682 832 740 916 (vs
757 830 811 912 29)
825 845 855 900 et
871 853 910 899 ex
929 831 1009 898 serie
1024 827 1208 896 narrationis
1225 828 1282 910 (vs.
1303 820 1362 909 50)

180 963 347 1051 colligitur,
368 962 449 1030 dieta
468 960 554 1029 loire
578 960 696 1026 ironice
712 969 743 1025 et
760 956 930 1033 derisorie3
951 953 1033 1044 quod
1053 950 1178 1041 quidem
1197 948 1312 1017 Paulus
1325 968 1363 1015 ex

180 1105 256 1153 vooe
268 1085 417 1174 vultuque
428 1083 560 1151 dicentis
572 1082 647 1150 satis
659 1080 858 1148 intellexerit.
871 1082 901 1147 ls
914 1099 1000 1168 ergo,
1011 1077 1167 1145 hominem
1182 1076 1359 1153 miseratuS,

181 1221 355 1291 mansuete,
372 1229 432 1275 non
446 1221 546 1276 tamon
560 1209 627 1275 sine
640 1206 771 1296 quadam
785 1203 1047 1295 reprehensione,
1062 1199 1222 1291 respondit
1237 1226 1245 1266 :
1262 1201 1363 1266 Deum

177 1339 305 1421 precari
320 1338 412 1401 velim
430 1330 590 1422 (ευξαιμην
607 1355 644 1395 αν
661 1356 703 1418 τῳ
720 1327 818 1418 (dep),
837 1332 1002 1415 Aprippu,
1022 1340 1067 1412 ut,
1087 1330 1152 1394 sive
1167 1328 1280 1410 patrois
1297 1329 1363 1392 siue

179 1459 289 1524 uiuitis
307 1457 409 1524 verbis
421 1454 460 1521 ad
477 1454 508 1521 id
530 1474 608 1543 opus
630 1454 687 1534 sit,
706 1475 771 1519 nou
788 1456 890 1519 solum
907 1464 960 1536 tu,
980 1454 1035 1517 sed
1052 1461 1081 1516 et
1094 1470 1202 1515 omues
1219 1449 1366 1514 hodierni

178 1583 241 1646 mei
257 1584 419 1647 auditores
436 1582 517 1663 fiunt
535 1580 626 1660 tulos,
642 1580 747 1662 patulis
764 1597 926 1661 epotum,
945 1579 1081 1660 exeeptis
1100 1576 1184 1641 disee
1201 1571 1361 1639 uinculis!

223 1704 295 1773 Vox
318 1701 416 1793 ολιγος
439 1724 561 1787 paucus
585 1700 738 1778 redditur,
766 1712 797 1767 et
816 1722 959 1785 pureum
979 1699 1152 1788 posteriore
1169 1695 1227 1763 lrao
1244 1695 1362 1783 signifi·

179 1801 300 1895 catione
316 1827 384 1895 voei
409 1824 507 1915 ολιγος
531 1825 699 1914 opponitur
721 1845 779 1890 vox
800 1847 911 1915 μεγας,
941 1822 1026 1912 quod
1051 1823 1081 1888 in
1107 1820 1262 1910 praesenti
1290 1818 1359 1886 loeo

179 1954 292 2022 laetum
310 1964 374 2036 est3
393 1974 463 2022 nam
482 1974 511 2016 εν
529 1951 652 2042 μεγαλῳ
671 1951 723 2018 hio
736 1952 879 2040 legimus,
897 1971 958 2018 non
975 1973 1005 2014 er
1021 1946 1153 2036 solip*⁰
1173 1947 1360 2014 Loeutiones

177 2101 208 2142 εν
224 2077 329 2169 olipa),
348 2103 377 2144 εν
394 2077 519 2170 μεγαλῳ
536 2079 637 2146 valent
657 2101 770 2164 puteo,
790 2101 921 2164 moulon,
943 2091 1016 2169 puta
1039 2075 1133 2167 λογῳ,
1152 2097 1298 2142 sermone
1313 2077 1360 2158 (ut

180 2202 297 2293 Ephes.
324 2204 400 2293 Cap.
421 2205 466 2271 ΙΙΙ
487 2234 493 2271 :
511 2207 560 2293 5);
583 2205 777 2294 Praepositio
793 2226 823 2268 εν
839 2203 882 2271 ibi
899 2204 1032 2270 sumitur
1052 2202 1357 2282 instrumentaliter,

179 2328 244 2396 sive
264 2332 303 2393 de
321 2331 530 2395 instrumento
553 2351 631 2415 queo,
655 2339 690 2396 ut
714 2331 790 2396 Luc.
810 2330 932 2396 XXll:
958 2329 1014 2395 49.
1034 2327 1066 2394 Si
1092 2325 1189 2393 mavis
1212 2325 1313 2413 legero
1329 2346 1359 2389 εν

179 2449 306 2539 πολλῳ,
333 2474 442 2520 sensus
467 2453 574 2520 eddom
604 2453 731 2535 recidit;
756 2473 827 2519 nam
852 2451 1031 2519 vertendum
1054 2451 1095 2517 sit
1114 2471 1233 2535 pauco,
1260 2453 1359 2515 uoulto

179 2596 339 2658 sermone;
364 2576 436 2657 sed,
462 2597 559 2664 quum
581 2600 610 2640 εν
633 2575 740 2667 ολιγῳ,
765 2599 795 2640 εν
812 2573 930 2662 solip,
950 2574 1093 2643 dicantur
1113 2575 1204 2641 etiam
1224 2574 1360 2664 elliptioe

179 2720 236 2788 pro
248 2703 277 2763 el
295 2697 401 2790 ολιγῳ,
421 2724 450 2764 εν
462 2698 568 2786 solip
581 2724 694 2792 χρονῳ,
709 2720 801 2768 voces
814 2699 884 2766 illae
898 2699 984 2767 reddi
1001 2699 1092 2767 etiam
1110 2698 1230 2788 possint
1239 2719 1357 2784 pauco,

177 2825 277 2890 multo
295 2834 453 2908 tempore5
471 2835 536 2891 tum
556 2845 629 2892 vero
648 2824 840 2913 Praepositio
864 2846 893 2887 εν
912 2821 1061 2891 sumenda
1083 2823 1123 2890 sit
1142 2825 1360 2907 temporaliter

177 2947 242 3014 sive
258 2950 294 3013 de
307 2957 443 3032 temporo
460 2951 548 3013 iutro
566 2951 660 3033 pseud,
678 2960 712 3015 ut
727 2950 818 3014 loon.
836 2949 863 3015 ll
880 2972 887 3014 :
906 2949 1011 3016 ta-
1024 2947 1130 3014 Verbo
1147 2970 1278 3034 ευχομαι
1296 2944 1357 3013 hoo

177 3069 259 3148 loeo,
286 3083 414 3160 propter
440 3071 579 3138 additum
616 3071 761 3138 Datilum
789 3074 974 3138 directionis
1004 3093 1047 3156 τῳ
1076 3068 1147 3156 Θεῳ
1182 3070 1252 3158 (ror
1287 3069 1357 3138 Gon

177 3193 320 3282 diddeu),
340 3196 502 3294 tribuenda
521 3209 568 3264 ost
585 3198 668 3264 notio
686 3201 851 3281 precandi.
871 3199 991 3268 Graeco
1009 3195 1152 3283 ευξαιμην
1172 3219 1209 3259 αν
1225 3220 1267 3283 τῳ
1288 3192 1358 3282 Θεῳ

177 3322 300 3410 Belgioe
318 3321 525 3401 reddiderim,
546 3324 578 3388 ile
594 3345 651 3389 zuo
669 3323 738 3390 God
753 3327 813 3389 wel
827 3325 958 3406 liddon,
979 3319 1102 3410 quorrdo
1125 3319 1201 3386 haee
1224 3329 1357 3387 tantum·
1438 3315 1440 3320 ’

177 3445 247 3514 dem
275 3446 376 3513 valent
404 3467 440 3514 ao
468 3447 525 3513 ista
551 3473 558 3514 :
584 3449 615 3512 ile
641 3449 694 3513 did
724 3448 803 3514 God.
822 3447 931 3512 -De
957 3470 1007 3508 και
1025 3468 1136 3508 -και
1164 3447 1357 3511 disiunctioa

177 3590 234 3659 pro
262 3572 341 3652 sive,
372 3570 441 3637 vide
470 3571 526 3639 Gr.
558 3591 626 3660 pag.
658 3573 735 3639 464.
767 3567 799 3657 β.
830 3569 1012 3638 Aristoteles
1040 3569 1085 3636 sio
1113 3568 1191 3636 dixit
1220 3568 1354 3647 (Gener.

177 3694 290 3761 duim.
316 3694 373 3772 IV,
395 3694 478 3783 apud
501 3696 541 3760 H·
567 3693 675 3784 steph.
702 3696 733 3762 ln
754 3694 851 3762 Thes.
877 3695 915 3761 ad
940 3713 1008 3760 von.
1033 3693 1095 3767 και)
1121 3693 1212 3759 :Kou
1234 3715 1355 3783 κρατει,

176 3841 226 3880 και
243 3840 415 3907 supereum,
436 3821 716 3902 deturparunt
736 3829 920 3903 superatur.
946 3856 989 3866 —
1012 3818 1144 3907 Σημερον
1170 3813 1357 3903 iungendum

177 3951 225 4007 est
237 3961 308 4008 oum
330 3955 572 4038 annuntians-
588 3942 637 4008 De
653 3967 704 4005 και
721 3941 942 4009 abundantem
961 3941 1115 4009 locutione
1132 3945 1233 4014 ὁποιος
1252 3962 1355 4028 appo,

210 4276 229 4340 ¹)
247 4275 312 4326 Vin.
338 4291 409 4328 nncr.
437 4277 486 4328 Pro
504 4260 609 4346 πολλῳ
627 4283 667 4330 est
691 4287 744 4349 με·
790 4277 1079 4356 antiquisLeotionem
1094 4260 1357 4351 peyalrtpTischen-
1445 4292 1448 4296 ·

176 4349 262 4441 γαλῳ
275 4368 301 4418 in
312 4367 392 4418 Codd.
403 4369 445 4419 AB
458 4372 484 4420 et
496 4370 630 4421 nonnullis
641 4370 745 4421 illinus-
791 4368 890 4420 dorlius
901 4369 928 4420 in
942 4372 1042 4421 textum
1057 4368 1162 4436 recepit.

177 4448 257 4511 oulis;
290 4448 351 4502 ilem
381 4451 407 4500 in
435 4450 554 4516 plurimis
579 4452 745 4505 versionibus
