3074 5054
433 346 576 450 'cnrur
613 381 712 461 xvi,
755 380 874 458 vens.
916 384 1062 453 ao-to.
1278 386 1344 454 tto

165 571 224 640 iam
249 573 343 663 capiti
374 573 533 654 timentes,
559 572 598 640 ad
614 573 823 641 incarceratos
846 585 1014 655 venerunt,
1041 585 1071 640 et
1095 573 1215 642 blandis
1239 572 1343 640 verbis

166 701 286 763 eosdem
303 699 468 765 adhortati
483 707 558 762 eunt
574 694 638 777 (και
655 695 785 772 eliceret
809 695 1019 789 παρεκαλεσαν
1036 695 1174 786 αυτους),
1191 708 1225 764 ut
1240 697 1343 785 ignos-

166 833 269 891 cerent
281 820 366 912 quod
382 841 439 912 per
454 821 562 911 populi
581 822 746 890 tumultum
762 823 958 910 contigissem
978 821 1090 890 deinde
1106 821 1234 888 honoris
1250 841 1342 889 causa

168 946 223 1034 ipsi
248 967 412 1015 coarcere
436 947 506 1015 illos
528 950 706 1043 educerent
721 943 926 1037 (εξαγαγοντες
951 943 1060 1033 hom),
1081 946 1273 1035 eductosque
1293 966 1343 1013 ro-

166 1081 273 1154 garunt
289 1081 323 1137 ut
338 1091 376 1136 ex
393 1089 427 1136 ea
443 1069 522 1137 urhe
537 1070 603 1159 (της
619 1068 750 1160 πολεως)
766 1070 879 1138 vellent
895 1071 1018 1159 egredi,
1037 1070 1099 1139 hoc
1115 1084 1187 1161 puta
1201 1071 1341 1151 obtentu,

169 1210 202 1257 ne
218 1192 295 1282 quid
319 1194 407 1259 triste
419 1193 459 1260 ah
475 1193 552 1260 irata
568 1193 658 1282 plebe
683 1193 745 1261 illis
768 1193 935 1261 accideret.
953 1194 1009 1261 Cui
1035 1194 1175 1283 petitioni
1200 1193 1341 1281 Apostoli

170 1317 414 1385 satisfaciendum
439 1338 507 1386 esse
532 1328 690 1407 putarunt.
719 1318 825 1407 ltaque
841 1338 859 1384 e
875 1338 1001 1385 carcere
1021 1322 1142 1403 epresci
1157 1314 1345 1406 (εξελθοντες)

170 1440 196 1503 in
215 1443 351 1507 domum
374 1441 495 1526 Lydiae
521 1452 677 1508 venerunt
700 1439 847 1523 (occultior
869 1463 943 1531 προς
964 1463 1016 1515 την
1040 1437 1191 1524 Avonam
1210 1461 1345 1530 cumque

169 1565 315 1631 uidissent
336 1560 471 1654 (ιδοντες)
495 1563 688 1632 Christianos
712 1564 951 1654 Philippenses,
978 1565 1009 1632 in
1034 1564 1127 1633 domo
1151 1563 1286 1652 Lydiae,
1312 1575 1345 1631 ut

166 1687 297 1768 videtur,
325 1709 528 1778 congressos,
555 1709 726 1778 omnesque
744 1693 908 1756 adhortati
926 1701 1027 1756 essent
1042 1686 1292 1780 (napsiniacus),
1311 1700 1345 1755 ut

162 1809 191 1881 iu
208 1826 355 1903 suscepta
368 1813 432 1883 'fide
448 1825 624 1882 constantes
641 1826 870 1903 permanerent,
886 1814 1002 1881 relictis
1018 1814 1175 1904 Philippis
1188 1811 1343 1904 (εξηλθον),

153 1933 221 2003 alio
247 1935 378 2025 proiecti
404 1947 487 2003 sunt.
507 1975 550 1985 —
573 1937 711 2003 Historia
735 1947 870 2021 tacente,
896 1936 957 2004 dici
982 1937 1105 2026 nequit,
1133 1937 1208 2027 quid
1232 1957 1344 2005 causae

147 2052 268 2136 luerit,
287 2080 344 2139 cnr
359 2060 418 2127 soli
435 2059 551 2128 Paulus
566 2071 596 2126 et
611 2059 692 2126 Silas
709 2058 786 2127 haec
801 2079 819 2126 a
834 2059 1091 2148 Philippensibus
1108 2061 1191 2150 passi
1208 2060 1341 2136 luerint;

140 2197 232 2252 nam
250 2197 282 2251 et
300 2186 400 2252 Lucas
420 2196 451 2252 et
465 2183 650 2253 Timotheus
674 2185 735 2250 una
758 2203 829 2251 cnm
854 2183 916 2249 illis
941 2183 1105 2272 Philippos
1124 2196 1282 2251 venerant.
1300 2222 1345 2234 -

131 2307 242 2378 Cum
268 2308 384 2377 Paulus
407 2321 438 2377 et
456 2309 538 2378 Silas
561 2307 723 2397 Philippos
747 2308 975 2396 relinquerent,
996 2308 1096 2376 Lucas
1115 2319 1145 2374 et
1160 2307 1344 2376 Timotheus

119 2427 203 2502 ibi
238 2433 426 2501 remansisse
454 2432 609 2528 uidentur,
639 2431 688 2498 Gi.
719 2429 941 2519 Prolegomena
970 2431 999 2497 in
1032 2433 1093 2519 Ep.
1127 2431 1166 2499 ad
1201 2431 1341 2522 Philipp.

125 2551 364 2646 ἕλικά.

114 2845 229 2898 *ecre
249 2830 357 2925 ανδρες
384 2829 507 2897 iuuaret.
536 2836 601 2898 Kui
624 2832 732 2924 εξαγα-
777 2831 927 2913 εξελθατε,
956 2854 1070 2923 putrore
1091 2836 1185 2903 παλιν
1213 2855 1345 2930 occepe-

124 2941 264 3005 ’γοντες
299 2922 510 3014 reperculsa-etr
539 2949 648 3001 αυτους
685 2922 732 2988 λε·
778 2948 874 3017 <potem
918 2928 990 3014 ἧμιν
1034 2934 1241 3018 occupatorem
1279 2930 1344 2993 καθ’

128 3031 274 3096 γοντες·
316 3037 348 3076 εκ
387 3037 438 3089 της
474 3013 589 3090 reisue
623 3040 733 3090 ταυτης
779 3019 877 3102 alpurc.
