3074 5054
508 376 646 443 CAPUT
680 375 761 454 XX,
798 375 921 445 VERS.
958 378 1014 444 28.
1289 380 1355 447 495

181 570 301 660 scripsit
315 568 481 638 Timotheo
497 596 506 638 s
525 572 575 639 Ne
590 581 772 637 contemnas
787 573 927 655 qratiam
932 623 945 657 ,
964 593 1044 657 quoe
1058 574 1115 639 titt
1129 575 1206 641 dota
1229 584 1277 640 est
1296 596 1356 659 per

182 696 409 780 impositionem
424 715 578 761 mancum
592 694 784 779 presbyterii
786 719 802 777 ,-
820 692 1049 783 presbyterium
1065 706 1167 763 autem
1185 694 1238 764 hic
1253 697 1355 784 ipsum

179 817 309 907 appellat
324 818 556 907 episcopatum,
576 836 669 905 quem
693 816 746 883 ille
770 815 987 906 (Timotheus)
1010 829 1191 908 susceperat
1206 839 1223 886 a
1239 819 1354 902 Paulo,

135 1037 137 1041 .
180 951 205 1007 et
229 941 286 1022 iis,
309 941 362 1031 qui
385 961 457 1009 cum
480 941 533 1008 illo
555 939 700 1019 aderant,
726 959 783 1028 per
806 939 1036 1029 impositionem
1066 962 1213 1009 manuum
1244 942 1353 1010 iactam

179 1062 351 1132 Timotheo.
369 1063 638 1151 Quemadmodum
654 1063 746 1130 etiam
764 1062 894 1132 lacobus
917 1085 988 1133 cum
1006 1067 1099 1134 Petro
1113 1077 1143 1134 et
1160 1067 1274 1135 loanne
1291 1086 1357 1134 ma-

180 1205 232 1252 nus
248 1186 464 1276 imposuerunt
479 1185 565 1253 tratri
579 1184 705 1252 Domini
724 1184 834 1266 nostri,
849 1185 893 1253 uti
908 1185 1033 1254 tradunt
1049 1187 1193 1255 Clemens
1210 1197 1240 1254 et
1257 1189 1355 1255 Euse-

180 1307 262 1390 lius;
278 1307 364 1397 quod
384 1308 509 1398 quidem
526 1317 556 1375 et
571 1309 712 1376 Canones
728 1307 969 1395 Apostolorum,
985 1309 1038 1398 qui
1056 1329 1112 1397 per
1130 1310 1355 1400 Hippolytum,

180 1431 382 1520 praecipiunt.
400 1432 585 1499 Sacerdotes
604 1443 706 1499 autem
732 1432 932 1519 vocabantur,
960 1444 1024 1501 tum
1046 1433 1129 1522 qudd
1146 1434 1223 1502 alios
1242 1437 1357 1504 cousti-

180 1554 300 1623 tncbaut
315 1556 510 1636 sacerdoteS,
525 1567 590 1624 tum
606 1554 692 1644 qudd
706 1565 736 1622 et
760 1556 819 1646 ipsi
842 1567 914 1624 suut
930 1557 1087 1625 constituti
1111 1558 1308 1638 sacerdotes,
1328 1569 1358 1626 et

179 1678 418 1748 sacerdotalibus
449 1680 607 1768 mysteriis
641 1679 821 1768 iunguntur.
855 1683 1026 1767 Principes
1056 1704 1128 1748 aero
1161 1685 1357 1749 sacerdotnm

178 1802 399 1892 (vocabantur),
426 1804 498 1892 quia
523 1805 682 1894 principes
703 1817 733 1874 et
759 1816 897 1874 rectores
920 1817 992 1874 sunt
1014 1806 1159 1888 illorum,
1180 1806 1233 1895 qui
1254 1827 1357 1874 sacer-

178 1925 274 1995 dotale
291 1926 406 1995 obeunt
422 1950 548 1998 munus.
574 1932 667 2018 Quod
689 1941 791 2000 autem
815 1934 960 1998 ministri
975 1930 1072 1999 vocati
1096 1930 1229 2010 luerim,
1251 1930 1358 1998 beatus

180 2050 290 2119 Paulus
315 2062 454 2121 testatur.
483 2055 539 2122 Est
561 2056 643 2123 euim
668 2055 720 2123 ubi
743 2056 846 2124 dicit:
867 2055 926 2122 Cui
947 2076 1084 2124 nrutsmo
1103 2058 1138 2122 iu
1156 2053 1305 2139 Spiritu,
1323 2057 1357 2119 in

179 2179 333 2260 ecoapelio
349 2178 434 2243 Filii
448 2180 528 2244 eires.
547 2179 586 2246 Et
608 2187 656 2245 est
672 2179 724 2247 ubi
742 2178 818 2246 dicit
836 2202 843 2244 :
862 2180 1005 2263 Epopei
1022 2199 1091 2243 som
1109 2178 1267 2261 apostolos
1281 2197 1357 2260 pert-

179 2301 271 2380 tiom,
295 2320 482 2366 ntutsmmuu
509 2323 613 2367 metim
634 2300 857 2386 ltortoriftcoto.
885 2302 925 2367 tn
947 2311 994 2367 est
1016 2299 1070 2367 ulti
1094 2299 1169 2368 dicit
1188 2299 1252 2366 :Si
1273 2303 1356 2366 enim

179 2427 320 2491 ministri
335 2436 410 2492 sont
432 2424 567 2504 Christi,
592 2449 663 2493 sttrn
685 2447 738 2510 epo
755 2429 831 2511 pios
853 2446 947 2512 quoto
965 2427 1037 2507 iili;
1053 2422 1106 2491 ubi
1123 2443 1157 2490 se
1173 2426 1356 2490 ministram

178 2551 319 2642 appellat.
335 2553 383 2618 Ex
395 2571 457 2640 quo
475 2552 601 2640 planum
618 2552 664 2634 lit,
679 2553 804 2620 nomina
820 2550 899 2619 hacc
915 2549 1085 2639 antiquitus
1101 2549 1229 2618 conlusa
1246 2549 1354 2617 luisse.

177 2675 371 2764 Quandoque
395 2687 495 2742 tamen
513 2674 656 2742 distincte
680 2673 934 2755 nominabantur3
956 2684 986 2740 et
1011 2673 1074 2755 illi,
1096 2673 1149 2762 qui
1174 2684 1355 2762 potestatem

178 2795 328 2868 habebant
343 2799 549 2867 constituendi
567 2799 762 2878 sacerdotes,
780 2802 915 2883 apostoli
931 2797 1186 2878 nominabantur;
1206 2798 1249 2864 illi
1268 2818 1356 2879 uero,

176 2923 225 3011 qui
239 2944 323 2991 nunc
337 2925 515 3008 presbyteri
529 2924 688 3001 dicuntur,
704 2925 841 3008 episcopi
857 2941 982 3010 quoque
998 2920 1199 2988 vocabantur.
1216 2924 1255 2988 At
1272 2930 1358 3009 post-

178 3067 269 3136 quam
291 3068 309 3114 e
330 3046 408 3114 vivis
433 3047 656 3134 emigraverant
680 3048 773 3135 primi
797 3046 961 3135 Apostoli,
979 3045 1073 3113 huius
1098 3044 1358 3113 denominationis

179 3170 287 3257 puduit
304 3190 378 3248 eos,
393 3171 446 3259 qui
464 3181 534 3259 post
551 3171 637 3259 ipsos
653 3182 726 3238 sunt
748 3171 905 3238 constituti
923 3169 1117 3251 sacerdotes,
1132 3179 1260 3258 propter
1275 3170 1358 3237 illius

180 3289 462 3375 honorabilitatem
482 3304 512 3360 et
528 3293 646 3361 idcirco
660 3313 678 3360 a
695 3293 819 3361 nomine
835 3295 1061 3377 Aprostoiorum
1078 3314 1112 3360 se
1128 3291 1357 3372 abstinuerunt,

180 3426 208 3482 et
222 3418 360 3501 episcopi
375 3414 531 3483 dumtaxat
546 3414 747 3497 vocabantur,
763 3415 955 3505 presbyteris
972 3414 1228 3505 presbyterorum
1247 3432 1359 3481 nomeu

180 3538 389 3607 tantummodo
406 3538 627 3627 relinquentes.
647 3565 661 3597 »

223 3664 330 3731 loanni
353 3664 505 3743 Darensi,
524 3663 625 3751 inquit
648 3661 881 3745 Eechellensis,
905 3662 1032 3731 totidem
1057 3663 1123 3730 lere
1143 3661 1246 3729 verbis
1268 3661 1361 3729 adsti-

181 3788 303 3876 pulatur
314 3788 416 3865 Maro,
430 3788 536 3854 Tract.
554 3789 585 3854 l.
601 3788 811 3854 Commentar.
827 3788 858 3853 in
876 3786 1046 3874 Litargiam
1060 3786 1093 3853 S.
1111 3784 1214 3852 iacobi
1232 3786 1309 3872 Cap.
1326 3786 1359 3860 6,

180 3921 209 3977 et
222 3909 349 3998 utrique
364 3909 497 3976 succinit
519 3909 706 3978 Ambrosius
722 3912 758 4002 (i)
773 3911 803 3977 iu
823 3911 924 3999 Epist.
946 3914 961 3978 l
983 3910 1021 3977 ad
1039 3907 1239 3976 Timotheum
1265 3904 1361 3997 (apud

181 4031 382 4115 amalarium)
403 4031 490 4098 hisce
514 4032 641 4101 verbis:
669 4063 682 4092 α
707 4033 811 4101 Beatis
832 4055 926 4114 uero,
954 4034 1072 4122 inquit,
1091 4032 1249 4121 apostolis
1270 4030 1361 4098 dece-

179 4153 341 4232 dentibus,
363 4153 408 4221 illi
428 4154 480 4242 qui
500 4166 570 4242 post
589 4155 660 4222 illos
684 4149 816 4237 ordinati
839 4167 928 4237 sunt,
946 4165 980 4223 ut
997 4164 1175 4244 praeessent
1198 4153 1358 4235 ecclesiis,

180 4273 241 4343 illis
265 4275 376 4364 primis
395 4276 560 4365 exaequari
579 4297 640 4344 non
658 4286 844 4367 potuerunt,
866 4297 967 4366 neque
983 4274 1206 4345 miraculorum
1223 4277 1361 4345 testimo·

179 4399 240 4474 uiis
256 4419 314 4487 par
330 4397 450 4487 (pares)
467 4400 530 4467 illis
546 4398 661 4468 habere
684 4398 836 4488 (lauteri),
855 4401 911 4469 sed
934 4414 964 4469 ct
982 4401 1087 4470 multis
1111 4400 1181 4469 aliis
1197 4400 1361 4469 inferiores
