3074 5054
174 368 239 434 tto
523 365 657 434 ACTUS
686 364 1018 444 APOSTOLORUM,

105 621 107 624 ,
175 554 223 622 Ad
247 553 341 633 haec,
356 556 469 622 rniram
494 576 585 637 sane,
604 557 630 622 si
655 576 704 621 res
727 556 768 622 ita
792 555 849 635 sit,
873 575 929 621 car
946 552 1119 640 interrogati
1138 551 1182 617 illi
1201 549 1343 639 Ephesii,

175 684 208 745 in
220 682 295 765 qaid
306 682 457 766 baptizati
468 693 581 765 asserat,
597 702 657 748 non
672 680 773 769 potius
787 680 1001 769 responderint
1016 705 1023 746 :
1040 681 1074 744 in
1088 699 1203 744 raomen
1216 679 1349 744 Domini

174 807 264 872 Jesn.

218 929 343 996 Scilicet
365 930 404 998 ab
429 929 592 997 haereticis
614 930 782 1017 excogitata
797 929 854 996 snit
874 929 991 996 isthaec
1013 929 1224 1019 interpretatio
1241 926 1280 993 ad
1296 929 1349 991 de·

174 1057 348 1138 sensionem
363 1056 439 1138 [atsi
453 1057 617 1138 doqmatis,
633 1074 694 1142 quo
707 1064 885 1138 statuerant,
900 1052 1085 1142 baptismam
1104 1052 1228 1120 loannis
1245 1050 1348 1117 diver·

176 1196 245 1242 sum
261 1196 321 1241 non
345 1175 440 1243 inisse
455 1196 472 1242 a
489 1177 641 1266 baptismo
658 1177 793 1258 Christi3
814 1177 964 1264 negabant
979 1188 1079 1244 autem
1096 1175 1263 1243 discrimen
1281 1194 1349 1240 esse

176 1298 256 1363 inter
278 1307 444 1386 utrumque
468 1298 676 1387 baptismam,
698 1309 733 1364 ut
756 1309 914 1366 tuerentur
938 1298 1044 1366 salsam
1063 1297 1146 1365 iiiam
1162 1297 1347 1376 doctrinam,

137 1462 140 1468 ·
176 1440 235 1509 qua
260 1419 410 1487 docebant
429 1446 436 1487 :
455 1421 664 1488 Sacramenta
685 1443 783 1488 novae
800 1423 891 1507 Lapis
909 1426 1030 1489 tantiam
1045 1425 1267 1506 sanctificandi
1283 1420 1349 1507 effl-
1412 1459 1415 1463 ·

177 1548 295 1610 cociam
322 1547 453 1629 babere,
484 1549 538 1612 sed
566 1568 630 1612 esse
660 1557 784 1612 tantam
811 1549 918 1630 cipitia
945 1550 1098 1633 qnaedam
1127 1549 1267 1612 institiae
1291 1567 1351 1629 per

175 1672 271 1752 fidem
286 1673 349 1736 iam
365 1681 520 1754 acceptae,
535 1693 614 1756 qnae
629 1674 707 1755 fides
723 1675 789 1737 sota
804 1674 964 1738 bominem
980 1693 1086 1737 coram
1105 1673 1169 1736 Deo
1186 1672 1347 1753 instificet-

176 1793 275 1878 Qaam
288 1792 459 1860 doctrinam
471 1793 653 1861 Tridentino
668 1794 812 1881 Synodus
831 1795 997 1875 damnavit,
1011 1795 1095 1862 Sess.
1111 1795 1172 1862 Vll
1187 1796 1224 1858 de
1237 1794 1350 1860 Socra·

176 1920 291 1983 meritis
312 1920 347 1983 in
369 1940 500 2002 qaaere,
522 1917 571 1984 his
595 1918 717 1997 verbis,
737 1921 813 1986 Can.
838 1920 884 1988 lV
900 1945 907 1986 :
926 1920 965 1986 Si
987 1924 1056 2006 qnis
1081 1923 1215 2002 dicerit,
1235 1919 1351 1984 Sacra·

178 2056 284 2108 noenta
300 2063 397 2107 atavae
412 2044 506 2128 Lapis
521 2064 585 2108 non
602 2065 665 2109 esse
682 2045 724 2108 ad
738 2046 873 2109 salntem
889 2047 1085 2124 neccssaria,
1103 2047 1156 2108 sed
1168 2045 1350 2127 snperlina3

178 2181 207 2235 et
222 2173 290 2236 sine
306 2173 370 2250 cis,
388 2181 443 2236 ant
463 2191 572 2234 eornm
591 2181 673 2253 noto,
698 2192 758 2254 per
772 2173 873 2236 solam
893 2173 990 2254 fidem
1005 2173 1144 2235 bominac
1160 2192 1180 2234 a
1195 2171 1262 2234 Deo
1277 2189 1351 2252 qra-

179 2298 257 2362 tiam
283 2296 517 2377 instilicationis
537 2297 712 2378 adipisci...
738 2298 907 2360 artatbema
923 2298 978 2360 sit.
997 2333 1041 2344 -
1058 2296 1133 2360 Can.
1152 2293 1181 2360 V
1202 2318 1209 2359 :
1228 2292 1267 2357 Si
1281 2294 1351 2376 qais

179 2422 317 2500 dicerit,
333 2423 408 2484 baec
429 2420 636 2486 Sacramenta
656 2418 776 2506 (Novae
797 2419 899 2505 Legis)
911 2429 1045 2502 propter
1060 2420 1159 2483 sciam
1180 2418 1275 2499 pidem
1292 2437 1353 2480 raat-

182 2547 339 2611 triendam
367 2547 516 2610 instituta
542 2547 659 2627 fnisse,
688 2545 857 2608 anatliema
883 2545 935 2607 sit.
958 2579 1001 2590 —-
1024 2541 1099 2606 Can.
1129 2541 1188 2605 vt.
1217 2538 1256 2603 Si
1282 2541 1352 2624 qais

180 2672 318 2749 dicerit,
336 2669 541 2734 Sacramenta
560 2666 680 2754 (Novae
704 2663 806 2752 Legis)
827 2686 890 2730 non
907 2669 1064 2730 aoratinerc
1077 2666 1238 2748 qratiam,
1257 2684 1351 2748 qnam

178 2796 376 2876 amarificant,
401 2803 456 2858 ant
475 2794 614 2875 qratiam
639 2794 743 2874 ipsam
764 2781 828 2854 non
848 2792 1035 2873 ponentibus
1059 2789 1172 2853 obicem
1193 2808 1259 2852 non
1279 2809 1351 2852 con-

179 2919 284 2999 ferre,
303 2919 397 3001 qnasi
411 2918 501 2999 sipna
518 2926 639 2981 tantam
665 2925 798 2980 coeterna
812 2917 876 2979 sint
887 2927 1029 2999 acceptae
1041 2936 1102 2999 per
1118 2916 1211 2997 pidem
1226 2916 1352 2997 pratiae

181 3042 229 3104 oei
245 3042 407 3123 justitiae,
431 3051 460 3105 et
480 3051 570 3105 notae
592 3042 743 3124 qnondam
769 3037 968 3104 Christianae
987 3039 1214 3122 professionis,
1240 3034 1352 3121 qnibns

179 3167 265 3248 apnd
284 3164 426 3227 bomines
447 3164 672 3228 discernantur
693 3163 801 3246 fideles
827 3163 864 3228 ab
891 3163 1087 3244 insidendam
1110 3162 1278 3226 anatbema
1299 3163 1350 3224 sit.

180 3288 255 3355 Can.
286 3286 358 3354 tht
377 3307 385 3348 :
404 3285 443 3351 Si
466 3289 536 3371 qnis
562 3288 702 3365 dicerit,
719 3307 780 3370 per
808 3290 877 3370 ipsa
903 3307 999 3351 novae
1031 3286 1120 3368 Lapis
1147 3283 1354 3350 Sacramenta

179 3433 218 3475 cac
239 3432 331 3495 opere
346 3423 473 3495 operato
495 3433 560 3477 non
582 3414 723 3495 conferri
743 3416 900 3494 qratiam,
918 3415 971 3478 sed
993 3414 1092 3476 satam
1115 3412 1211 3493 fidem
1227 3413 1354 3476 divinae

177 3538 397 3619 promissionis
418 3540 460 3602 ad
478 3538 617 3620 qratiam
644 3539 890 3621 consequendam
917 3533 1084 3622 aniliacam
1107 3535 1278 3599 anathema
1298 3535 1352 3598 sit.

226 3775 326 3844 8-9.
351 3779 570 3861 Intropressns
593 3789 699 3843 antem
713 3797 923 3863 spnapoqam,
941 3783 1027 3865 eta).
1056 3775 1130 3839 Post
1151 3771 1229 3838 haec
1250 3774 1355 3856 Epise-

182 3906 287 3968 sinam
310 3923 502 3987 spnaqaqam
526 3901 593 3989 (την
617 3901 808 3992 συναγωγην)
829 3901 986 3988 ingressus
1008 3898 1140 3976 Paulae,
1160 3896 1199 3964 de
1225 3917 1260 3963 re
1286 3898 1356 3965 reii-

182 4028 265 4115 giosa
279 4030 388 4112 palam
404 4051 440 4094 ac
457 4029 553 4093 iibere
569 4030 750 4113 toqnebatnr
766 4025 904 4114 (imperi.
926 4021 1176 4115 επαρρησιαζετο)
1196 4022 1353 4102 omnibus

184 4173 239 4242 per
251 4150 324 4236 (επι)
341 4163 403 4218 tres
415 4152 560 4218 continui
575 4171 696 4218 menses
713 4150 842 4237 singuiis
858 4147 992 4216 sabbatis
1008 4147 1102 4214 verba
1117 4146 1157 4213 ad
1169 4166 1223 4213 eos
1239 4147 1355 4214 iaciens

181 4272 433 4366 (draicycparac),
448 4279 570 4360 iiiisqne
583 4277 776 4360 persuadens
792 4271 926 4355 (cettan)
942 4295 979 4338 ea
994 4294 1072 4358 qnae
1087 4275 1129 4338 ad
1145 4292 1244 4336 novae
1261 4271 1352 4354 Lapis

183 4406 394 4468 oecoraomiam
421 4413 597 4486 spectarent
621 4408 670 4493 (aa
693 4421 757 4490 περι
781 4423 831 4474 της
856 4396 1014 4486 paeninae
1042 4421 1094 4461 του
1122 4394 1226 4476 Θεου).
1251 4398 1352 4482 Quum
