3074 5054
181 379 247 445 tto
521 379 656 446 ACTUS
692 380 1030 459 APOSTOLORUM,

353 662 527 738 CAPUT
580 663 833 740 DECIMUM
886 667 1187 742 SEPTIMUM.

179 848 372 900 Aaouunnruu.
391 848 487 899 Paulus
499 852 526 900 et
537 848 618 911 Silas,
632 849 728 901 relictis
745 850 886 916 Philippis,
905 865 953 916 per
971 851 1149 918 Amphipolim
1161 854 1187 904 et
1198 850 1369 918 Apolloniam

211 933 323 983 veniunt
333 931 553 994 Thessalonicam3
565 932 610 982 nbi
620 932 716 983 Paulus
726 946 772 998 per
785 933 834 984 tria
846 932 970 985 continuo
979 933 1086 984 sabbata
1096 934 1123 984 in
1134 945 1269 998 synagoga
1278 932 1369 983 lesum

211 1013 329 1066 Messiam
348 1016 494 1081 praedieat3
506 1027 539 1065 ex
552 1014 688 1080 proselytis
700 1015 767 1067 bene
781 1015 870 1078 multi,
881 1029 915 1067 ex
934 1015 1036 1067 ludaeis
1047 1029 1107 1067 vero
1125 1015 1247 1067 nonnulli
1260 1017 1368 1066 tantum

211 1095 291 1147 tidem
303 1095 476 1148 Christianam
488 1096 696 1162 amplectuntur,
712 1110 750 1148 vs.
766 1100 838 1148 t-b.
855 1097 907 1149 Sed
920 1111 981 1150 mox
992 1097 1123 1163 Apostoli,
1136 1097 1169 1149 ob
1181 1097 1325 1148 expilatam
1338 1097 1368 1147 in

210 1192 238 1231 se
256 1179 289 1229 ab
309 1177 450 1230 incredulis
466 1178 569 1231 ludaeis
589 1180 813 1244 persecutionem,
830 1179 1037 1232 Thessalonicam
1056 1180 1204 1247 relinquere
1221 1182 1367 1242 coguntur,

211 1277 250 1314 vs.
269 1263 359 1313 5-40,
374 1263 441 1327 Ergo
459 1263 485 1313 in
504 1264 627 1315 Beroeam
640 1262 763 1328 proiecti,
782 1262 883 1314 ludaeis
898 1264 934 1314 ibi
952 1263 1173 1316 commorantibus
1188 1261 1367 1326 Evangelium

210 1343 371 1409 praedicant,
381 1342 461 1409 idque
473 1357 568 1408 magno
579 1357 639 1395 cum
649 1344 735 1396 fructu
747 1360 752 1407 ;
767 1358 799 1396 ex
809 1344 957 1396 Gentilibus
968 1359 1073 1411 quoquo
1083 1358 1136 1397 non
1146 1345 1224 1411 pauci
1233 1343 1267 1395 ad
1278 1346 1368 1410 Apos-

209 1426 321 1478 tolorum
332 1426 552 1492 praedicationem
565 1427 704 1479 Christiani
717 1426 795 1489 liunt,
807 1442 844 1477 vs.
860 1428 950 1478 lu-ta.
965 1427 1016 1479 Sed
1028 1441 1080 1480 non
1094 1427 1183 1479 ierunt
1195 1426 1267 1478 hunc
1280 1425 1369 1477 Evan-

209 1509 269 1572 gelii
290 1521 457 1575 progressum
475 1508 563 1560 ludaei
583 1509 842 1571 Thessalonicenses,
862 1509 1045 1574 Apostolorum
1066 1512 1259 1575 persecutorem
1281 1520 1368 1574 quare

209 1593 330 1644 Beroeam
349 1591 476 1657 proiecti,
490 1593 568 1643 etiam
586 1592 639 1643 illic
659 1591 763 1658 plebem
779 1591 905 1643 adversus
924 1604 967 1643 eos
987 1592 1133 1653 concitant,
1146 1604 1185 1642 vs.
1200 1591 1242 1642 ⁴3.
1263 1589 1368 1643 Relicta

209 1676 317 1737 Beroea,
332 1674 428 1726 Paulus
450 1674 523 1726 veuit
542 1674 675 1739 Athenas,
696 1689 735 1726 vs.
755 1673 862 1724 ils—iti.
886 1674 923 1724 lbi
943 1674 1006 1724 dum
1026 1673 1136 1738 collegas
1151 1686 1227 1735 suos,
1241 1672 1326 1724 Silam
1338 1678 1368 1726 et

208 1755 372 1808 Timotheum
389 1759 540 1822 exspectat,
553 1757 585 1808 de
599 1770 627 1808 re
641 1757 759 1821 religiosa
771 1756 961 1807 sermocinatur
979 1756 1005 1806 in
1026 1755 1162 1820 Synagoga
1178 1767 1238 1806 cum
1259 1753 1367 1805 ludaeis

209 1842 235 1890 et
245 1838 395 1905 proselytis,
408 1843 434 1890 et
447 1840 472 1889 in
487 1837 542 1891 loro
554 1853 613 1891 oum
633 1839 717 1891 obviis
729 1839 881 1905 quibusvis;
896 1842 922 1890 et
937 1851 953 1889 a
970 1837 1131 1905 philosophis
1149 1835 1287 1888 nonnullis
1298 1837 1366 1903 Epi-

208 1922 309 1973 curaeis
328 1924 354 1973 et
374 1920 466 1973 Stoicis
485 1921 512 1973 in
533 1922 697 1986 Areopagum
720 1920 849 1973 adductus
868 1923 897 1972 ut
916 1920 952 1972 ihi
972 1920 1116 1972 doctrinam
1134 1933 1208 1970 suam
1227 1924 1365 1985 exponat,

189 1990 192 1995 ’
209 2004 289 2056 verba
305 2003 379 2068 iacit,
399 2016 451 2054 non
470 2003 528 2053 sine
542 2001 646 2066 fructu,
667 2003 699 2054 de
711 2003 819 2055 colendo
837 2016 890 2055 uno
907 2016 968 2054 vero
986 2003 1038 2054 Deo
1058 2006 1148 2054 contra
1172 2001 1364 2064 idololatriam,

209 2087 272 2140 item
290 2087 322 2140 de
332 2088 411 2139 lesua
425 2086 535 2138 mortuis
546 2086 579 2138 ad
591 2088 672 2138 vitam
685 2091 822 2149 revocato,
836 2090 862 2138 et
874 2086 982 2138 humani
993 2086 1095 2151 generis
1107 2085 1191 2138 iudica
1201 2085 1364 2150 constituto,

209 2183 246 2220 vs.
264 2167 371 2220 rr-al.

221 2323 253 2387 i.
281 2318 363 2386 Cum
391 2329 497 2384 orclem
533 2318 808 2402 perambulassent
839 2318 1058 2400 Amphipolim
1065 2367 1077 2400 ,
1108 2314 1196 2397 etc).
1227 2315 1363 2384 Relictis

174 2443 349 2532 PhiiippiS,
378 2439 519 2531 Apostoli
548 2444 610 2508 iter
635 2443 778 2525 fecerunt
800 2460 859 2523 per
887 2434 1120 2523 (ὃιοὸευσαντες)
1141 2437 1361 2527 Amphipolim

176 2579 206 2635 et
222 2567 434 2656 Apolloniam,
450 2576 542 2657 atque
559 2566 599 2633 ita
616 2561 780 2630 verterunt¹
801 2561 914 2650 (ηλθον)
930 2562 1202 2642 Thessalonicam,
1221 2562 1273 2630 ubi
1294 2575 1363 2630 erat

176 2714 337 2778 spaopopo
353 2693 384 2782 (ἡ
398 2696 571 2782 συναγωγη)
589 2691 786 2759 ludaeorum.
797 2727 841 2738 —
857 2689 982 2755 Dicitur
994 2708 1064 2755 cum
1079 2687 1249 2761 Articulori
1265 2711 1362 2750 cova-

174 2820 283 2905 γωγῇ,
303 2814 342 2882 ad
358 2813 576 2892 indicandum,
594 2826 629 2882 ut
644 2813 777 2895 videtur,
796 2811 974 2900 Philippis,
992 2809 1194 2899 Amphipoli,
1213 2819 1243 2875 et
1258 2810 1361 2898 Apol-

171 2917 276 3006 loniae
292 2940 398 3004 bullas
415 2938 511 3005 inisse
527 2958 717 3026 synagogas,
737 2937 978 3004 Thessalonicae
994 2945 1095 3003 autem
1112 2934 1208 3001 fuisse
1224 2955 1362 3023 synago·

175 3080 243 3147 gam
260 3064 361 3146 illam,
380 3083 474 3146 quam
491 3059 621 3127 subinde
637 3059 758 3127 adirent
776 3057 900 3126 illarum
917 3077 1041 3147 quoque
1057 3057 1216 3124 civitatum
1233 3056 1356 3124 ludaei.

221 3183 439 3273 Amphipolis,
456 3182 530 3250 urbs
550 3182 768 3264 Macedoniae,
787 3183 845 3250 sita
862 3193 927 3249 erat
943 3181 981 3250 ad
997 3181 1125 3248 fluvium
1143 3180 1359 3267 Strymonem,

121 3400 124 3405 .
177 3308 259 3376 haud
284 3308 392 3398 procul
417 3327 434 3374 a
458 3308 625 3397 Philippis.
640 3307 722 3377 Vide
746 3308 870 3375 Cellarii
891 3310 994 3376 Notit.
1013 3308 1108 3374 Orbis
1132 3309 1269 3395 Antiqui
1286 3306 1358 3375 Lib.

178 3433 226 3510 ll,
253 3433 330 3521 Cap.
360 3433 458 3511 Xlll,
485 3432 568 3499 Seot.
600 3435 637 3513 5,
663 3430 681 3519 S
705 3435 760 3499 77.
789 3434 874 3498 inter
897 3429 1112 3518 Amphipolim
1138 3442 1168 3496 et
1190 3428 1361 3498 Thessalo·

176 3555 277 3621 nicam
306 3553 424 3621 iacebat
451 3554 651 3622 Macedoniae
680 3554 754 3622 urbs
778 3554 963 3644 Apollonia,
989 3553 1081 3620 unius
1106 3552 1166 3619 diei
1196 3553 1360 3620 intervallo

177 3678 215 3746 nb
231 3677 411 3767 Amphipoli
437 3678 565 3747 distans.
584 3678 666 3748 Vide
689 3658 802 3746 cellar.
831 3678 907 3746 ibid.
926 3678 1010 3745 Sect.
1038 3676 1114 3765 bg
1138 3679 1193 3744 55.
1220 3676 1360 3745 Thessa·

178 3805 297 3885 ionica,
323 3803 399 3871 urbs
415 3804 587 3883 maritima,
607 3802 702 3871 hodie
719 3805 866 3870 Solocilci
880 3803 980 3884 dicte,
999 3801 1038 3869 ad
1054 3822 1237 3890 supremum
1253 3803 1358 3871 sinum

176 3928 396 3996 Thermaicum
414 3931 509 4014 (polse
525 3932 563 3994 de
578 3930 738 4020 Solortiiri)
756 3929 846 3997 iacet.
1306 3909 1310 3921 ’

209 4175 227 4242 ¹)
245 4175 285 4226 Ab
305 4173 353 4225 hoc
368 4172 430 4224 inde
449 4173 503 4224 loco
526 4172 658 4238 usquead
676 4171 738 4238 Cap.
787 4170 901 4222 comites.
928 4171 992 4223 Vide
1015 4186 1081 4238 quae
1105 4174 1256 4225 monuimus
1276 4188 1355 4242 supra

175 4260 224 4312 XX
243 4272 248 4307 ι
270 4261 284 4309 5
306 4259 386 4310 Lucas
403 4257 491 4309 denno
511 4259 600 4308 narrat
619 4257 645 4307 in
665 4258 741 4308 tertia
787 4256 819 4307 ad
832 4256 893 4321 Cap.
909 4257 986 4310 XVl:
1007 4255 1046 4308 to.

175 4355 294 4409 persona.
312 4342 350 4392 Bx
369 4354 421 4407 quo
436 4339 584 4402 conficitur,
601 4339 674 4390 illum
693 4339 741 4392 hoc
821 4340 839 4403 ³)
858 4338 938 4390 Codd.
957 4340 1022 4390 ABD
1038 4343 1064 4392 et
1081 4340 1220 4394 llinuscuii
1236 4341 1353 4396 nonnulli

174 4425 299 4492 temporis
317 4425 400 4490 spatio
416 4437 468 4475 non
486 4421 566 4499 luisse
583 4422 651 4473 inter
669 4422 740 4473 Pauli
789 4423 933 4476 Articulum
944 4423 992 4476 hcc
1004 4424 1059 4476 loeo
1072 4437 1123 4476 non
1137 4424 1244 4478 habent.
