3074 5054
427 387 563 455 CAPUT
597 386 726 465 XVlll,
763 385 882 454 VERS.
922 388 1067 454 itt—25.
1274 385 1336 469 tut

179 579 312 667 σολυμα,
341 581 471 667 genuina
498 580 575 655 sint,
609 577 740 647 dubitari
770 579 894 666 nequit,
921 578 995 666 quin
1024 574 1106 664 quod
1130 573 1182 641 hio
1206 572 1264 654 (rs.
1282 571 1341 658 Ἠ)

179 705 284 792 legitur
304 702 434 791 αναβας,
458 704 518 773 hoo
534 725 628 772 sensu
643 704 683 771 sit
706 703 901 771 sumendum.
931 705 985 772 Sin
1010 723 1101 784 vero,
1121 711 1205 768 certe
1227 698 1342 789 ambigi

178 831 282 916 possit,
299 850 338 895 an
355 850 414 896 uon
432 829 473 896 sit
492 825 609 909 αναβας
625 827 817 894 referendum
835 827 872 894 ad
890 828 1087 907 Caesaream,
1106 825 1341 914 adhibitumque

178 950 263 1020 luerit
279 952 356 1021 illud
371 951 499 1019 verbum
516 952 598 1032 ideo,
617 951 688 1040 quia
704 950 799 1018 Paulo
815 970 832 1017 e
848 951 916 1017 nati
931 971 1054 1039 egresso
1071 951 1101 1017 io
1118 950 1226 1018 urbern
1243 953 1340 1017 altius

180 1077 262 1145 sitam
284 1079 531 1144 adscondondom
551 1086 627 1143 erat.
655 1075 702 1143 Cf.
728 1074 869 1143 dictand
894 1077 969 1164 Gap.
997 1075 1042 1142 lll
1067 1101 1075 1142 ε
1101 1079 1132 1143 l.
1152 1115 1193 1124 -
1216 1073 1344 1143 Phrasis

181 1225 268 1267 ποιειν
297 1225 403 1292 χρονον
427 1225 495 1265 τινα
519 1200 557 1268 de
581 1202 782 1287 tronoipendo
806 1210 926 1293 tempus
952 1202 1096 1285 aliquod,
1124 1199 1234 1287 legitur
1253 1199 1343 1265 etiarn

181 1327 288 1392 lCor.
309 1327 353 1392 Xl
380 1348 386 1389 :
411 1328 453 1393 25
470 1335 500 1391 et
519 1323 628 1392 lilatth.
652 1325 742 1390 XX:
765 1298 921 1392 invide
949 1323 1039 1389 etiarn
1064 1341 1141 1410 quae
1170 1321 1342 1389 counimus

182 1469 270 1537 supra
289 1449 328 1516 ad
343 1450 418 1538 Cap.
438 1449 500 1516 XV
520 1469 527 1511 :
549 1451 603 1515 55.

223 1696 367 1762 lla-25.
394 1696 531 1760 ludaeos
554 1695 798 1779 attemptantem
815 1695 929 1776 Apollo
945 1695 1091 1768 notorior,
1107 1693 1194 1776 etc).
1213 1692 1345 1758 lnterse·

184 1819 257 1886 ritur
273 1819 326 1886 hic
348 1818 504 1909 (nt-28)
528 1819 661 1885 narratio
678 1816 717 1886 de
733 1817 864 1906 Apollo,
882 1817 949 1884 viro
965 1816 1004 1892 de
1020 1837 1053 1883 re
1071 1816 1252 1904 Euangeliou
1267 1815 1349 1905 apud

184 1943 356 2010 Corinthios
378 1944 455 2011 hene
476 1944 597 2010 nierito.
617 1942 726 2011 Videl
747 1942 819 2008 Cor.
840 1943 885 2008 lll
904 1962 912 2003 τ
932 1945 965 2010 7.
985 1941 1143 2031 Ephesum
1160 1943 1186 2010 is
1203 1953 1346 2024 venerat,

185 2079 344 2156 postquam
360 2069 491 2148 Paulus,
510 2069 626 2135 relictis
642 2067 685 2134 itt
702 2066 814 2156 Aquila
831 2079 860 2133 et
876 2067 1037 2147 Priscilla,
1056 2068 1235 2134 Caesaream
1252 2067 1352 2134 luerat

185 2191 350 2277 proiectus.
370 2193 444 2257 Erat
459 2190 599 2280 Apollos¹
619 2191 670 2257 ille
686 2201 755 2256 ortu
772 2188 922 2270 ludaeos,
936 2201 1025 2277 geute
1041 2188 1098 2276 (τῳ
1115 2194 1200 2279 panor)
1219 2188 1350 2256 Alexan-

185 2313 308 2394 drinus,
330 2315 377 2380 vir
404 2317 545 2402 eloquens
572 2311 713 2404 (λογιος),
738 2325 768 2380 et
794 2314 966 2381 divinarum
987 2314 1215 2402 Scripturarurn
1240 2315 1349 2402 peritia

186 2434 263 2504 haud
291 2439 456 2525 vulgariter
484 2439 613 2528 pollens.
645 2441 819 2504 lostitotns
841 2441 893 2504 liic
920 2449 987 2503 erot
1017 2441 1052 2503 in
1073 2439 1136 2521 fide
1165 2437 1351 2506 Christiano

185 2560 403 2649 (κατηχημενος
417 2587 468 2638 την
485 2559 552 2627 ὁδον
568 2586 621 2625 του
637 2562 767 2652 Κυριου)
783 2563 926 2628 aloanne
942 2563 1105 2651 Bapllsia²‚
1123 2573 1175 2628 aul
1191 2562 1229 2629 ab
1246 2562 1351 2650 aliquo

185 2704 221 2750 ax
245 2685 337 2752 huius
362 2686 535 2775 discipulis,
566 2687 634 2751 Hoc
659 2684 729 2752 inde
757 2683 924 2771 colligitur,
944 2685 1027 2772 qudd
1044 2684 1125 2752 idonr
1149 2705 1221 2751 nrox
1239 2684 1353 2751 dicitur

186 2814 306 2878 novisse
328 2823 451 2877 tantiam
474 2812 627 2895 baptismo
648 2811 800 2893 Ioonois5
825 2811 927 2898 itaque
949 2809 1051 2877 adlruo
1076 2830 1136 2876 non
1162 2810 1353 2878 inaudiverat
1386 2826 1400 2854 ·

187 2933 223 3000 de
239 2934 390 3024 baptismo
406 2956 422 3002 a
438 2935 561 3003 Christo
579 2935 728 3002 instituto.
749 2935 829 3002 llino
852 2956 925 3003 vero
945 2936 1035 3003 etiarn
1054 2935 1230 3016 conficitur,
1249 2937 1350 3005 virum

187 3059 268 3127 hunc
287 3072 411 3128 eatenus
427 3073 542 3128 tanturn
561 3061 589 3126 in
608 3059 667 3127 fide
683 3059 855 3126 Christiana
880 3059 975 3127 luisse
993 3061 1183 3141 institutum,
1203 3071 1353 3149 quatenus

188 3203 224 3249 ex
247 3185 370 3251 loannis
393 3185 546 3272 Baptistae
570 3182 796 3272 praedicatione
824 3181 1000 3264 didicisset,
1031 3185 1352 3263 lesunNazarenuno

188 3327 255 3373 esso
278 3307 465 3397 promissum
490 3310 653 3386 Messinm,
680 3318 709 3373 et
732 3327 810 3395 qnae
833 3307 970 3395 Baptista
1000 3319 1159 3395 practerea
1187 3308 1356 3398 discipulos

189 3455 260 3502 suos
277 3434 315 3502 de
332 3437 402 3503 lesu
424 3436 590 3504 docuisset.
616 3436 833 3524 Propagandae
849 3435 986 3503 veritatis
1009 3436 1119 3503 ardore
1136 3437 1257 3503 feruens
1273 3437 1357 3520 (ζεων

189 3582 232 3644 τῳ
248 3581 407 3645 coaspirare,
424 3563 548 3644 sororios
565 3558 685 3648 ultimo)
703 3570 735 3626 ut
751 3569 816 3626 erat
829 3558 968 3648 ApolloS,
983 3558 1144 3646 diligenter
1160 3579 1206 3638 ca,
1222 3579 1300 3647 qnae
1317 3559 1356 3626 de

191 3686 260 3752 lesu
273 3701 414 3764 novarat,
435 3685 629 3774 praedicabat
645 3682 772 3774 (alaier)
791 3684 1000 3772 docebatque,
1019 3704 1035 3750 c
1052 3684 1119 3750 loco
1140 3684 1169 3750 in
1187 3682 1306 3763 locuni,
1325 3694 1359 3749 ut

191 3807 322 3886 videtur,
342 3808 575 3896 peregrinando.
602 3810 720 3876 Etiam
741 3812 783 3874 od
805 3811 965 3892 llplrosum
988 3830 1084 3893 usque
1106 3810 1278 3891 pertiperot
1294 3805 1359 3885 (aor-

195 3988 388 4000 *αι-ιι

225 4106 243 4170 1)
261 4105 303 4157 Sic
315 4109 370 4157 erat
381 4104 561 4168 scribendum,
580 4118 630 4157 non
643 4103 749 4170 Apollo;
796 4117 874 4169 quam
893 4103 1045 4170 discipulos,
1064 4103 1096 4156 de
1113 4103 1209 4169 quibus
1224 4106 1263 4155 est
1274 4116 1358 4156 sermo

193 4171 573 4253 namgraecaesodnoiioa
586 4187 752 4240 contractum
797 4186 858 4250 Cap.
882 4200 948 4251 seq„
973 4185 1160 4238 adscendentes
1179 4185 1240 4237 olim
1260 4185 1287 4236 in
1312 4186 1358 4237 lu·

193 4284 233 4332 est
244 4279 292 4332 hoo
302 4292 397 4331 nomen
410 4293 443 4330 ex
455 4262 660 4339 draitona.
799 4269 889 4321 daeanr
902 4269 934 4320 da
953 4283 1022 4322 more
1033 4269 1066 4321 ad
1078 4267 1145 4320 diem
1159 4268 1253 4320 tastum
1263 4308 1269 4331 ,
1281 4267 1359 4320 luisse

801 4353 833 4403 ab
852 4353 907 4418 ipso
924 4354 1020 4404 loanne
1038 4353 1192 4418 baptizatos,
1206 4356 1266 4404 ante
1277 4365 1360 4405 annos

227 4437 248 4501 ¹)
269 4457 280 4482 ιι
294 4436 339 4488 Vel
359 4435 497 4489 dicendum
520 4440 558 4488 ast
578 4441 630 4488 toro
650 4435 755 4502 Apollo,
802 4434 903 4486 circiter
914 4434 1016 4499 viginti.
1033 4454 1044 4480 ε
1056 4434 1249 4487 lilenoohiusad
1260 4434 1287 4487 h.
1301 4435 1318 4486 l.
