3074 5054
177 389 243 459 444
522 393 657 462 ACTUS
691 393 1032 472 apostotorum,-

177 601 255 670 quos
278 581 493 672 exspectabat,
514 603 531 648 e
549 582 731 650 Macedonia
756 583 941 650 Corinthum
965 583 1178 665 advenissent,
1206 597 1291 652 totns
1312 609 1361 652 oc-

175 709 349 792 culpabatur
371 713 406 775 in
425 712 639 793 praedicando
662 712 838 794 Eocnqelio
860 712 1030 800 (συνειχετο
1054 734 1096 796 τῳ
1122 708 1228 800 λογῳ),
1247 721 1362 795 operte

177 833 299 900 ludaeis
320 837 492 918 testificans
513 829 837 925 (διαμαρτυρομενος),
862 836 964 900 lesum
984 854 1052 901 esse
1069 835 1257 923 promissum
1276 838 1362 902 lllcs-

176 957 322 1024 siom.-
338 958 437 1025 liniis
454 978 533 1047 qnae
550 959 695 1046 leguntur
710 961 722 1025 l
740 959 813 1025 Cor.
832 960 879 1024 Xl
897 987 904 1022 :
920 959 954 1038 8,
970 960 990 1026 9
1008 958 1110 1046 colligi
1130 968 1243 1047 potest,
1262 958 1362 1025 Silam

175 1091 206 1147 et
221 1080 421 1157 Timotheum
444 1081 540 1149 Paulo
565 1082 779 1171 pecuniarium
804 1081 929 1169 aliquod
952 1080 1126 1148 subsidium
1143 1102 1160 1147 0
1176 1080 1362 1148 Macedonia

176 1206 326 1273 attulisse.
354 1209 461 1296 ltaque
489 1207 692 1274 intermittere
718 1207 854 1297 potuerit
877 1207 1067 1273 manuariam
1097 1225 1183 1274 snam
1209 1226 1360 1294 operam,

176 1340 209 1395 ut
226 1330 278 1418 qui
295 1329 357 1396 iam
381 1329 506 1398 aliunde
528 1330 673 1410 haberet,
698 1331 780 1399 unde
803 1341 1039 1398 sustentaretur.
1054 1367 1098 1378 --
1114 1330 1244 1397 Locutio
1262 1353 1362 1392 συνει-

175 1478 245 1542 χετο
261 1480 304 1541 τῳ
317 1453 398 1545 λογῳ
415 1455 490 1523 milri
508 1457 631 1525 uidetur
645 1458 748 1525 valere
763 1469 846 1525 totus
862 1460 1064 1524 inhabeture
1080 1459 1171 1522 verbo
1191 1458 1248 1543 (τῳ
1264 1453 1359 1545 λογῳ1

175 1580 280 1646 Dativ.
311 1582 549 1674 Instrumenti).
584 1584 673 1649 Hanc
704 1582 861 1648 notionem
893 1581 1023 1648 verbum
1055 1580 1234 1666 συνεχεσθαι
1267 1576 1363 1644 habet

176 1703 249 1793 Sap.
265 1704 359 1771 XVll
379 1724 386 1765 :
407 1707 470 1784 20,
488 1705 561 1771 item
578 1705 660 1793 apud
680 1704 848 1773 Herodian.
869 1706 882 1770 l
902 1725 909 1766 :
933 1707 991 1783 lt,
1010 1707 1071 1780 22,
1090 1713 1120 1769 et
1136 1701 1257 1770 delion.
1278 1702 1359 1768 Var.

178 1825 259 1892 llist.
286 1827 388 1893 XlV:
407 1829 462 1893 22.
487 1826 577 1894 Adde
604 1851 739 1914 συνεχως
766 1849 836 1896 esso
863 1831 1076 1905 continenter,
1101 1829 1170 1894 sine
1197 1828 1361 1892 interpris-

176 1953 283 2034 sione,
306 1961 336 2016 et
359 1973 500 2037 συνεχεια
519 1951 558 2018 de
580 1955 789 2018 continuitate
795 2004 807 2037 ,
825 1955 1037 2038 perpetuitate
1043 2003 1056 2036 ,
1075 1953 1260 2018 assiduitate
1282 1949 1359 2017 dici.

223 2198 255 2263 6.
283 2195 579 2263 Contradicentibns
603 2209 707 2263 cutem
732 2198 794 2280 eis,
814 2193 905 2280 etc).
931 2194 1036 2262 ludaei
1060 2206 1164 2260 cutem
1187 2188 1244 2274 (de)
1261 2215 1360 2278 qurum

176 2342 209 2384 se
229 2322 326 2385 Ponto
342 2333 536 2416 opponerent
551 2320 833 2411 (αντιτασσομενων
847 2316 945 2396 Med.)
962 2318 1227 2396 contradicentes,
1246 2315 1360 2383 additis

177 2443 269 2509 etiam
292 2446 444 2514 conviciis
467 2448 498 2513 in
520 2449 623 2514 lesum
644 2456 706 2536 (και
729 2441 1023 2534 βλασφημουντων),
1046 2443 1116 2522 ille,
1135 2445 1272 2506 emeccasis
1292 2461 1359 2506 oes-

177 2566 260 2632 libtts
285 2572 353 2634 stris
376 2571 466 2656 (Aur.
486 2566 725 2655 εκτιναξαμενος.
744 2568 815 2636 vide
837 2567 876 2635 ad
898 2569 974 2656 Cap.
1000 2568 1103 2634 Xlll:
1124 2568 1193 2651 51),
1218 2565 1298 2632 dixit
1319 2564 1357 2630 ad

178 2689 249 2757 illos
272 2712 280 2753 :
304 2693 445 2777 Scopas-'s
472 2705 572 2760 nester
601 2696 637 2758 in
660 2704 754 2776 caput
774 2693 933 2758 oestrum!
956 2691 989 2758 h.
1012 2712 1041 2757 e.
1066 2690 1192 2757 exitium
1218 2699 1356 2755 vestrum

179 2816 411 2907 vobismetipsis
439 2820 619 2907 imputetur,
652 2819 744 2907 culpa
772 2829 873 2885 vestra
906 2817 1064 2907 peribitis,
1096 2837 1156 2883 non
1185 2820 1271 2880 meo!
1303 2836 1357 2898 epo

179 2947 318 3009 mundus
339 2965 410 3009 sum
438 2943 577 3033 (καθαρος
604 2942 688 3032 εγω),
715 2944 822 3010 insons
849 2963 917 3009 sum
944 2942 1035 3008 vestri
1060 2941 1163 3019 exitii3
1191 2939 1275 3028 quod
1297 2939 1357 3005 mei

180 3068 318 3134 muneris
335 3078 418 3147 erat,
437 3065 497 3133 hoc
521 3067 597 3147 leci3
616 3067 672 3135 sed
695 3067 887 3135 frustraneus
909 3078 972 3147 est,
992 3087 1084 3155 quem
1105 3064 1193 3132 vobis
1211 3064 1358 3153 impendo

178 3190 334 3271 laborem3
354 3212 449 3281 quare
466 3192 503 3256 ab
519 3193 574 3256 lenc
591 3195 666 3258 inde
690 3205 828 3278 tempore
844 3193 917 3276 (απο
933 3214 986 3254 του
1003 3189 1070 3275 νυν)
1088 3190 1127 3257 ad
1151 3190 1291 3258 Gentiles
1309 3210 1359 3256 mc

178 3315 349 3382 conseram.
368 3353 412 3364 —-
425 3318 460 3380 ln
477 3314 612 3382 dictione
627 3340 661 3379 το
677 3321 756 3403 αἱμα
780 3318 864 3402 ripum
886 3339 935 3379 επι
954 3339 1007 3390 την
1023 3313 1154 3407 nepai-pu
1180 3317 1283 3401 ὑμων,
1298 3336 1359 3381 vox

178 3443 258 3524 αἱμα
292 3460 348 3528 per
381 3437 594 3527 Metaphoram
623 3451 706 3507 notat
738 3451 891 3523 mortem,
924 3443 1075 3525 exitium,
1106 3452 1139 3506 ut
1170 3440 1248 3506 inlra
1277 3441 1357 3528 Cap.

178 3565 266 3630 XX:
288 3565 343 3631 26.
369 3564 489 3652 Nempe
509 3562 629 3630 dixerat
649 3565 787 3632 Salvator
810 3566 924 3653 (Marc.
950 3565 1028 3632 XVl
1046 3589 1053 3631 :
1071 3567 1129 3642 15,
1157 3565 1208 3648 ld)
1230 3587 1237 3628 :
1256 3565 1360 3628 Proe-

178 3690 281 3752 dr'cote
296 3688 505 3770 Erumpelinm
522 3691 611 3753 omni
626 3698 832 3755 creaturae...
852 3690 916 3769 Qut
939 3710 1003 3775 non
1027 3691 1195 3754 crediderit
1214 3692 1360 3754 condem-

177 3813 319 3878 nabitur.
338 3851 382 3861 -
401 3812 541 3881 Verbum
564 3815 803 3877 αντιτασσεσθαι
832 3815 959 3903 proprie
978 3813 1093 3881 dicitur
1120 3812 1157 3879 de
1185 3812 1357 3891 militibus,

160 3937 230 4025 ¹qui
248 3960 279 4004 se
294 3940 451 4004 instructu
467 3940 531 4003 acie
547 3939 684 4004 hostibus
703 3948 878 4023 oppommt.

179 4137 375 4146 ———-.---·

211 4271 219 4301 ¹
238 4271 302 4322 Vin.
316 4285 386 4320 incr.
406 4270 455 4322 Pro
474 4279 516 4341 τῳ
533 4277 682 4342 πνευματι
703 4283 743 4330 ess
788 4270 866 4322 etiam
883 4269 980 4320 multae
991 4269 1124 4320 versiones
1141 4269 1282 4335 antiquae,
1296 4269 1358 4322 item

177 4370 220 4430 τῳ
238 4342 318 4435 λογῳ
337 4361 365 4411 in
384 4360 465 4413 Codd.
485 4361 592 4412 ABCEG
612 4361 743 4427 variisque
789 4360 915 4423 Basilius,
938 4359 1130 4424 'lheodorclnS,
1153 4364 1180 4411 et
1202 4359 1357 4426 chrysosto-

177 4444 330 4496 Minuscults
340 4483 346 4509 ,
355 4457 465 4512 eamque
478 4445 613 4498 lectionem
626 4444 744 4497 referunt
790 4459 856 4497 mus.
