3074 5054
520 392 658 461 CAPUT
693 393 741 476 11,
780 392 902 461 vitas.
940 392 997 459 25.
1037 406 1040 411 “
1316 392 1360 458 65

222 604 283 666 per
297 603 413 648 manus
431 584 618 668 iniquorum
633 581 814 667 efflipenles
837 580 1075 669 interemistis).
1093 583 1155 648 Pro
1171 580 1359 665 cfflipentes¹

176 725 292 791 graeco
312 716 359 774 cst
380 701 621 796 προσπηξαντες,
644 704 782 786 hooest,
801 703 982 790 effipentes,
1002 703 1072 772 scil.
1090 707 1177 770 cruci
1191 701 1359 796 (σταυρῳ).

178 830 298 899 Sensus
314 839 383 897 est:
399 828 483 896 hunc
498 848 553 896 vos
579 828 791 908 interemistis,
809 827 896 895 cruci
912 847 983 895 eum
1006 826 1157 915 affigendo
1171 848 1228 917 per
1251 847 1360 896 manus

179 952 374 1031 Gentilium,
389 962 462 1043 puta
482 952 616 1020 militum
637 954 862 1019 Romanorum.
880 989 924 1001 —
940 950 1071 1038 diepam
1088 972 1149 1020 non
1171 961 1218 1019 est
1233 951 1361 1040 iungen-

178 1076 257 1146 dum
280 1089 437 1168 tamquam
464 1076 661 1145 Adicclivum
686 1096 757 1144 cum
785 1097 913 1166 χειρων,
938 1075 994 1143 sed
1017 1097 1139 1162 ανομων
1166 1075 1361 1143 Substantive

179 1201 236 1270 hic
262 1203 406 1271 sumitur.
430 1201 547 1288 Aropo:
574 1198 724 1288 (enlepes)
751 1211 854 1269 aulem
887 1200 1034 1268 dicuntur
1068 1201 1227 1284 Gentiles,
1246 1210 1281 1268 ut
1307 1200 1361 1288 qui

177 1330 331 1412 scriptam
347 1331 445 1411 lepem
470 1345 532 1393 nou
556 1335 755 1414 acceperant,
772 1326 855 1392 sicut
870 1323 988 1392 ludaei.
1014 1325 1063 1392 Cf.
1083 1327 1186 1394 icor.
1206 1326 1282 1392 1x=
1302 1327 1358 1393 nl.

180 1449 281 1517 iidem
307 1449 382 1517 olibi
405 1448 532 1539 (Matlh.
557 1449 669 1517 XXVI
689 1470 698 1512 τ
717 1451 772 1517 dd.
797 1451 876 1516 Luc.
902 1448 1014 1516 XXlV
1036 1469 1044 1510 :
1069 1451 1103 1516 7.
1128 1448 1199 1518 Gal.
1222 1451 1252 1516 lt
1272 1468 1280 1510 :
1303 1446 1362 1536 to)

176 1583 356 1655 peccatores
381 1569 592 1662 (ἁμαρτωλοι)
619 1583 769 1646 vocantur
798 1598 805 1635 ι
840 1572 947 1639 «Non
974 1569 1078 1638 dicant
1105 1571 1230 1650 ludaei,
1259 1570 1362 1659 inquit

180 1698 216 1765 S.
239 1698 449 1786 Augustinus,
475 1717 537 1763 non
561 1694 735 1764 occidimus
758 1692 931 1762 Christum.
957 1695 1080 1761 Etenim
1100 1705 1265 1785 propterea
1287 1714 1358 1762 enm

181 1821 333 1890 dederunt
355 1821 451 1889 iudici
475 1821 591 1900 Pilato,
610 1830 644 1888 ut
663 1819 752 1909 quasi
772 1818 833 1908 ipsi
856 1838 874 1885 a
896 1828 996 1887 morte
1017 1818 1085 1885 eins
1103 1817 1282 1886 viderentur
1302 1818 1361 1884 im·

182 1964 302 2012 munes.
320 1944 399 2011 Nam
423 1963 495 2010 cum
519 1942 648 2011 dixisset
662 1941 708 2009 eis
724 1940 841 2007 Pilatus
861 1965 869 2008 z
887 1941 954 2009 Vos
970 1960 1041 2006 eum
1058 1939 1209 2008 occidite!
1228 1959 1362 2029 respon·

183 2071 294 2139 derunt
312 2096 321 2139 z
338 2070 436 2139 Nobis
453 2089 514 2136 non
531 2068 603 2137 licet
618 2067 763 2136 occidere
778 2087 979 2157 quemqnam.
999 2066 1196 2156 imquitatem
1213 2067 1360 2135 facinoris

183 2195 233 2261 sui
248 2195 280 2262 in
304 2193 439 2261 iudicem
455 2193 614 2262 hominem
638 2191 804 2260 retundere
826 2192 985 2274 volebant3
1011 2191 1066 2260 sed
1090 2190 1242 2281 numquid
1256 2192 1361 2258 Deum

184 2316 316 2385 iudicem
339 2318 507 2387 saliebant?
524 2317 615 2403 Quod
639 2317 712 2384 lecit
734 2317 871 2397 Pilatus,
889 2316 921 2382 in
945 2335 982 2383 eo
1006 2316 1076 2404 ipso
1099 2313 1183 2403 qnod
1200 2313 1288 2394 iecit,
1306 2313 1363 2379 ali-

184 2452 330 2530 quantum
359 2444 513 2532 particeps
537 2441 612 2524 iuit;
637 2441 692 2509 sed
716 2442 747 2507 in
776 2440 1006 2529 comparatione
1028 2438 1154 2507 illorum
1176 2437 1272 2506 mullo
1295 2438 1364 2525 ipse

184 2566 389 2633 innocentior.
420 2565 534 2632 Institit
562 2565 645 2632 enim
676 2573 824 2653 quantum
860 2562 976 2652 potuit,
1006 2573 1040 2629 ut
1067 2560 1155 2628 iilum
1186 2581 1225 2628 ex
1253 2580 1361 2629 eorum

185 2688 326 2756 manibus
352 2687 514 2768 liberaret3
545 2707 616 2754 nam
644 2698 808 2777 propterea
835 2685 1022 2774 flagellatum
1049 2684 1197 2774 produxit
1224 2682 1264 2751 ad
1294 2704 1361 2751 eos.

184 2809 252 2875 Non
279 2809 496 2899 persequendo
523 2810 694 2878 Dominum
721 2806 903 2896 flagellavit,
928 2808 984 2876 sed
1011 2828 1120 2876 eorum
1147 2807 1246 2875 furori
1275 2809 1364 2876 salis·

185 2931 285 3000 iacere
309 2933 436 3012 volens,
450 2943 485 3000 ut
500 2933 548 3000 vel
572 2935 619 3001 sic
635 2935 697 3000 iam
713 2934 929 3013 mitescerent,
948 2944 978 2999 el
993 2931 1171 3000 desinerent
1185 2932 1264 2999 velle
1280 2933 1363 3000 occi-

185 3053 275 3136 dere,
294 3075 366 3123 cum
383 3050 569 3144 flagellatum
584 3056 738 3124 viderent.
756 3059 797 3124 At
812 3056 865 3124 ubi
883 3067 1136 3144 perseverarunt,
1155 3056 1253 3125 nostis
1276 3057 1363 3123 illum
1443 3079 1444 3082 ¹

185 3181 293 3249 lavisse
317 3202 426 3249 manns
452 3191 484 3248 et
511 3181 644 3262 dixisse,
660 3182 819 3250 ,mundum
841 3202 875 3249 se
897 3201 966 3248 esse
986 3202 1005 3248 a
1029 3191 1128 3249 morte
1155 3181 1251 3249 illius.
1277 3181 1364 3248 Fecit

186 3317 296 3373 tamen
326 3306 389 3375 Sed
416 3306 442 3373 si
471 3326 561 3386 rens,
585 3307 657 3396 qnia
681 3308 755 3374 iecit
778 3308 826 3374 vel
854 3307 986 3387 invitus,
1009 3304 1054 3372 illi
1082 3306 1282 3384 innocentes,
1309 3304 1363 3392 qui

187 3433 351 3516 coiigerunt
370 3439 404 3495 ut
425 3427 563 3496 iaceret?
584 3429 678 3499 Nullo
703 3429 808 3497 modo.
834 3428 897 3498 Sed
917 3428 970 3496 ille
992 3428 1070 3496 dixit
1095 3428 1127 3494 in
1150 3447 1221 3495 eum
1242 3436 1365 3493 senten-

187 3552 277 3634 tiam,
297 3564 328 3620 et
348 3553 438 3621 iussit
459 3573 531 3621 eunt
552 3554 713 3643 crucifigi,
734 3568 764 3625 et
787 3555 875 3645 quasi
900 3555 968 3644 ipse
989 3551 1120 3635 occidit;
1138 3563 1169 3619 at
1190 3572 1262 3634 uos,
1280 3571 1299 3617 o
1316 3551 1366 3617 lu-

188 3673 271 3757 daei,
293 3675 463 3745 ocoidistis.
491 3677 582 3746 Unde
608 3679 789 3747 occidistis?
811 3678 923 3748 Gladio
950 3677 1072 3764 linguae
1096 3674 1255 3742 :acuistis
1283 3673 1365 3740 enim
1425 3757 1428 3762 .

188 3796 304 3886 linguas
327 3810 459 3868 vestras.
485 3801 524 3867 Et
548 3799 671 3890 quando
700 3801 919 3891 percussistis,
942 3799 1003 3865 nisi
1028 3797 1151 3888 quando
1175 3795 1362 3864 clamastis:

196 3920 395 4009 «Crucifige,
416 3922 596 4010 crucifiget
617 3952 630 3981 »

193 4098 360 4109 ——-

220 4196 239 4262 ¹)
255 4197 407 4266 Affllpenlea
416 4197 510 4261 legitur
523 4197 551 4248 in
563 4197 673 4262 Vulgata
685 4197 750 4250 edit.
797 4212 853 4250 esso
864 4197 968 4250 uidetur
980 4197 1114 4260 mendum,
1132 4196 1202 4262 qnod
1214 4195 1366 4247 correctoris

190 4279 304 4333 vatican.
319 4295 343 4332 a.
357 4282 433 4344 ⁴598,
449 4294 497 4333 nec
514 4281 541 4331 in
559 4279 611 4332 ullo
622 4294 655 4333 cx
668 4281 752 4332 trihus
797 4281 959 4346 diligentiam
971 4281 1076 4346 ingerit.
1090 4279 1129 4332 Ci.
1141 4279 1293 4344 Bokentop,
1308 4279 1367 4329 dcc

190 4364 347 4415 correctoriis
358 4377 388 4415 ea
402 4377 453 4415 uox
474 4367 607 4428 tamquam
628 4362 751 4415 mendosa
797 4363 829 4413 dc
842 4361 907 4412 luce.
923 4360 980 4412 Lib.
992 4363 1017 4425 ἓ,
1031 4361 1064 4412 nd
1076 4360 1102 4412 h.
1116 4361 1134 4412 l.

190 4446 334 4510 corrigitur.
361 4443 586 4511 typographicam
607 4447 695 4496 tamen
714 4445 751 4496 ibi
831 4445 851 4510 ¹)
869 4444 897 4496 S.
908 4446 975 4510 Aug.
988 4447 1071 4497 Tract.
1084 4445 1111 4496 in
1125 4444 1166 4496 Pe.
1183 4445 1224 4508 63,
1243 4442 1327 4496 advs.
1338 4442 1364 4492 n.
