3074 5054
476 365 614 434 CAPUT
647 365 746 445 ΧΙΧ,
784 363 905 434 vuttS.
944 365 1089 434 art-ae.
1300 365 1360 432 ill

189 574 331 620 nummos
353 553 503 645 quosdam
527 566 706 644 argenteos,
734 555 764 621 in
788 553 903 642 quibus
924 553 1043 621 Dianae
1066 552 1215 642 templum
1240 570 1366 642 reprae-

187 688 375 760 sentaretnr;
407 679 462 747 sed
489 679 666 748 istiusmodi
695 698 840 745 nummos
866 665 1038 755 exstitisse,¹
1068 674 1153 743 nullo
1182 686 1363 763 argumento

187 800 311 891 probari
336 814 449 891 potest.
468 805 575 893 ltaque
599 801 815 890 intelligendae
838 800 984 868 videntur
999 800 1156 868 aediculae
1175 800 1240 867 sive
1256 799 1364 866 thecae

185 939 355 1016 argenteae,
375 948 454 1019 quae
470 928 635 995 fabricatae
651 937 755 994 essent
769 926 809 993 ad
824 925 983 1014 exemplar
999 925 1104 1014 templi
1122 925 1242 992 Dianae
1258 921 1363 1014 Ephe-

186 1050 285 1130 sinar,
302 1051 397 1140 idque
414 1052 454 1119 ita
471 1062 505 1119 ut
523 1051 617 1118 simul
635 1051 703 1117 eins
719 1048 794 1117 deae
810 1047 986 1116 ionncnlam
1002 1047 1138 1135 aliquam
1157 1047 1361 1114 continerent.

187 1173 219 1238 ln
246 1172 327 1239 banc
353 1174 536 1240 sententiam
564 1173 649 1240 dueit
677 1182 748 1238 nota
775 1171 925 1260 quaedam
961 1169 1074 1236 veteris
1109 1168 1294 1236 scholiastae
1324 1169 1364 1236 ad

187 1295 343 1363 Aristotel.
362 1295 522 1365 eretoric.
544 1296 614 1363 Lib.
642 1296 675 1374 1,
698 1297 775 1383 Cap.
794 1295 869 1362 XV.
896 1293 974 1361 Nam
1000 1291 1052 1359 hic
1075 1291 1145 1360 illos
1162 1291 1362 1381 parvulorum
1465 1379 1468 1385 .

186 1421 369 1510 templorum
393 1420 594 1488 fabricatores
616 1430 706 1488 vocat
728 1442 908 1498 ναοποιους,
936 1426 966 1484 ot
989 1440 1126 1481 ναοποιοι
1143 1416 1187 1484 illi
1205 1427 1294 1497 sunt,
1313 1437 1362 1484 re-

186 1543 298 1610 ferente
314 1543 479 1632 Deylingio
498 1545 540 1630 (iu
560 1544 689 1610 Obsero.
709 1543 821 1610 Suerr.
835 1544 874 1609 P.
893 1543 931 1622 5,
951 1563 983 1631 p·
999 1540 1091 1622 564),
1109 1543 1137 1602 οἱ
1151 1563 1228 1614 τινες
1242 1564 1363 1604 ποιουσι

186 1687 288 1743 reove,
307 1689 370 1739 ητοι
394 1688 607 1729 sancrosancta
627 1690 694 1730 τινα
719 1687 814 1754 praepa
831 1661 953 1744 ξυλινα,
972 1688 1024 1726 και
1041 1660 1171 1726 πολουσι
1187 1687 1278 1726 αντα.
1299 1662 1360 1730 Ubi

186 1811 247 1854 unet
276 1801 348 1857 suut
375 1813 604 1869 εικονοστασια,
629 1790 652 1856 i.
683 1810 712 1856 e.
737 1792 898 1856 aediculae
925 1810 994 1854 cttru
1025 1789 1191 1853 leunculis
1215 1789 1292 1853 Rem
1315 1786 1362 1853 sic

185 1912 332 1980 intellexit
353 1914 445 1980 etiam
467 1911 651 1980 Ammonius
675 1913 718 1998 (in
742 1913 855 1979 Calena
878 1913 996 1982 Graeca
1017 1930 1113 1999 snpra
1134 1907 1239 1995 citata)
1263 1929 1271 1969 :
1295 1903 1361 1997 ῃδει

186 2040 263 2101 card
286 2036 474 2126 Δημητριος,
499 2036 619 2123 iuquit,
640 2039 686 2099 ὁτι
710 2051 812 2110 noaret
832 2059 902 2111 τους
924 2036 1118 2125 ανθρωπους,
1142 2055 1236 2098 ποιων
1257 2055 1359 2106 aurora

185 2179 269 2233 ναους
285 2182 337 2221 και
354 2159 434 2232 deneg
450 2181 609 2251 eppepovg.
628 2158 720 2224 Tales
737 2157 893 2225 aediculas
917 2157 1026 2225 Strabo
1044 2167 1133 2224 vocal
1148 2179 1310 2233 ναισκους,
1330 2166 1359 2221 et

184 2278 331 2366 Polybius
344 2275 457 2346 ναιδια.
472 2318 516 2328 -
533 2279 873 2367 Magnificentissimnm
888 2289 953 2345 erat
969 2277 1045 2345 illud
1060 2279 1178 2345 Dianae
1194 2276 1357 2366 templum,

183 2412 272 2492 atque
288 2403 330 2469 ita
347 2413 381 2469 ut
405 2404 484 2471 inter
500 2415 618 2491 septem
642 2403 728 2470 orbis
750 2403 900 2470 miracula
921 2411 1189 2469 annumeraretur.
1208 2401 1358 2490 Descrip-

183 2526 294 2592 tionem
320 2525 387 2592 eins
410 2526 514 2614 templi
542 2526 643 2613 legere
666 2537 712 2592 est
727 2525 810 2613 apud
830 2525 1041 2605 Gronoviem,
1062 2525 1091 2590 in
1108 2523 1221 2592 Thess.
1248 2525 1355 2614 Antiq.

181 2651 270 2716 Tom.
289 2650 381 2729 vlu,
400 2671 432 2738 p.
452 2651 553 2717 9646.
573 2651 608 2715 ln
626 2649 743 2715 intimis
765 2649 870 2738 templi
896 2648 1105 2737 penetralibus
1128 2647 1359 2716 custodiebatur

181 2773 296 2839 Dianae
312 2784 429 2853 statua,
448 2793 540 2862 quam
558 2772 724 2840 credebant
740 2793 802 2839 non
820 2772 953 2840 bumana
969 2784 1034 2839 arte
1054 2773 1150 2840 luisse
1166 2773 1356 2850 confectam,

179 2899 232 2966 sed
256 2900 386 2967 coelitus
410 2900 587 2988 delapsam,
605 2909 697 2987 atque
719 2898 796 2965 adeo
821 2899 968 2967 divinitus
990 2899 1103 2967 datam.
1124 2902 1168 2967 lta
1185 2900 1355 2968 Palladium

178 3018 365 3110 (παλλαδιον
386 3021 419 3089 lr.
444 3044 472 3089 e.
498 3044 635 3106 perennc
658 3025 800 3089 Palladis
820 3025 1043 3107 simulacrum)
1064 3025 1177 3094 Troiae
1204 3025 1357 3094 creditum

178 3144 235 3212 luit
249 3140 383 3219 διοπετες
401 3142 545 3234 αγαλμα,
564 3147 771 3211 simillaerrnn
787 3169 807 3212 o
822 3149 897 3212 loce
914 3151 1091 3232 delapsum.
1111 3148 1231 3215 Similia
1243 3147 1283 3215 de
1299 3170 1355 3218 suo

178 3269 286 3334 docili
301 3267 367 3334 sive
382 3280 471 3334 scuto
496 3257 622 3335 fabulati
639 3280 711 3335 sunt
728 3269 872 3336 Romani.
887 3270 1040 3336 Peculiari
1059 3269 1191 3360 quadam
1208 3271 1356 3359 religione

178 3391 313 3480 presia
330 3391 381 3458 illa
398 3392 499 3458 Diana
523 3391 695 3473 colebatur,
714 3412 781 3492 non¹
800 3404 917 3461 tantum
933 3393 1121 3475 adnitimis,
1141 3396 1356 3464 verumetiam

176 3518 335 3606 apopulis
358 3536 449 3604 quam
475 3516 705 3583 remotissimis.
726 3517 806 3586 Vide
828 3518 975 3606 Deyling.
1002 3539 1034 3609 p.
1061 3522 1139 3597 574,
1158 3540 1229 3610 sqq.
1250 3521 1356 3609 ltaque
1457 3493 1460 3499 ⁵

177 3637 274 3705 exteri
301 3656 410 3723 magno
436 3656 565 3702 numero
593 3637 740 3704 continuo
769 3637 929 3726 Ephesum
954 3636 1170 3719 adventantem
1196 3653 1356 3729 argenteas

176 3762 262 3840 illas,
290 3782 366 3850 qaas
390 3762 544 3841 diximus,
571 3763 689 3829 Dianae
716 3763 889 3843 aediculam
914 3764 1016 3831 cultris
1040 3785 1151 3848 eausa,
1180 3766 1223 3834 ibi
1253 3787 1356 3834 emere

176 3907 345 3975 secumque
369 3886 496 3954 domum
519 3899 679 3975 asportare
701 3889 934 3971 consueveriat3
956 3889 1037 3957 unde
1061 3889 1151 3957 iaoile
1176 3891 1356 3980 intelligitur

176 4007 326 4077 uberrimi
345 4022 491 4099 quaestus
507 4012 603 4081 luisse
620 4014 709 4082 istius
723 4015 947 4104 suppellectilis
964 4016 1136 4107 opificium.

222 4244 480 4334 ab—ue.'(tnos
508 4278 699 4341 convocans,
730 4259 820 4346 ete).
855 4261 936 4348 Ergo
971 4262 1149 4330 Demetrius
1177 4264 1230 4331 ilie
1257 4285 1352 4352 quum

175 4381 250 4449 satis
266 4381 461 4471 praevideret
479 4383 619 4451 cilicinae
644 4405 718 4452 snae
734 4385 904 4454 timendum
929 4407 997 4457 esse
1013 4407 1029 4456 a
1047 4388 1162 4469 Paulo,
1181 4387 1256 4457 buia
1273 4390 1353 4460 malo
