3074 5054
488 391 624 456 CAPUT
658 390 787 470 XXlll,
825 389 947 460 VattS.
986 390 1086 457 5-8.
1303 389 1366 455 tat

181 580 305 647 tissima
326 578 380 646 illo
405 599 509 646 rerum
535 578 730 646 ludaicarum
754 591 834 647 statu
859 579 1026 648 identidem
1050 577 1209 646 acciderit.
1238 578 1276 645 Et
1296 589 1369 646 tuno

179 703 310 792 quidem
325 704 475 794 temporis
490 725 555 772 rem
573 704 613 771 ita
627 702 742 771 habere
759 703 874 772 Paulus
890 716 999 792 putare
1014 703 1103 771 lacile
1120 705 1271 793 potuerit,
1285 701 1369 791 quod

178 828 290 910 sciret,
309 839 500 919 postremum
519 828 702 896 Pontificem
719 849 736 895 a
753 827 911 914 Quadrato
935 828 1045 913 Syriae
1069 824 1211 916 praeside
1232 826 1368 894 vinctum

178 954 314 1020 Romam
328 953 424 1021 luisse
440 957 571 1023 missum
582 955 621 1022 ad
638 955 772 1024 tribunal
791 956 993 1044 lmperatoris
1008 953 1070 1041 (ΡΙ.
1091 952 1215 1042 loseph.
1234 954 1364 1042 Antiqq.

179 1078 278 1147 Eibb.
294 1081 376 1159 XX,
395 1081 471 1169 Gap.
492 1082 537 1150 Vl
557 1103 565 1145 :
584 1080 633 1170 ᾖ),
652 1101 710 1148 nec
735 1079 936 1148 inaudivisset
960 1080 1068 1161 illum,
1086 1080 1224 1168 Agrippa
1249 1078 1369 1146 iuniore

176 1221 240 1288 pro
265 1221 303 1268 eo
324 1202 553 1284 intercedente,
569 1203 764 1283 absolutum,
791 1204 938 1293 pristinae
963 1202 1103 1291 dignitati
1127 1203 1223 1269 luisse
1246 1203 1369 1269 restitu-

177 1335 268 1406 tam,
287 1337 340 1394 aut
355 1326 451 1393 aliam
467 1328 646 1418 quempiam
664 1328 695 1393 in
713 1327 781 1395 eius
798 1327 899 1395 locum
918 1326 1014 1395 luisse
1030 1327 1208 1394 sullectum.

230 1579 331 1646 6-8.
357 1579 466 1646 Sciens
481 1590 587 1644 autem
606 1580 746 1662 Paulas,
765 1588 854 1671 etc).
868 1579 973 1664 Quum
991 1577 1078 1645 Pauli
1097 1577 1260 1645 interesset
1278 1598 1365 1645 suam

175 1701 324 1771 'lriltuno
347 1704 499 1791 praesenti
526 1703 659 1791 probare
682 1703 907 1783 innocentiam,
933 1703 1071 1790 satisque
1093 1702 1278 1791 intelligeret
1299 1724 1365 1771 rem

178 1823 244 1891 sibi
268 1844 337 1891 esse
358 1846 429 1892 cum
454 1826 571 1913 iniquis
599 1824 774 1902 iudicibus,
795 1824 874 1892 hona
895 1824 1025 1915 quadam
1052 1837 1118 1893 arte
1143 1846 1218 1894 usus
1243 1834 1316 1903 est¹,
1334 1838 1369 1894 ut

180 1947 389 2016 incolumitati
414 1969 488 2017 suae
512 1949 700 2017 consuleret.
725 1950 859 2017 Noverat
874 1950 1014 2029 scilicet,
1033 1969 1206 2018 assessores
1223 1950 1367 2038 Synedrii

181 2072 337 2140 minorem
362 2085 481 2163 partem
503 2085 646 2142 constare
668 2072 877 2154 Sadducaeis,
904 2094 983 2162 quae
1004 2085 1089 2142 secta
1110 2076 1369 2143 resurrectionem

182 2205 378 2262 mortuorum
396 2196 541 2284 negabat,
561 2196 711 2263 maiorem
732 2215 804 2263 vero
821 2195 1015 2274 Pharisaeis,
1036 2197 1088 2286 qui
1107 2194 1187 2264 hanc
1211 2217 1370 2264 resurrec-

185 2317 300 2385 tionem
317 2317 522 2387 allirmabant.
539 2322 621 2408 Ergo
640 2330 674 2386 ut
690 2319 815 2408 iniquos
832 2339 905 2386 suos
919 2316 1038 2386 iudices
1059 2317 1258 2397 dissociaret,
1278 2330 1370 2409 atquc

184 2440 322 2508 fauentes
337 2441 396 2509 sibi
414 2443 647 2510 nancisceretur
662 2440 866 2521 Pharisaeos,
892 2443 976 2508 eluta
997 2463 1069 2509 voce
1089 2442 1121 2508 in
1145 2440 1299 2528 Synedrio
1317 2462 1370 2506 eac·

181 2566 333 2631 clamauit
355 2561 510 2655 (capeielz
536 2566 607 2632 Viri
627 2564 767 2652 fratres!
791 2565 989 2632 Pharisaeus
1011 2586 1065 2648 epo
1086 2586 1176 2644 sum,
1202 2576 1232 2630 et
1253 2565 1371 2631 Pluri-

181 2709 331 2754 eaearum
359 2691 445 2772 filius
474 2697 572 2777 (ortus
599 2709 616 2755 a
645 2700 731 2778 patre
757 2699 787 2755 et
815 2689 939 2777 proauis
967 2686 1178 2776 Pharisaeis);
1209 2688 1246 2754 οὐ
1274 2685 1370 2779 (περι)

178 2814 401 2894 praedicatam
417 2836 438 2878 a
453 2835 504 2878 me
518 2835 605 2898 spem
619 2814 752 2897 secturae
768 2814 1009 2877 resurrectionis
1025 2822 1244 2892 mortuorum,
1262 2834 1316 2896 epa
1335 2816 1370 2878 iu

181 2937 233 3000 ius
255 2956 327 3002 eram
346 2921 475 3003 vocetur
497 2937 679 3026 (κρινομαιμ
700 2937 784 3003 llaec
807 2933 859 3002 ubi
884 2932 1031 3014 dixisset,
1056 2934 1212 3003 contentio
1236 2945 1303 3001 orta
1323 2946 1370 3002 est

184 3055 369 3125 Pharisaeos
396 3059 477 3125 inter
503 3070 534 3125 et
558 3058 774 3144 Sadducaeos,
800 3060 957 3142 scissaque
981 3068 1027 3123 ert
1050 3055 1200 3143 (εσχισθη)
1223 3056 1367 3143 Synedrii

183 3198 378 3248 assessorum
396 3184 567 3248 multitudo
587 3188 631 3271 (το
648 3178 783 3269 alutae).
803 3219 846 3228 -
864 3178 958 3247 Addit
970 3180 1071 3247 Lucas
1084 3178 1177 3247 huius
1193 3178 1369 3250 schismatis

184 3321 329 3382 causam,
356 3324 449 3392 quam
473 3305 535 3372 iam
556 3303 738 3371 innuimus:
758 3303 938 3369 Sadducaei
957 3308 1041 3370 euim
1065 3311 1131 3392 (pau
1147 3307 1218 3395 pap)
1242 3306 1366 3389 dicuat,

183 3449 247 3494 aaa
269 3449 334 3495 erae
356 3432 640 3512 resurrectionem,
668 3450 766 3514 nepae
785 3429 945 3512 armatum,
966 3448 1065 3513 aeque
1081 3431 1210 3494 orauiuo
1228 3439 1371 3495 creatam

183 3554 324 3638 aliquem
342 3556 515 3636 spiritum·
540 3554 714 3619 Pharisaei
743 3563 853 3618 coutra
877 3547 942 3640 (ts)
965 3562 1135 3638 utrumque
1163 3553 1369 3636 profiteatur.

186 3715 228 3726 -
241 3677 436 3760 Sadducaei,
458 3691 580 3767 praeter
597 3680 718 3759 Deum,
737 3677 939 3746 substantiam
957 3677 1091 3766 aliquam
1108 3678 1302 3767 spiritualem
1318 3679 1372 3747 ad·

187 3800 347 3869 mittebant
370 3803 499 3871 nullam.
529 3803 671 3871 Animam
696 3823 771 3869 vero
792 3821 861 3869 esse
881 3801 1026 3870 dicebant
1047 3803 1190 3892 corporis
1205 3804 1370 3892 quamdam

186 3934 444 4014 temperaturam,
458 3945 590 4014 eamque
614 3924 690 3992 adeo
718 3925 778 3991 una
803 3944 875 3991 cum
899 3936 1033 4013 corpore
1055 3925 1182 3992 interire
1202 3925 1367 3996 docebant.

187 4084 230 4097 -··
250 4047 502 4116 Pharisaeismus
526 4069 587 4132 per
617 4071 649 4113 ae
670 4045 825 4114 laudabile
852 4058 918 4114 erat
942 4047 1133 4130 institutum,
1162 4069 1258 4138 quum
1285 4048 1371 4118 aliud

188 4190 247 4238 non
275 4181 358 4238 esset
385 4191 480 4260 quam
506 4171 585 4238 uitae
614 4169 809 4259 perfectioris
838 4167 1003 4257 professio.
1030 4173 1135 4257 Quare
1158 4171 1274 4239 Paulus
1289 4172 1373 4241 sicut

218 4473 238 4540 ¹)
256 4472 373 4527 vidend
390 4473 453 4541 Cap.
473 4474 556 4526 xxtv
572 4489 578 4524 z
597 4475 637 4524 it.
