3074 5054
447 392 588 467 curun
621 362 721 475 xxx,
758 395 879 466 vnns.
905 395 1053 467 tr-ro.
1284 396 1350 466 tos

176 585 301 668 deinde,
320 585 489 654 interiectis
509 585 695 675 quibusdem
712 585 860 669 vocibus,
879 581 967 651 ἑπτα.
985 586 1094 675 ltaque
1110 584 1215 655 malim
1233 586 1351 668 dicere,

175 732 279 781 rocem
304 707 379 794 iuro
403 710 463 780 hoc
487 711 556 780 loco
579 711 618 780 ad
641 711 768 780 modum
784 709 953 781 (eiusdem
968 709 1185 800 Appositionis
1209 729 1279 778 esse
1300 731 1354 778 sn·

175 834 335 916 mendam,
354 835 440 926 quasi
460 847 494 904 tu
517 835 602 904 dicas
621 855 630 898 ε
649 847 741 902 oront
765 837 895 921 quidum
918 836 982 920 filii
1004 834 1140 918 Soccus,
1152 836 1273 903 scilicet
1287 857 1358 920 sep·

177 971 246 1029 tem.
266 961 299 1029 Si
317 962 437 1032 Graeca
452 959 554 1048 lagaS,
572 961 675 1029 demto
692 960 834 1029 Articuio
857 964 887 1027 οἱ
910 960 985 1047 (vid.
1004 978 1070 1028 ner.
1090 959 1189 1050 tect),
1206 959 1355 1030 vertendo

177 1095 244 1152 sunt
262 1104 271 1147 t
291 1095 383 1152 erant
403 1087 553 1171 facientes
575 1083 750 1175 (iaciebant)
774 1086 831 1150 Inoo
845 1085 977 1170 qntidom
999 1084 1082 1167 filii,
1101 1092 1161 1151 etc.
1182 1122 1226 1134 —
1242 1083 1357 1161 Σκευᾶς

177 1209 294 1276 Nomen
315 1207 503 1296 Proprium,
521 1207 640 1294 origine
665 1207 840 1284 Graecum,
861 1216 909 1275 est
923 1204 955 1273 in
980 1206 1125 1276 Genitivo
1142 1207 1252 1275 Σκευᾶ.
1271 1207 1355 1277 Vide

179 1332 233 1401 Gr.
252 1350 324 1420 pag.
342 1333 399 1400 dd.
420 1332 450 1397 i.
470 1329 636 1399 Soereidie
653 1329 798 1409 iudaeus,
817 1349 879 1396 non
895 1326 1019 1396 aliunde
1037 1341 1140 1409 notus,
1156 1339 1286 1397 vocatur
1300 1351 1356 1422 αρ-

178 1476 292 1545 χιερευς
306 1451 380 1542 (ceo
395 1450 644 1538 oppropriestor)
661 1452 684 1521 i.
703 1473 732 1520 e.
750 1455 893 1519 sacerdos
909 1453 1072 1537 princeps.
1091 1452 1211 1540 Fuerit,
1230 1452 1354 1542 opinor,

146 1568 161 1574 ”
179 1579 272 1646 Soera
295 1577 349 1645 itte
371 1599 452 1646 nnus
476 1598 515 1645 ex
537 1577 645 1666 viginti
668 1589 800 1667 quatuor
817 1577 982 1667 praefectis
1006 1576 1113 1665 uiginti
1131 1589 1265 1667 quatuor
1281 1574 1359 1646 clas·

179 1704 257 1772 sium
273 1702 469 1771 sacerdotum
492 1701 580 1792 (vide
595 1723 689 1794 supra
714 1704 754 1772 ad
777 1705 854 1794 Cap.
880 1703 911 1772 V
931 1724 939 1766 =
958 1705 1022 1783 nd,
1040 1712 1071 1770 et
1086 1702 1128 1770 cf.
1146 1703 1355 1771 Ackermanni

180 1828 348 1897 tremeat.
365 1828 451 1894 Bibi.
465 1826 484 1915 S
500 1825 598 1912 adop
618 1847 687 1895 nam
702 1829 796 1908 etiam
813 1826 871 1895 hos
887 1826 1088 1896 consuevisse
1099 1849 1257 1920 αρχιερεας
1272 1826 1356 1910 dici,

181 1963 285 2020 notum
300 1961 358 2020 est.
372 1990 416 2002 —
432 1951 618 2020 Versicuius
635 1950 687 2018 hie
705 1951 846 2020 decimus
864 1961 1012 2041 quartus,
1026 1950 1070 2019 nti
1088 1961 1181 2040 puto,
1196 1950 1358 2021 habendus

180 2087 226 2144 est
253 2075 467 2174 proquodam
495 2074 692 2165 parenthesi,
716 2095 776 2163 que
800 2077 901 2143 Lucas
925 2085 1032 2142 notare
1053 2073 1205 2156 noluerit,
1226 2079 1356 2161 primo,

181 2199 306 2288 quinam
323 2209 427 2266 essent
451 2197 496 2264 ilii
512 2221 606 2278 τινες,
622 2197 661 2265 de
682 2197 796 2287 quibus
821 2199 941 2266 dixerat
964 2196 1021 2279 (vs.
1043 2197 1096 2280 ts)
1113 2220 1310 2291 επεχειρησαν
1327 2196 1360 2265 ds

180 2344 274 2403 τινες,
289 2332 320 2389 et
334 2325 488 2405 secundo,
508 2321 633 2388 eosdem
657 2320 717 2388 iam
735 2321 859 2411 saepius
876 2332 1008 2388 tentasse
1033 2319 1082 2402 id,
1108 2320 1147 2389 de
1171 2342 1233 2411 quo
1257 2343 1360 2391 sermo

180 2454 239 2512 est.
256 2443 432 2514 Versieulis
447 2463 521 2510 vero
538 2442 658 2511 decimo
685 2445 792 2533 quinto
811 2455 841 2510 et
856 2444 997 2532 sequenti
1014 2445 1116 2511 Lucas
1139 2443 1215 2510 mihi
1240 2444 1363 2513 uidetur

181 2587 309 2636 narrare
328 2569 476 2650 voluisse,
501 2587 593 2656 quam
616 2567 696 2634 male
713 2569 743 2635 in
761 2581 845 2636 certo
861 2570 967 2656 utiquo
984 2589 1056 2636 casu
1072 2566 1195 2636 duobus
1211 2570 1272 2660 (vs.
1294 2572 1360 2638 dd:

181 2703 214 2759 et
227 2695 407 2761 dominatos
429 2689 605 2773 amborum)
622 2711 661 2760 cx
682 2692 749 2760 istis
771 2704 890 2783 septem
913 2692 1107 2762 exorcismus
1129 2692 1270 2782 ipsorum
1295 2715 1363 2763 oes-

183 2817 274 2886 serit.

233 3057 377 3124 itt—to.
395 3055 598 3140 Respondeas
621 3063 727 3122 cotem
750 3058 884 3140 spiritus
907 3076 1061 3141 nequam,
1081 3058 1167 3124 dicit
1190 3060 1256 3138 cis,
1275 3065 1363 3149 eto).

182 3177 359 3268 Respondit
381 3178 510 3267 spiritus
534 3198 686 3267 nequam,
711 3187 803 3267 puta,
823 3175 862 3245 ad
886 3177 1038 3267 prolatum
1063 3178 1102 3246 eb
1126 3181 1279 3251 exorcista
1302 3184 1365 3252 sor·

183 3302 302 3372 mutarn
317 3302 520 3371 adiurationis
539 3324 546 3367 :
565 3302 694 3369 Adiuro
717 3313 745 3368 te
765 3323 827 3387 per
848 3303 977 3382 Iesum,
997 3325 1088 3389 quem
1104 3305 1227 3373 Paulus
1239 3310 1368 3392 proedi-

182 3437 250 3494 cot.
273 3424 324 3494 Ad
339 3425 416 3493 haee
440 3424 534 3494 verbo
558 3423 717 3516 respondit
739 3428 875 3512 spiritus
891 3448 1028 3514 nequam
1048 3428 1181 3517 (Graece
1196 3450 1268 3498 cum
1284 3434 1368 3501 Arti-

182 3546 258 3616 culo
278 3571 285 3614 :
304 3571 338 3613 ro
363 3552 483 3634 πνευμα
505 3571 540 3613 το
566 3570 713 3641 menapos,
740 3571 853 3636 nempe
879 3553 1018 3635 spiritus
1040 3553 1212 3621 citatorias
1233 3554 1264 3621 in
1292 3576 1366 3625 cusu

183 3671 259 3753 ilio,
279 3691 373 3760 quem
396 3673 497 3740 Lucas
521 3674 649 3759 narrat),
668 3685 698 3740 et
721 3673 799 3742 dixit
821 3674 883 3742 illis
902 3695 911 3738 ε
930 3676 1038 3741 Iesum
1062 3678 1155 3758 oevi,
1180 3687 1212 3745 ot
1227 3661 1366 3746 Prusiam

183 3795 272 3880 scio,
304 3795 338 3862 h.
365 3814 394 3862 e.
424 3789 537 3864 horum
565 3796 677 3877 iussis,
709 3795 943 3887 obsequendum
979 3797 1056 3866 mihi
1093 3819 1162 3867 esse
1188 3801 1277 3884 scio;
1315 3824 1369 3872 uos

184 3937 263 3984 vero
287 3919 420 4006 quinum
441 3918 533 3986 estis!
549 3917 583 3987 h.
609 3939 638 3988 e.
664 3940 720 3988 nos
744 3941 818 3990 vero
842 3901 1008 3989 contemno
1029 3922 1136 4012 utqui
1160 3922 1237 3991 nihii
1261 3937 1369 3994 contre

187 4060 241 4112 me
264 4041 389 4110 valetist
407 4042 513 4131 Pergit
532 4045 633 4112 Lucas
652 4069 660 4112 ε
681 4043 839 4132 Cumque,
858 4042 908 4112 his
932 4044 1042 4127 dictis,
1059 4048 1152 4112 domo
1167 4048 1240 4129 iiie,
1260 4051 1294 4125 io
1308 4069 1369 4136 quo

187 4175 261 4233 erat
277 4168 332 4234 ttte
345 4169 481 4252 spiritus
504 4189 639 4254 nequam
660 4167 691 4258 (ὁ
716 4169 871 4263 aripennos
891 4173 964 4258 ενῴ
986 4192 1020 4244 ην
1039 4194 1073 4234 το
1095 4193 1214 4258 metopo
1229 4195 1263 4237 το
1279 4194 1370 4249 πονη-

187 4288 271 4387 pop),
292 4291 458 4358 insiliisset
485 4286 712 4382 (εφαλλομενος)
741 4292 772 4359 in
795 4291 983 4371 exorcistas,
1009 4304 1040 4362 et
1060 4304 1232 4381 atrumque
1252 4294 1369 4385 (relue-

189 4419 317 4504 wnlem)
338 4416 504 4500 stebept'ssei
526 4416 591 4505 (και
615 4440 853 4509 κατακυριευσας
876 4416 1084 4509 opponemus),
1106 4428 1194 4485 lamia
1211 4421 1245 4485 vi
1259 4430 1372 4489 contra

1210 4545 1250 4604 50
