3074 5054
509 352 648 421 CAPUT
682 352 734 432 11,
769 352 891 421 VERS.
929 355 1029 422 6-7.
1312 355 1354 422 di

185 565 238 612 usu
261 543 427 633 loquendi,
449 544 572 632 lingna,
597 542 730 631 exempli
752 543 867 630 gratia,
891 545 1028 626 Graeca,
1050 544 1206 613 diceretur
1226 514 1355 635 piem

184 665 356 747 Ἑλληνικη,
375 667 482 757 populi
508 676 610 734 auten
635 666 747 735 Graeci
773 666 905 748 diversi,
923 669 978 756 qui
1002 688 1093 736 unam
1116 668 1204 735 istam
1222 667 1357 757 linguam

184 804 328 873 matrem,
346 792 407 860 sibi
432 790 577 859 omnibus
593 810 809 871 communem,
824 789 957 857 diversis
973 799 1075 858 umen
1099 791 1200 858 modis
1225 801 1255 857 et
1270 790 1357 857 senis

184 917 394 997 inflectebant,
424 915 606 984 dicebantur
633 915 677 981 uti
702 913 833 982 diversis
858 913 1025 982 dialectis¹.
1051 943 1065 972 ι
1091 912 1155 982 Sed
1174 913 1236 980 iam
1263 932 1357 1002 quae·

184 1040 276 1122 nitur,
302 1040 458 1130 quemodo
485 1037 719 1126 intelligendum
745 1037 804 1118 sit,
834 1037 917 1125 qued
945 1036 1060 1104 dicitur
1081 1033 1205 1112 ἕκαστος
1226 1061 1263 1126 τῃ
1292 1030 1356 1118 edic

183 1160 341 1252 διαλεκτῳ.
371 1164 556 1254 Respondet>
581 1189 589 1231 :
612 1183 650 1230 ex
677 1161 815 1250 cauingc
843 1161 1049 1251 populorum,
1067 1162 1123 1250 qui
1152 1160 1204 1229 bic
1232 1162 1291 1246 (vs.
1315 1164 1357 1242 9,

184 1294 241 1371 ¹0,
273 1291 330 1378 it)
358 1301 559 1358 recensentur
585 1301 619 1357 ut
645 1298 823 1378 praesentes
855 1285 930 1354 huic
957 1285 1128 1367 miraculo,
1152 1305 1214 1352 non
1241 1285 1354 1373 singuli

183 1415 305 1503 quidem
333 1414 498 1482 utebantur
529 1413 632 1501 lingua
659 1413 751 1502 plane
781 1411 921 1492 diversa,
951 1409 1006 1478 sed
1038 1409 1152 1498 quibus
1179 1408 1262 1477 idern
1291 1420 1356 1476 erat

184 1538 296 1626 patrius
317 1557 440 1618 sermo,
465 1536 508 1603 ilii
532 1548 633 1603 tamen
656 1535 785 1603 dialecto
808 1535 889 1600 inter
911 1554 946 1602 se
973 1532 1168 1601 differebant.
1194 1533 1248 1601 Sic
1268 1553 1299 1599 ν.
1321 1553 1355 1621 g.

183 1664 285 1730 Asiani
310 1674 341 1730 et
363 1662 415 1752 qui
433 1681 472 1728 ex
486 1661 623 1749 Phrygia
639 1672 669 1727 et
684 1658 870 1749 Pamphylia
885 1671 973 1726 erant
993 1658 1135 1741 oriundi,
1153 1660 1273 1728 Graeca
1289 1669 1357 1726 ute-

184 1785 290 1855 bantur
305 1787 410 1875 lingna
426 1806 551 1866 omnes,
570 1786 612 1852 ita
634 1796 736 1852 tamen
762 1794 795 1850 ut
816 1782 946 1851 dialecto
965 1783 1189 1872 discreparent.
1208 1783 1261 1851 Sic
1276 1784 1358 1850 Pcr-

183 1912 244 1978 sica
258 1911 424 1979 utebantur
439 1910 543 1997 lingua
558 1907 687 1990 Parthi,
705 1908 788 1977 Medi
806 1919 837 1974 et
853 1908 1020 1989 Eiamitae‚
1039 1906 1094 1976 sed
1112 1918 1143 1974 et
1165 1905 1214 1974 bis
1231 1907 1358 1996 propria

183 2042 245 2100 erat
258 2032 319 2100 alia
334 2043 426 2122 atque
448 2032 507 2100 aba
529 2032 693 2102 dialectus.
716 2034 824 2122 ltaque
846 2030 1012 2102 dicendum
1029 2042 1095 2112 est,
1112 2050 1221 2098 vocem
1239 2027 1359 2095 διαλεκ-

155 2160 157 2166 ’
183 2179 229 2232 τος
255 2176 291 2224 ea
318 2156 478 2225 latitudine
502 2155 737 2244 significationis
766 2153 817 2223 hic
849 2155 1011 2236 adbiberi,
1029 2128 1075 2223 ut
1098 2166 1159 2222 tam
1182 2154 1357 2242 linguarum
1391 2226 1393 2229 ,

184 2301 273 2370 quam
294 2281 495 2350 dialectorum
518 2281 695 2349 varietatem
718 2280 811 2348 simul
832 2279 1095 2370 comprehendat,
1113 2280 1304 2368 quodetiam
1320 2300 1359 2347 ex

185 2425 229 2471 vs.
249 2406 285 2471 ii
310 2405 543 2494 comprobatur.

225 2651 256 2716 7.
282 2650 482 2737 Stupebant).
512 2651 632 2719 Graece
660 2645 814 2725 cinerente
844 2648 972 2737 imperi.
997 2647 1118 2714 Passiv.
1143 2647 1182 2715 ab
1204 2643 1356 2734 εξισνημι.

188 2760 318 2840 «Mente
338 2793 408 2840 esse
429 2776 537 2840 sedata
560 2785 590 2841 et
610 2777 782 2857 composite
802 2774 922 2842 Graece
946 2771 1061 2839 dicitur
1085 2794 1115 2836 εν
1139 2768 1237 2860 {aurp
1260 2795 1362 2849 ειναιι,4

180 2894 225 2961 vei
239 2918 319 2972 εντος
335 2894 442 2961 ἑαυτου
466 2899 611 2987 pracedat.
638 2898 700 2984 Qui
724 2918 798 2964 vero
819 2897 914 2964 animi
938 2895 1154 2963 affectionibus
1176 2898 1359 2975 demovetur

181 3016 217 3084 de
242 3018 343 3088 isthoc
370 3021 538 3108 tranquillo
566 3021 677 3087 urentis
705 3032 785 3088 statu
813 3031 905 3108 atque
938 3031 1030 3085 entra
1057 3042 1088 3086 se
1115 3022 1297 3099 collocetur,
1329 3021 1356 3087 is

181 3138 291 3209 dicitur
312 3139 698 3221 strenuitatibus
720 3163 777 3232 per
801 3141 953 3230 Eliipsin,
970 3138 1171 3218 circuncdcd.
1198 3168 1211 3199 s
1236 3142 1355 3209 Graeca

182 3263 300 3352 Belgica
331 3264 419 3332 reddi
452 3275 579 3355 possent
609 3292 617 3333 ε
646 3288 688 3351 zp
715 3268 912 3331 cntzettedec
943 3286 981 3331 eit
1011 3267 1257 3331 verwonderdeit
1286 3267 1357 3331 zicb

181 3387 270 3453 atteia.
288 3387 351 3473 Qui
368 3386 422 3454 bic
440 3386 586 3457 dicuntur
608 3410 713 3455 omnes
737 3391 869 3475 (παντες)
892 3387 1081 3474 intelligendi
1103 3397 1175 3455 sunt
1194 3389 1352 3472 plerique.

181 3508 302 3576 Confer.
332 3530 379 3576 rs.
411 3512 473 3592 it,
505 3521 535 3577 et
565 3531 644 3600 quae
676 3511 849 3579 notavimus
882 3530 976 3599 supra
1004 3509 1044 3577 ad
1071 3530 1118 3577 vs.
1150 3513 1183 3578 i.
1210 3506 1281 3575 Ιδου
1308 3521 1357 3579 est

180 3634 321 3702 eVerbo
349 3635 463 3704 factum
491 3635 673 3704 adverbium
702 3637 755 3722 (cf.
782 3636 936 3705 Gallicum
963 3636 1088 3722 voi-td),
1117 3634 1202 3723 quod
1229 3633 1282 3704 hic
1308 3649 1356 3704 est

179 3762 369 3828 admirantis
375 3788 389 3842 ‚·
412 3781 482 3830 raro
504 3761 535 3830 id
559 3761 679 3831 mediae
701 3761 832 3830 crationi
856 3760 1070 3837 interseritur,
1095 3760 1179 3827 utin
1201 3760 1354 3849 praesenti

179 3881 258 3951 icco.
277 3884 417 3952 Galilaei
433 3887 645 3974 intelliguntur
663 3885 716 3954 bic
733 3887 876 3954 homines
892 3908 909 3954 e
926 3886 1062 3954 Galilaea
1079 3885 1223 3967 oriundi,
1240 3885 1354 3974 quibus

178 4008 294 4095 patrius
315 4029 418 4077 sermo
442 4021 508 4078 erat
531 4011 704 4091 Galilaeus,
728 4009 788 4078 hcc
811 4020 857 4077 est
879 4012 1049 4077 Aramaeus
1065 4009 1231 4091 ludaicuS,
1248 4009 1303 4077 sed
1327 4009 1354 4076 is

180 4153 361 4164 --—-—--.

210 4219 229 4285 ¹)
247 4219 368 4272 Valcken.
381 4220 414 4272 ad
426 4221 487 4286 Cap.
503 4223 530 4274 1:
545 4222 586 4274 20.
788 4220 874 4272 Praes.
890 4221 1023 4272 audimus.

208 4301 228 4367 ⁸)
245 4301 331 4356 Lectio
344 4311 515 4374 ηκουσαμεν
531 4304 740 4356 auctoritateco-
820 4303 840 4368 ⁸)
858 4301 981 4354 Valcken.
997 4301 1030 4352 ad
1041 4300 1068 4351 h.
1082 4300 1099 4350 t.

175 4382 262 4435 dicum
273 4385 434 4438 destituitur.
447 4387 531 4438 Etiam
543 4388 571 4437 in
588 4387 650 4439 itala
662 4390 702 4438 est
714 4388 741 4436 in
