3074 5054
215 405 281 473 566
556 399 690 469 ACTUS
725 395 1058 476 nrosrouonunr,

213 590 283 660 vide
305 611 385 680 quac
406 590 590 680 scripsimus
613 609 682 679 pag.
707 591 763 657 62.
782 609 832 678 sq.
856 589 887 656 in
906 589 1140 655 Dissertatione
1162 600 1274 654 nostro
1299 591 1399 656 Τήρο-

215 722 332 804 topica,
351 737 446 807 supra
465 720 547 809 (pag.
567 714 643 798 Μ)
661 715 764 783 citata.

260 967 407 1034 30-52.
434 965 480 1030 Et
500 965 684 1031 cocurreoit
707 984 784 1043 rec,
809 967 897 1050 etc).
925 961 1009 1029 llaec
1033 961 1086 1028 ubi
1115 959 1235 1027 dixerat
1261 961 1398 1043 PauluS,

214 1088 388 1157 assurrexit
407 1087 565 1176 Agrippa,
583 1106 619 1154 ac
634 1088 747 1154 Festus
762 1087 965 1162 Procurator,
986 1093 1016 1150 et
1034 1082 1185 1163 Bernice‚
1209 1081 1323 1150 deinde
1347 1104 1399 1151 oe-

213 1211 272 1280 teri
285 1209 367 1300 (vide
381 1211 459 1299 Cap.
477 1210 572 1280 XXV
592 1236 599 1278 :
618 1207 674 1291 25)
695 1229 821 1287 omnes,
846 1208 898 1297 qui
920 1207 1048 1275 ibicum
1074 1209 1117 1272 eie
1133 1207 1250 1297 (αυτοις
1266 1207 1400 1276 Dativus

213 1336 378 1424 societatis)
401 1331 617 1402 consederant.
642 1334 682 1401 llt
704 1333 775 1401 inde
798 1331 929 1420 digressi
952 1331 1241 1421 (αναχωρησαντες),
1265 1331 1401 1400 intense

214 1458 254 1527 de
269 1458 365 1526 Paulo
382 1458 590 1548 loquebantur
607 1457 638 1525 in
656 1456 736 1525 hanc
752 1455 956 1538 sententiam,
975 1467 1008 1524 ut
1024 1457 1163 1524 dicerent
1182 1480 1190 1522 ε
1209 1457 1306 1524 Nihil
1316 1460 1402 1543 quod

214 1595 315 1650 morte
331 1595 388 1649 out
402 1585 537 1648 vinculis
552 1585 686 1666 <lienum
701 1585 757 1665 sit,
773 1584 841 1664 opit
858 1579 1013 1671 (πρασσει)
1030 1583 1122 1647 tomo
1140 1583 1210 1647 iste.
1220 1615 1265 1630 -
1281 1580 1401 1648 Dicunt

214 1730 366 1798 πρασσει,
396 1706 427 1772 in
457 1705 630 1795 praesenti,
661 1706 734 1794 quia
762 1704 958 1773 considerant
985 1707 1169 1771 rtrtioersnm
1196 1704 1276 1772 uitae
1308 1704 1399 1772 Pauli

215 1831 365 1900 rationem
382 1829 448 1897 sive
464 1829 651 1897 institutum.
669 1866 713 1877 -
729 1828 868 1918 Agrippa
884 1839 986 1896 autern
1004 1838 1162 1917 praeterea
1180 1827 1258 1895 dixit
1274 1830 1368 1897 Festo
1390 1855 1397 1896 :

215 1955 280 2021 larn
300 1955 449 2019 liberatus
468 1974 530 2019 ecee
543 1948 772 2035 (απολελυσθαι)
795 1959 915 2040 poterat
931 1949 983 2018 hic
999 1950 1112 2029 horno,
1132 1951 1191 2019 uisi
1207 1954 1400 2036 appellasset

214 2054 418 2166 (επικεκλητο,
435 2086 580 2167 utsupra
597 2097 666 2166 pag.
687 2076 769 2166 526)
785 2077 961 2144 Caesarcrn.
979 2115 1022 2124 —
1040 2076 1195 2144 Videlicet
1211 2099 1308 2159 nunc,
1328 2089 1401 2168 post

215 2200 474 2290 appellationem,
500 2201 634 2290 arnplius
650 2211 855 2285 conponeret
871 2221 887 2267 a
905 2203 1111 2268 Procuratora
1135 2201 1265 2268 absolvi.
1294 2203 1398 2284 Nam,

216 2336 251 2393 ut
267 2337 350 2393 notat
374 2326 502 2395 Grotius
528 2323 577 2411 (ad
595 2325 628 2393 h.
658 2326 713 2408 ll,
742 2325 948 2414 appellatione
977 2335 1111 2414 potestas
1136 2323 1261 2406 iudicis,
1292 2345 1309 2393 a
1335 2347 1400 2415 quo

215 2449 403 2538 appellatum
421 2460 483 2530 est,
506 2469 628 2517 cessare
650 2449 759 2540 incipit
779 2449 818 2518 ad
841 2447 1081 2530 absolvendum,
1105 2470 1165 2517 uon
1184 2450 1285 2518 minus
1303 2472 1400 2540 quarn

215 2570 255 2639 ud
271 2566 552 2640 condemnandum.
578 2573 715 2641 Crimina
738 2573 819 2641 enirn
838 2574 954 2663 integra
973 2573 1123 2642 servanda
1140 2584 1212 2642 sunt
1227 2576 1400 2664 cognitioni

218 2696 404 2786 superioris.
620 2706 624 2711 '
