3074 5054
402 375 540 443 CAPUT
575 374 705 453 xxvi,
744 372 865 441 VERS.
907 375 1050 440 ia-to.
1236 371 1297 440 561

117 563 183 632 sole
206 562 401 653 splendidius
436 561 682 631 circumfulsisse
712 582 762 629 me
791 572 883 647 utque
911 583 961 629 eos
996 564 1051 648 qui
1085 582 1207 627 mecum
1241 563 1311 644 iter

116 689 276 771 faciebant
292 694 354 779 (και
369 712 438 764 τους
456 711 511 752 συν
524 711 591 775 epos
603 686 845 778 πορευομενους).
864 687 1020 756 Omnibus
1036 697 1139 754 autem
1157 685 1247 754 uobis
1263 684 1302 754 ad

117 809 323 899 fulgurantem
340 810 425 880 illam
442 811 542 879 lucem
562 811 592 878 iu
611 821 724 878 terram
741 812 890 894 collapsis
911 807 1181 895 (καταπεσοντων),
1199 809 1303 878 audiui

118 954 248 1020 uocem,
269 946 333 1004 etc.

162 1058 230 1121 Των
252 1080 416 1149 αρχιερεων
443 1057 558 1126 dicitur
580 1056 633 1126 hic
656 1057 695 1126 dc
711 1068 773 1126 toto
798 1057 971 1146 synedrio,
999 1078 1055 1147 per
1070 1058 1313 1149 Spuecdocheu„

121 1181 202 1251 Vide
217 1182 255 1250 ad
273 1185 349 1273 Cap.
369 1183 414 1253 IV
435 1186 529 1253 :het
546 1185 592 1251 lX
612 1208 619 1250 :
639 1183 882 1275 hle-Hm,
908 1187 946 1249 de
964 1186 996 1249 to
1012 1195 1090 1269 port
1105 1188 1155 1250 dc.
1174 1185 1305 1275 Ἠμερας

120 1329 213 1395 μεσης
226 1318 273 1376 est
287 1310 451 1379 Genitiuus
465 1314 618 1396 temporis
622 1337 638 1395 5
656 1310 694 1378 de
710 1332 769 1398 quo
786 1309 856 1377 ride
875 1310 933 1378 Gr.
954 1328 1023 1397 pag.
1044 1309 1122 1377 524.
1142 1307 1235 1398 Ὑπερ
1252 1332 1305 1384 την

121 1429 339 1525 λαμπροτητα,
369 1458 465 1521 super
491 1439 705 1522 splendorem,
731 1433 926 1523 Praepositio
954 1434 1041 1525 ὑπερ,
1068 1453 1146 1521 quae
1172 1436 1308 1518 proprie

120 1557 235 1626 dicitur
250 1561 288 1624 de
305 1562 369 1625 ioco
376 1609 388 1643 ,
414 1558 467 1626 hic
483 1560 696 1649 metaphorice
711 1557 850 1626 adhibita
864 1569 911 1624 cst
926 1559 963 1622 de
979 1559 1089 1641 otodo,
1115 1579 1207 1643 quem
1230 1560 1307 1645 quid

122 1685 259 1760 excedit,
282 1693 316 1750 ut
336 1681 476 1772 Philipp.
502 1684 579 1771 Cap.
605 1683 635 1749 tt
661 1707 669 1749 :
694 1685 728 1750 9.
749 1717 793 1731 -
811 1679 1014 1771 Περιλαμψαν
1037 1682 1200 1771 (Particip.
1226 1684 1304 1750 hor.

121 1805 229 1890 Neut.)
252 1806 360 1873 Latine
381 1816 525 1874 accurate
548 1805 635 1873 reddi
659 1806 778 1895 nequit.
809 1806 953 1873 Ceterum
982 1804 1052 1872 vide
1081 1824 1161 1893 quae
1188 1806 1306 1873 uetari-

124 1949 194 1997 mus
209 1929 249 1997 ad
265 1932 341 2020 Cup.
362 1931 408 1998 lX
430 1957 437 1998 :
459 1933 531 2000 5-6.

172 2176 620 2260 td-18.Epoootemdici,
639 2179 725 2263 eta).
742 2174 846 2262 Pergit
858 2174 997 2241 Paulus:
1017 2175 1081 2259 Epo
1094 2186 1198 2241 autem
1216 2178 1285 2242 disi
1300 2201 1308 2243 :

128 2299 206 2379 Quis
221 2320 268 2381 es,
296 2302 458 2367 Dorreiue?
479 2299 561 2382 (vide
578 2299 615 2368 ad
637 2300 713 2388 Cap.
735 2301 781 2366 ΙΧ
804 2324 811 2365 :
832 2297 864 2378 ὃ)
889 2300 1046 2364 Dominus
1070 2309 1175 2365 urtteui
1197 2303 1308 2367 discit:

126 2425 194 2506 Epo
216 2445 287 2490 sum
313 2427 425 2509 lesos,
452 2446 544 2510 qoem
567 2435 601 2489 tu
619 2426 820 2508 persequeris
843 2419 926 2501 (vide
954 2421 1059 2503 ibid).
1093 2425 1210 2489 Verum
1234 2446 1308 2508 cpe,

126 2571 257 2634 ecsurpe
274 2561 303 2616 et
325 2553 458 2617 consiste
483 2554 518 2616 iu
537 2553 631 2635 pedes
654 2548 746 2616 tuos!
768 2546 1001 2638 (videorest
1026 2567 1072 2614 rs.
1100 2546 1144 2626 6).
1163 2550 1207 2614 Iu
1228 2552 1312 2617 horre

128 2676 215 2739 euim
230 2677 326 2758 linem
347 2682 397 2764 (εις
413 2680 512 2763 τουτο)
536 2698 555 2740 o
577 2686 605 2740 te
629 2677 717 2742 uisus
741 2694 813 2739 sum
836 2671 947 2763 (ωφθην
965 2694 1031 2750 σοι,
1050 2681 1085 2738 ut
1100 2672 1176 2760 Cap.
1197 2673 1226 2739 lt
1248 2697 1255 2738 ε
1276 2669 1312 2758 5)

129 2798 150 2863 i.
170 2817 200 2864 e.
218 2798 346 2887 apparui
366 2797 440 2880 tihi,
464 2809 501 2865 ut
523 2798 640 2866 scilicet
663 2801 863 2882 desipuerem
882 2797 1161 2888 (προχειρισασθαι.
1178 2796 1311 2866 tufiuiti-

129 2939 186 2987 vus
201 2923 289 3005 ficiet
313 2933 342 2987 te
358 2922 590 3008 (constituerem
613 2930 652 3013 tc)
673 2926 858 2990 ministrum
877 2933 906 2987 et
922 2932 1048 3005 testem,
1068 2932 1220 2988 eteorum
1235 2943 1314 3007 quae

129 3042 187 3132 (ὡν
203 3045 246 3128 τε)
264 3049 330 3112 ium
351 3049 478 3131 uidisti,
499 3058 528 3113 et
548 3069 656 3114 eorum
674 3070 810 3134 quorum
832 3050 928 3113 causei
948 3047 1002 3129 (ὡν
1017 3044 1059 3126 τε)
1083 3044 1232 3140 deinceps
1247 3070 1266 3112 u
1284 3058 1313 3112 te

131 3170 259 3234 videbor
274 3170 456 3261 (οφθησομαι
472 3181 533 3261 σοι)
551 3172 573 3239 i.
590 3192 618 3238 e.
639 3191 774 3260 quorum
790 3172 883 3238 causi
900 3168 954 3236 tibi
973 3167 1121 3257 deinceps
1136 3167 1312 3256 apparebo,

133 3304 161 3358 te
175 3291 225 3373 (ue
240 3302 273 3359 tu
289 3305 358 3361 auto
375 3295 530 3385 expletum
548 3294 710 3361 ministerii
727 3294 770 3360 tui
787 3312 914 3360 cursum
931 3291 970 3359 ab
988 3289 1130 3359 hostibus
1142 3289 1311 3358 Christiani

132 3418 267 3488 nominis
283 3419 491 3504 interficieris)
512 3421 668 3503 eripieris,
686 3416 741 3484 uhi
758 3437 837 3505 opus
852 3414 962 3497 suerit,
981 3434 999 3482 e
1016 3411 1159 3482 urauihus
1179 3414 1315 3496 poputu-

133 3547 222 3612 riom
243 3557 370 3612 tuorum
395 3556 439 3636 (εκ
460 3569 514 3609 του
531 3541 618 3625 λαου)
635 3554 663 3610 et
681 3541 860 3609 Gentilium
880 3542 942 3622 (και
958 3561 1017 3603 των
1038 3537 1152 3620 ciuus),
1172 3540 1214 3603 od
1237 3559 1315 3626 quos

134 3695 219 3741 auce
238 3692 292 3756 epo
306 3683 335 3738 te
353 3674 458 3755 mitto,
477 3681 513 3736 ut
530 3671 660 3754 operias
676 3664 818 3750 (ανοιξαι)
834 3669 938 3732 ocutos
956 3685 1079 3749 eorum,
1093 3673 1129 3730 ut
1139 3685 1171 3728 se
1187 3684 1317 3730 wover-

135 3809 202 3864 tcut
214 3796 280 3884 (roo
297 3792 521 3885 επιστρεψαι)ιι
538 3794 673 3860 tenebris
685 3795 727 3858 ad
744 3794 860 3874 lucem,
880 3802 909 3856 ct
928 3813 947 3856 c
957 3799 1109 3874 potestate
1124 3787 1265 3854 Satanae
1276 3790 1318 3855 od

133 3923 254 4003 Decus·
277 3941 338 4008 quo
355 3921 420 3995 hat,
438 3929 474 3985 ut
497 3920 717 3984 remissionem
738 3925 940 4000 peccatorum
957 3924 988 3979 et
1003 3923 1120 3980 sortem
1146 3915 1232 3978 iuter
1255 3909 1319 4000 (εν)

133 4045 347 4130 scrrctificotos
366 4045 525 4127 occipiunt
547 4042 611 4124 (του
628 4035 743 4121 iudeo)
764 4061 826 4124 per
841 4041 936 4124 fidem
955 4041 989 4104 iu
1013 4060 1063 4103 me
1087 4037 1195 4117 (πιστει
1218 4057 1255 4124 τῃ
1277 4056 1318 4109 εις

136 4173 212 4258 eps).

179 4298 230 4371 Εις
256 4317 345 4360 τουτο
373 4293 507 4362 retertur
533 4291 573 4361 ad
600 4291 814 4380 insequentem
842 4285 1032 4355 Infinitivuru
1059 4286 1157 4369 ficis,
1183 4283 1205 4351 i.
1227 4303 1257 4350 e.
1275 4281 1315 4353 ad

135 4417 403 4509 προχειρισασθαι,
420 4440 450 4482 κ.
465 4440 495 4484 τ.
513 4412 596 4481 λ.-
610 4415 673 4505 Pap
687 4411 728 4481 ibi
745 4414 905 4478 rationem
922 4408 974 4478 dat
989 4406 1161 4497 superioris
1178 4404 1312 4474 mandati

1134 4534 1173 4594 56
