3074 5054
180 371 244 436 550
518 369 652 436 ACTUS
677 369 1009 451 apostotorum,

177 563 273 636 ισιος,
299 559 329 623 ia
355 557 414 624 hoc
439 558 506 625 loco
534 583 572 621 τα
597 557 667 623 ὅσια
695 555 798 644 Δαβιδ
822 559 899 626 nihil
922 560 1007 627 aliud
1031 576 1102 628 sunt
1125 583 1217 651 quam
1246 564 1357 633 foedus

176 680 290 748 lactum
303 701 374 747 cum
386 681 504 748 Davide
517 681 574 769 (cl.
589 684 643 748 Ps.
662 683 849 750 LXXXVlll
866 704 873 744 :
893 682 942 770 l).
961 684 1083 750 Doceat
1101 683 1160 751 hcc
1177 686 1244 774 ipsa
1261 687 1357 754 uerba

177 806 270 872 isaiae
296 815 345 893 (ex
368 805 510 871 versione
526 807 626 887 LXX)
646 825 654 866 t
673 830 723 867 και
748 801 932 892 ὃιαθησομαι
954 808 1025 892 ripae
1051 803 1193 880 ὃιαΘηκην
1214 833 1354 887 armaten,

176 955 214 993 τα
230 935 301 993 octa
317 924 421 1014 Δαβιὸ
432 953 470 992 τα
487 953 592 993 uictu.
612 930 841 996 Posterioribus
857 930 962 996 verius
979 931 1151 1019 explicatur
1164 933 1202 999 de
1219 954 1357 1021 quonam

176 1051 300 1120 loedere
327 1072 429 1119 sermo
457 1053 507 1119 sit.
537 1054 582 1115 Τα
606 1051 676 1115 ὅσια
705 1076 800 1116 utera
826 1053 905 1120 idem
935 1067 1007 1120 sunt
1035 1055 1119 1142 quod
1147 1060 1233 1146 'opaca
1259 1081 1356 1121 πιστα

177 1177 259 1266 apud
284 1179 465 1244 Homerum.

221 1422 366 1488 56-57.
394 1422 496 1486 David
518 1423 603 1485 euim
632 1423 665 1485 in
686 1443 743 1485 aua
770 1424 990 1503 generatione,
1016 1421 1104 1504 ete).
1127 1422 1242 1489 Probat
1265 1423 1356 1515 (pap)

176 1545 237 1611 iam
262 1544 446 1633 Apostolus,
476 1545 639 1633 superiora
663 1543 724 1611 duo
753 1543 878 1610 oracula
902 1547 963 1632 (vs.
983 1547 1045 1622 at,
1066 1544 1119 1626 55)
1136 1545 1175 1612 ad
1200 1547 1354 1614 Davidem

177 1668 286 1735 referri
311 1689 371 1735 non
388 1689 495 1757 posse;
512 1680 653 1735 eventum
671 1679 773 1735 autem
789 1688 881 1735 suum
906 1668 1052 1736 habuisse
1076 1670 1106 1736 iu
1133 1691 1265 1759 persona
1283 1673 1357 1739 lesu

175 1795 337 1862 Nazareni.
358 1796 474 1862 Sensus
490 1807 535 1861 est
552 1822 559 1861 ι
578 1795 626 1861 De
642 1794 762 1862 Davide
778 1793 903 1862 oracula
920 1794 997 1863 haec
1021 1795 1148 1883 intelligi
1173 1808 1355 1885 nequeuut;

176 1915 277 1983 David
302 1917 384 1982 enim
408 1928 571 2004 postquam
596 1918 626 1983 in
644 1918 793 2005 regimine
813 1919 1011 2007 popularium
1028 1940 1155 1986 suorum
1172 1931 1356 1988 coaetaneo·

177 2062 247 2108 rum
275 2037 352 2124 (ιδιᾳ
380 2063 466 2129 parag
494 2042 525 2108 in
553 2043 664 2109 Dativo
692 2043 858 2122 comrucdt‘l
883 2044 1102 2111 subserviisset
1125 2045 1183 2111 Dei
1213 2045 1355 2112 consiliis

177 2165 380 2256 (ὑπηρετησας
400 2190 436 2254 τῃ
456 2189 508 2228 του
533 2163 611 2230 Θεου
632 2163 756 2255 βουλῃ),
775 2167 982 2248 obdormivit,
1010 2180 1039 2234 et
1064 2170 1223 2256 appositus
1245 2181 1292 2235 est
1315 2169 1354 2235 ad

176 2304 279 2381 patres
306 2314 380 2360 suos
408 2292 451 2372 (id
475 2303 546 2358 est:
569 2304 709 2359 mortuus
737 2293 808 2375 εει),
834 2305 863 2359 ει
887 2313 997 2382 passus
1021 2304 1067 2360 est
1094 2294 1355 2381 putrefactionem

176 2413 246 2504 (ela
275 2413 466 2508 διαφθοραν).
495 2418 536 2482 Αι
564 2436 636 2482 vero
664 2417 690 2481 is
719 2419 761 2503 (oe
786 2411 847 2501 δε),
872 2437 964 2504 quem
986 2418 1073 2483 Deus
1094 2417 1237 2482 excitavit
1259 2417 1356 2506 (ηγει-

176 2566 236 2632 ρεν,
262 2556 360 2621 atgaf,
378 2546 419 2608 cd
436 2544 602 2608 israelitas
618 2544 722 2623 misit,
742 2561 788 2606 vs.
807 2539 875 2620 ιδ),
895 2543 982 2608 lesus
997 2542 1193 2619 Nazarenus,
1212 2540 1354 2626 inquam,

176 2666 227 2735 ltic
254 2687 314 2732 uon
343 2678 389 2733 εει
419 2687 527 2754 passus
556 2665 811 2755 putrefactionem
837 2668 901 2748 (aaa
926 2663 985 2730 ειδε
1014 2663 1208 2757 creptam),
1237 2664 1357 2752 quippe

176 2791 229 2879 qui
253 2791 354 2857 statim
377 2811 395 2857 a
419 2802 517 2857 morte
541 2789 580 2856 ad
603 2789 695 2856 vitam
719 2799 765 2855 est
789 2801 950 2856 revocatus
975 2789 1033 2871 (vs.
1053 2788 1127 2870 50);
1147 2787 1199 2854 hic
1216 2807 1289 2874 ergo
1308 2801 1358 2854 est

176 2916 227 2981 ille
255 2916 390 2981 Sanctus
419 2914 479 2978 Dei
504 2913 614 3002 (supra
642 2934 688 2979 rs.
721 2915 763 2980 35
784 2938 791 2979 :
809 2937 859 2976 τον
889 2917 972 2976 ocior
995 2913 1067 3001 σου)
1089 2913 1154 2979 sive
1177 2912 1356 2998 promissus

176 3042 319 3110 Messias.

221 3285 366 3352 38-59.
385 3283 504 3350 Notum
529 3286 629 3367 ipitur
652 3287 695 3350 sit
711 3286 815 3363 cobis,
840 3283 927 3367 ete).
959 3284 1066 3372 lucipit
1090 3283 1142 3350 hic
1158 3295 1354 3371 antegressae

176 3407 336 3474 concionis
352 3406 508 3494 peroratio
522 3404 614 3494 (ουν),
630 3427 689 3495 qua
703 3408 868 3496 populares
882 3428 955 3474 suos
971 3408 1140 3496 Apostolus
1156 3407 1352 3489 adhortatur,

176 3544 209 3599 ut
229 3529 480 3619 quandoquidem
497 3531 584 3597 lesus
603 3531 781 3598 Nazarenus
805 3532 977 3620 promissus
994 3542 1076 3598 esset
1099 3531 1241 3610 Messias
1258 3531 1351 3612 huic,

175 3668 204 3724 et
220 3655 378 3723 doctrinae
402 3654 469 3721 eius
492 3653 665 3735 credendo,
684 3666 714 3721 ει
739 3657 911 3744 praeceptis
931 3657 997 3722 eius
1014 3656 1202 3737 obediendo,
1221 3678 1254 3723 se
1278 3661 1352 3727 sub·

175 3780 314 3860 mittant,
344 3778 403 3846 hac
430 3779 496 3867 lege
524 3779 663 3868 adepturi
695 3781 879 3869 peripsum
908 3780 1123 3847 remissionem
1152 3792 1351 3869 peccatorum

176 3924 341 3992 veramque
365 3902 626 3971 iustificationem.
660 3903 775 3971 Sensus
803 3916 849 3972 est
873 3927 880 3967 :
905 3907 1020 3971 Notum
1043 3905 1083 3971 sit
1110 3905 1214 3992 itaque
1242 3905 1348 3983 vobis

176 4029 303 4110 iratres,
326 4032 409 4114 quod
433 4050 493 4113 per
519 4030 602 4092 hunc
629 4029 689 4116 (ὁτι
718 4023 770 4091 δια
796 4029 918 4118 τουτον)
947 4030 1065 4108 lesum,
1086 4029 1108 4094 i.
1127 4049 1156 4094 e.
1175 4049 1231 4117 per
1257 4028 1350 4096 huius

175 4155 296 4234 rnerita,
311 4152 398 4222 robis
413 4163 519 4219 nostru
536 4150 707 4218 ministerio
723 4153 920 4218 annuntiatur
936 4152 1101 4220 obtinenda
1117 4152 1260 4220 remissio
1278 4175 1350 4243 pee-

175 4288 332 4355 catorum,
351 4287 381 4342 et
404 4273 488 4364 quod
512 4273 652 4360 (sequeus
674 4277 831 4341 sententio
851 4278 966 4360 pendet
980 4299 1000 4342 c
1012 4280 1217 4360 praecedente
1237 4282 1295 4365 ὁτι)
1312 4279 1349 4346 ab

174 4400 318 4467 omnibus
344 4399 421 4488 (απο
448 4421 569 4462 παντων
594 4399 625 4465 iu
649 4399 766 4467 Neutro
791 4421 932 4489 genere:
958 4424 1018 4467 cau
1046 4405 1146 4487 clleu;
1163 4404 1201 4472 de
1217 4416 1284 4472 tout
1299 4403 1350 4495 ce)
