3074 5054
183 383 249 448 ‘260
522 378 660 445 ACTUS
697 377 1034 460 APOSTOLORUM,

179 557 294 647 menta,
322 587 400 656 quae
425 567 526 634 risum
543 566 641 634 Paulo
659 567 916 649 obfuscaverunt,
935 569 1053 635 similes
1071 579 1157 635 erant
1175 569 1369 656 squamulis,

184 692 298 779 quibus
316 692 449 780 piscium
474 701 525 758 aut
546 703 723 780 serpentum
750 714 882 782 corpora
907 693 1103 780 obteguntur.
1126 694 1197 760 Fuit
1221 692 1300 760 baec
1316 714 1371 760 ou·

179 815 270 896 ratio,
291 826 325 882 ut
337 825 431 904 patet,
450 819 657 881 irestontcneo
673 815 711 882 ad
728 817 825 883 solam
844 836 990 883 manuum
1008 816 1256 905 impositionem
1276 816 1370 882 adeo-

181 959 241 1026 que
257 937 462 1004 dubitandum
480 959 539 1005 uon
558 948 622 1019 est,
642 939 716 1027 quin
734 960 791 1027 pro
809 940 994 1007 miraculosa
1017 939 1159 1007 habenda
1184 941 1235 1005 sit.
1255 940 1370 1007 Saulus

176 1078 275 1145 quum
301 1059 404 1125 visum
422 1061 612 1148 recepisset,
626 1065 769 1126 surrexit
785 1081 802 1126 e
818 1061 887 1128 loco
904 1062 958 1128 ubi
975 1082 1086 1128 caecus
1102 1060 1204 1128 adhuc
1220 1064 1366 1146 sederat,

176 1194 210 1250 ut
237 1185 299 1250 iam
324 1185 464 1251 Ananiae
490 1185 662 1251 ministerio
683 1184 871 1273 baptismum
888 1187 1053 1275 reciperet.
1072 1185 1164 1251 Nulla
1180 1183 1232 1251 hic
1248 1185 1367 1251 mentio

176 1306 320 1394 praeviae
345 1307 547 1374 iustitutionis
564 1307 595 1373 in
613 1308 753 1375 doctrina
777 1309 965 1375 Christiana.
996 1308 1152 1374 Nimirum
1169 1306 1285 1373 Paulus
1302 1329 1367 1372 non

175 1430 213 1494 ob
228 1432 356 1495 bomine
375 1434 492 1514 occepit
509 1433 719 1514 Eoonqeliunc
736 1455 833 1518 neque
850 1436 978 1515 didicit,
997 1435 1051 1497 sed
1063 1453 1124 1515 per
1139 1434 1367 1497 revelationem

175 1556 252 1621 Iesu
276 1555 404 1620 Christi
423 1553 540 1642 (Galat.
567 1557 643 1644 Cap.
664 1557 701 1621 l:
725 1553 799 1642 la);
820 1566 850 1622 et
874 1557 934 1624 iam
959 1567 1024 1622 tum
1050 1565 1212 1644 acceperat
1232 1566 1262 1621 et
1283 1553 1367 1621 didi-

175 1687 272 1744 cerat.
296 1678 380 1747 Vide
397 1698 492 1767 supra
509 1677 548 1744 ad
564 1699 611 1745 rs.
627 1681 660 1746 9.

227 1929 341 1996 tet-uo.
363 1928 405 1990 Et
421 1946 492 1992 cunt
508 1928 675 2008 accepisset
698 1926 817 2004 cibum,
836 1929 1033 2010 confortatus
1053 1936 1116 2010 est,
1136 1924 1225 2010 etc).
1241 1926 1365 1992 Graece

175 2074 329 2138 ενισχυσε,
345 2049 378 2116 h.
394 2069 423 2114 e.
439 2047 612 2115 debilitatas
629 2048 730 2115 inedia
746 2053 830 2114 eires
845 2054 1054 2133 recuperavit.
1070 2051 1210 2118 Verbum
1226 2071 1363 2135 ενισχυω

175 2174 249 2240 alibi
262 2171 356 2261 (Luc.
377 2172 472 2237 XXll
492 2193 500 2233 ε
517 2169 764 2260 45)]ναπ3ἱιίυε
789 2171 957 2258 siguificat,
972 2172 1024 2239 hic
1041 2194 1113 2240 vero
1138 2176 1360 2240 intransitive.

176 2295 345 2369 -Saulus
371 2305 534 2384 postquam
559 2315 614 2382 per
631 2295 750 2381 aliquot
765 2294 831 2361 dies
848 2305 1048 2362 conversatus
1070 2306 1151 2362 essct
1167 2316 1237 2361 cum
1255 2294 1365 2362 Chris-

175 2421 266 2488 tianis
295 2418 517 2498 Damascenis,
549 2419 691 2505 protinus
715 2416 850 2507 (ευθεως)
875 2419 917 2486 ibi
948 2420 1050 2508 coepit
1075 2420 1196 2487 ludaeis
1223 2420 1255 2484 iu
1285 2420 1365 2506 ipsis

176 2561 286 2609 eorum
311 2541 481 2628 Synagogis
498 2541 679 2629 praedicare
698 2544 802 2608 lesum
819 2544 1034 2625 Nazarenum,
1054 2547 1137 2629 qnod
1153 2543 1225 2633 (ὁτι)
1242 2547 1269 2609 ts
1287 2555 1367 2610 esset

174 2669 282 2732 Filius
301 2665 379 2747 Dei,
397 2665 431 2732 h.
451 2686 480 2731 e.
499 2666 716 2747 asseverando,
736 2667 818 2734 bunc
835 2687 903 2734 esse
920 2668 1037 2733 Filium
1056 2669 1129 2734 Dei.

218 2790 390 2857 Conficitur·
406 2810 443 2856 ex
462 2793 520 2878 Ep.
539 2791 578 2857 ad
597 2791 721 2858 Galatas
739 2793 815 2879 Cap.
832 2794 868 2859 l:
891 2795 945 2872 17,
964 2794 1024 2872 l8‚
1044 2793 1175 2860 Paulum
1201 2803 1271 2882 post
1289 2814 1365 2860 con·

173 2913 350 2979 versionem
367 2931 456 2977 suam
473 2931 507 2977 se
524 2932 562 2978 ex
578 2914 732 2979 Damasco
757 2914 926 2982 contulisse
949 2915 980 2979 iu
998 2914 1164 2994 Arabiam,
1182 2925 1275 3002 atque
1292 2912 1366 2980 inde

173 3039 362 3105 Damascum
380 3037 477 3103 fuisse
495 3059 666 3106 reversum.
687 3040 734 3105 De
753 3039 812 3106 boc
826 3061 899 3117 rero
923 3041 1011 3107 Pauli
1029 3042 1060 3106 in
1079 3041 1225 3108 Arabiam
1251 3041 1365 3108 itinere

176 3161 276 3226 Lucas
300 3161 394 3226 silet.
422 3162 488 3227 Nec
516 3162 641 3229 aliunde
667 3164 778 3241 scitur,
806 3183 897 3250 quem
926 3164 958 3229 iu
984 3163 1075 3231 finem
1100 3165 1215 3232 Paulus
1240 3176 1305 3232 tum
1333 3167 1365 3232 iu

176 3283 325 3349 Arabiam
341 3286 527 3365 secesserit,
543 3295 595 3351 aut
612 3285 760 3373 quamdiu
785 3284 827 3351 ibi
852 3285 945 3352 fuerit
967 3298 1187 3353 commoratus.
1209 3288 1365 3355 Ponerem

176 3407 235 3473 iter
257 3407 334 3476 illud
356 3409 387 3474 in
410 3408 557 3477 Arabiam
587 3409 667 3475 iuter
695 3429 836 3497 eaquae
858 3410 959 3476 Lucas
984 3410 1078 3476 'relert
1101 3431 1148 3476 rs.
1167 3413 1206 3479 ‘ll
1232 3421 1263 3477 et
1286 3431 1366 3500 quae

177 3551 224 3597 vs.
244 3533 303 3612 223
324 3532 355 3597 in
373 3553 433 3620 qua
450 3532 600 3599 sententia
617 3552 684 3599 esse
700 3532 790 3599 rideo
808 3533 901 3599 etiam
920 3532 1265 3601 Wiudischmauuuur.

211 3742 231 3808 ¹)
249 3759 264 3792 u
293 3743 389 3796 idcirco
417 3746 505 3794 autem
536 3744 634 3804 Lucas,
661 3743 749 3807 inquit
827 3744 845 3805 ¹)
867 3743 994 3794 «Itanon
1011 3742 1202 3807 apostotiscber
1217 3742 1365 3809 detiqlreit

178 3825 245 3877 Van.
265 3826 333 3877 Beda
352 3825 394 3889 (od
416 3827 473 3877 Act.
493 3827 529 3877 lX
543 3842 549 3876 :
562 3826 613 3891 ab),
627 3826 749 3876 Arabiam
795 3825 874 3874 Ponti
894 3825 923 3874 in
945 3825 1063 3875 Arubie'n
1085 3825 1140 3874 siclt
1161 3825 1367 3891 nicoendsoeine

179 3906 581 3973 praetermitterevidetur‚qubd
590 3909 626 3959 ibi
637 3907 749 3971 (Saulus)
795 3905 869 3972 Spar
878 3906 965 3973 findet,
978 3921 1006 3957 so
1019 3913 1124 3957 moeson
1138 3909 1191 3958 coir
1208 3914 1366 3961 oorouseet·

180 3992 299 4050 minimo
306 3991 509 4056 praedicaverit,
522 3992 597 4044 iuxta
613 3991 684 4055 quod
696 3992 751 4056 ipse
797 4001 855 4048 zen,
868 3989 918 4037 dns
933 3987 1002 4038 dicae
1013 3988 1086 4038 Reice
1096 3988 1143 4052 sttr
1154 3988 1365 4052 Prtootzweclco,

180 4073 208 4124 in
225 4073 397 4139 sequentibus
413 4072 486 4138 (Cap.
506 4073 600 4138 XXVI)
621 4074 752 4138 Agrippae
798 4067 888 4119 tortor
923 4069 1142 4120 conbrscbeinticb
1177 4084 1239 4120 zum
1268 4071 1367 4137 Bebufc

179 4155 243 4218 negt
268 4155 390 4220 loquens,
402 4155 438 4206 ait
452 4172 457 4206 :
474 4154 543 4216 Quia
555 4155 680 4206 Damasci
689 4156 753 4218 prt-
798 4149 1115 4215 qeistticberlitnsomlceit
1124 4151 1166 4202 uls
1176 4151 1369 4220 Verbereitunq

178 4252 260 4300 munt,
275 4243 298 4287 et
315 4237 522 4303 Hierosolymis,
537 4237 603 4288 etin
620 4236 691 4287 omni
709 4250 754 4287 re·
799 4235 1369 4300 zonttottqenteoencnnrnommenwar·

178 4320 255 4385 otone
275 4318 401 4383 Iudaeae,
422 4325 446 4370 et
466 4318 587 4384 uentibus
608 4320 754 4384 praedico·
799 4317 839 4376 de,
857 4315 946 4368 tuober
964 4318 1019 4368 siclt
1035 4319 1108 4368 donn
1126 4319 1177 4369 das
1188 4319 1367 4374 Sttlteclrwei-

179 4400 249 4451 bom.
263 4421 278 4464 ¹n
697 4403 701 4411 '
798 4414 851 4466 qen
870 4402 914 4451 des
934 4401 1020 4452 Lectos
1039 4401 1154 4464 erutuet,
1174 4403 1223 4453 der
1243 4418 1297 4455 nur
1316 4407 1368 4456 dan
