3074 5054
181 380 244 447 156
534 376 667 445 ACTUS
702 375 1038 459 APOSTOLORUM,

98 586 100 589 ·
169 578 307 636 centes:
329 569 439 637 Nonne
462 566 681 656 praecipiendo
705 568 923 658 praecepimus
945 567 1033 635 vobis
1058 588 1097 634 ue
1120 566 1354 656 loquaminil...

176 691 257 761 Vide
275 712 367 781 quam
391 701 493 759 essent
508 690 576 756 Deo
593 689 726 756 inimici.
745 689 902 757 Haeccine
925 688 1059 757 bumana
1074 700 1177 768 erant,
1196 688 1247 755 dic
1263 688 1355 770 milri,

177 835 256 904 quae
279 815 364 883 circa
386 815 457 883 illos
473 813 552 881 lacta
576 814 670 880 sunt?
685 813 764 899 Quis
789 813 859 881 illos
876 812 984 880 eduxit
999 797 1099 880 ianuis
1120 812 1256 880 clausist
1271 814 1359 898 Quo-

175 936 268 1006 modo
285 939 438 1019 exieraut,
456 934 638 1005 custodibus
653 947 723 1005 aute
743 934 826 1005 sores
850 935 1025 1004 stantibus?
1041 937 1125 1005 Vere
1141 935 1310 1003 furentium
1328 947 1360 1002 et

177 1059 336 1130 ebriorum
357 1060 450 1129 verba
471 1060 602 1129 sunt¹.»

219 1298 276 1366 29.
298 1299 505 1382 Respondent
528 1308 634 1363 cutem
656 1300 773 1364 Petrus
797 1308 827 1362 et
857 1296 993 1386 (reliqui)
1016 1298 1165 1382 Apostoli
1188 1299 1357 1378 dicerunt,

176 1418 268 1510 etc.).
294 1421 410 1489 Sensus
435 1431 482 1488 est
509 1442 517 1484 :
549 1419 749 1511 respondisse
771 1422 899 1487 Petrum
923 1441 980 1488 suo
1005 1433 1035 1487 et
1061 1420 1200 1487 omnium
1223 1422 1359 1510 Aposto-

173 1543 277 1613 lorum
305 1544 441 1613 nomine.
465 1543 591 1612 Scilicet
611 1542 716 1612 datum
740 1545 866 1611 aPetro
889 1563 1074 1632 responsum
1098 1543 1192 1609 ceteri
1212 1542 1356 1631 Apostoli

176 1689 285 1737 omnes
308 1678 361 1736 aut
384 1678 460 1736 uutu
483 1678 535 1736 aut
558 1687 635 1735 voce
657 1667 898 1757 approbaverint
921 1678 1076 1756 tamquam
1100 1688 1203 1735 suurn.
1225 1669 1360 1735 obedire

176 1803 299 1878 oportet
319 1794 386 1860 Deo
408 1795 530 1877 mcpis,
555 1803 615 1860 etc.
642 1792 758 1860 Sensus
782 1791 867 1858 aurei
891 1789 983 1858 huius
1007 1791 1089 1858 effati
1113 1803 1188 1858 est:
1212 1790 1360 1859 obedien-

176 1916 251 1985 dum
271 1935 340 1984 esse
362 1918 430 1985 Deo
454 1928 485 1984 et
507 1937 568 1984 uon
593 1914 790 1997 homiuibus,
815 1913 938 2005 quando
964 1935 1024 1981 non
1053 1926 1154 2005 potest
1177 1914 1227 1983 his
1256 1925 1286 1980 et
1313 1915 1359 1981 illi

179 2039 272 2108 simul
295 2039 428 2108 obediri.
454 2040 593 2109 Maseulo
621 2038 681 2107 lroc
708 2059 770 2106 uon
798 2039 901 2107 miuus
925 2059 1018 2128 quam
1040 2039 1180 2107 modesto
1205 2059 1358 2128 responso

178 2167 289 2234 Petrus
313 2165 500 2254 Syuedrium
524 2166 633 2248 docet,
652 2164 788 2233 officium
811 2164 1008 2255 praedicandi
1026 2163 1184 2253 Evangelii
1201 2163 1261 2232 sibi
1278 2164 1359 2231 diri·

179 2289 262 2356 nitus
291 2288 388 2358 luisse
415 2290 604 2372 iniunctum3
631 2289 725 2378 idque
755 2289 885 2358 ulterius
915 2288 1050 2357 declarat
1077 2290 1109 2356 in
1138 2289 1354 2378 sequentibus.

222 2528 277 2595 50.
296 2528 383 2594 Deam
394 2537 528 2612 patrum
544 2538 729 2593 nostrorum
744 2529 909 2594 suscitavit
921 2528 1047 2606 lecum,
1062 2523 1148 2606 etc).
1165 2525 1247 2596 Vide
1263 2548 1359 2617 supra

178 2650 217 2718 ad
240 2651 317 2740 Cap.
336 2653 405 2720 lll:
426 2654 480 2720 ta.
505 2651 556 2720 Ad
576 2672 684 2719 vocem
708 2655 863 2719 sttseitare
888 2655 1031 2741 (εγειρειν)
1057 2651 1140 2740 quod
1164 2651 1287 2733 attinet,
1305 2652 1359 2720 ad·

179 2773 304 2843 hibetur
325 2775 378 2844 illa
401 2775 526 2865 quidem
550 2782 726 2867 profecere
745 2780 894 2863 prodire,
919 2779 1062 2855 mittere,
1076 2798 1108 2843 v.
1122 2797 1153 2864 g.
1172 2776 1358 2866 prophetam

178 2898 236 2989 (oi.
254 2900 365 2970 blattlr.
391 2902 462 2969 XI:
484 2905 541 2984 ll;
561 2903 672 2972 XXlV
692 2931 700 2968 ι
721 2905 781 2982 ll,
799 2903 854 2970 94.
875 2902 953 2967 Luc.
981 2902 1042 2968 Vll
1060 2927 1068 2968 ε
1087 2903 1153 2989 to),
1171 2900 1227 2968 sed
1244 2901 1359 2969 dicitur

176 3023 268 3090 etiam
292 3046 411 3116 cyerpen
432 3024 579 3115 (elliptice
600 3047 657 3116 pro
681 3048 800 3117 εγειρειν
825 3048 857 3088 εκ
881 3047 1008 3115 reaper,
1033 3036 1067 3092 ut
1090 3035 1136 3091 est
1158 3044 1253 3114 supra
1277 3025 1355 3115 Cap.

175 3149 246 3216 lll:
273 3151 332 3231 tm
356 3150 429 3218 lV:
458 3152 518 3230 le,
539 3161 570 3218 et
591 3153 670 3219 Xlll
690 3171 698 3213 ι
719 3149 777 3238 50)
798 3149 837 3218 de
857 3152 1029 3215 reuocando
1055 3152 1090 3214 in
1114 3152 1226 3215 vitam.
1254 3150 1358 3238 Atque

174 3275 236 3344 hoc
259 3297 353 3345 seusu
375 3298 484 3347 vocem
506 3302 627 3372 εγειρειν
649 3279 681 3346 in
706 3277 860 3368 praesenti
877 3277 945 3344 loco
962 3277 1074 3345 sumsit
1098 3276 1131 3344 S.
1162 3275 1232 3343 lolr.
1252 3275 1356 3364 Chry-

174 3411 347 3485 sostomus;
366 3423 496 3493 eamque
519 3403 804 3494 interpretationem
822 3402 1040 3471 commendant
1055 3423 1127 3471 cum
1144 3401 1305 3469 antithesis
1322 3403 1355 3468 in

175 3526 325 3594 sententia
348 3527 475 3597 relativa
494 3554 501 3596 :
520 3551 612 3616 quem
627 3551 680 3596 cos
705 3533 930 3614 interemistis,
950 3540 1015 3596 turn
1041 3529 1131 3595 etiam
1157 3527 1235 3608 lroo,
1251 3527 1353 3617 quod,

176 3651 260 3719 nulla
280 3652 434 3722 mentione
458 3654 536 3722 lacta
559 3653 598 3723 de
614 3656 685 3722 lesu
709 3654 953 3734 resurrectione,
968 3653 1107 3721 eiusdem
1131 3656 1355 3721 excitationem

221 3960 241 4024 ¹}
263 3951 337 4013 Δεον
359 3974 507 4043 ερωτησαι
526 3976 664 4044 πρωτον,
679 3978 742 4030 πως
790 3979 860 4041 μοι,
879 3980 918 4018 τα
942 3961 987 4018 err'
1008 3978 1106 4018 αυτων
1129 3977 1293 4044 perceperam
1312 3980 1357 4029 τις

177 4033 320 4112 sindbert·
346 4046 373 4106 oi
396 4038 444 4120 de,
463 4048 504 4119 ὡς
526 4041 644 4120 cuderet
660 4068 742 4136 paro·
788 4069 896 4120 αυτους
909 4042 1031 4135 εξηγαγε
1044 4070 1102 4109 των
1113 4047 1209 4136 dapem
1222 4044 1357 4111 κεκλεισ-

177 4151 287 4215 paveo,
321 4155 453 4222 ερωτωσι
491 4133 634 4226 deperfec·
672 4159 739 4222 ουχι
788 4157 902 4223 penam
920 4160 983 4212 πως
1000 4134 1117 4211 edaldum
1134 4161 1191 4201 rma
1209 4136 1356 4229 φυλακων

174 4220 365 4311 παραγγελιᾳ
392 4225 635 4316 παρηγγειλαμεν
666 4228 738 4312 epu
786 4251 843 4317 arpo
871 4251 929 4290 των
952 4229 1048 4317 dapem
1080 4226 1234 4305 ἑστωτων;
1262 4253 1356 4309 ουτως

176 4335 218 4397 μη
234 4310 400 4392 laborm...
415 4316 497 4406 Ὅρα
513 4319 738 4393 ragnetrudem
786 4342 974 4406 μαινομενων
992 4344 1043 4382 και
1065 4321 1233 4406 pedecuram
1250 4345 1288 4384 ra
1302 4343 1355 4411 ρη-

176 4425 285 4490 μαχοι.
317 4407 421 4471 Tauro
451 4409 643 4498 ανθρωπινα,
676 4432 738 4474 etue
785 4434 882 4497 ματα.
897 4424 1025 4489 &Chrys
1040 4426 1222 4478 Hom.Xllliu
1235 4426 1292 4479 Act.
1303 4428 1354 4496 Ap.
