3074 5054
197 400 242 467 76
550 398 686 469 ACTUS
722 400 1058 481 causacionem,

197 592 350 671 caperon
369 584 606 672 αποδεξαμενοι,
626 586 659 652 h.
685 606 714 651 e.
736 591 887 672 euterpe
912 592 1043 655 libenter·
1067 604 1270 676 receperent,
1296 594 1390 681 cet).

196 708 244 774 rut
263 728 337 795 ergo
358 707 456 796 (aar)¹
474 708 527 797 qui
546 719 733 797 receperunt
749 706 999 797 (αποὸεξαμενοι)
1018 732 1076 778 sue
1098 732 1246 791 assensu,
1265 713 1327 780 hoc
1346 724 1393 780 est

194 828 396 897 admittebant
427 832 511 897 Petri
534 830 780 898 exhortationem
808 833 874 920 (cer
904 831 992 922 layca
1018 832 1148 922 aaran),
1180 854 1240 920 qua
1265 833 1389 900 dixerat

193 956 385 1036 salvamini,
408 950 636 1027 essaaeaaeaaar
655 954 748 1042 (hor.
777 975 861 1043 pass.
890 977 961 1022 eum
980 958 1106 1024 notione
1129 958 1268 1025 Madet
1293 979 1390 1047 supra

193 1096 239 1141 vs.
265 1074 323 1159 dd)
345 1078 501 1159 baptizati
523 1087 617 1159 aael;
647 1096 747 1163 eoque
775 1075 826 1142 die
854 1078 1062 1145 adiunxerant
1089 1099 1158 1145 sese
1186 1078 1388 1169 (προσετεθη-

193 1198 267 1283 σαν)
283 1198 352 1265 scit.
372 1201 534 1264 Ecclesiae
550 1199 606 1287 (ci.
633 1199 712 1265 inira
731 1220 776 1265 vs.
795 1200 853 1287 47)
870 1201 995 1267 circiter
1012 1200 1070 1267 lria
1093 1201 1189 1268 millia
1205 1200 1385 1268 hominum.

191 1318 298 1404 Ψυχαι
316 1320 444 1407 ponitur
460 1340 517 1407 pre
540 1321 691 1408 creparet
713 1344 719 1384 :
740 1322 821 1386 seire
842 1333 962 1402 autem,
986 1322 1081 1388 sit-ne
1099 1321 1160 1389 hoc
1176 1342 1214 1387 ex
1236 1322 1386 1410 loquendi

191 1461 277 1507 mere
295 1442 510 1508 Hebraeorum
524 1444 595 1531 (alat
621 1442 659 1509 de
676 1443 844 1528 peraeae),
864 1463 902 1509 an
916 1464 990 1509 vere
1004 1444 1095 1509 etiam
1113 1444 1285 1531 scriptores
1305 1444 1385 1510 hene

190 1562 304 1630 Graeci
322 1562 369 1627 sio
385 1562 479 1628 locuti
495 1562 621 1642 luerint,
637 1562 717 1628 nihil
733 1576 839 1630 nostra
856 1563 909 1631 hie
925 1565 1065 1629 interest.

234 1683 352 1749 Vocem
381 1683 604 1771 προσετεθησαν
633 1682 726 1772 (hor.
747 1687 760 1750 1
783 1688 873 1751 Pass.
899 1704 970 1751 cum
988 1685 1113 1750 notione
1135 1683 1239 1772 hled.)
1256 1684 1381 1752 reddidi

187 1806 407 1870 cdieaeceraret
431 1826 475 1869 ae.
502 1804 743 1895 Προστιθεσθαι,
761 1806 803 1871 ait
819 1798 933 1872 Rosius
957 1804 1006 1891 (ad
1032 1806 1064 1872 h.
1093 1805 1145 1884 ht,
1173 1807 1304 1874 Graecis
1330 1807 1379 1874 di·

188 1936 301 1992 cuntur
318 1928 370 2015 qui
394 1938 560 1993 transeunt
583 1931 618 1992 r'rt
639 1940 768 2010 perles,
794 1931 976 2009 adlurtpttnt
998 1949 1031 1992 ae
1054 1929 1201 2009 perlitas
1227 1930 1379 1993 alieuius.

187 2046 240 2114 Sic
255 2047 443 2117 Plutarchus
460 2050 539 2116 dixit
558 2074 565 2114 τ
585 2050 778 2137 repertricem
794 2047 973 2128 dilacerete,
992 2051 1142 2130 tedicnpit
1156 2069 1189 2111 se
1202 2048 1381 2113 Atlantea-

187 2170 283 2235 eibtta.
311 2171 398 2237 Sicut
418 2192 512 2259 supra
535 2172 566 2238 iu
590 2170 713 2252 verbm,
741 2192 951 2256 quoscumque
975 2171 1176 2234 advocaverit
1202 2170 1378 2246 Democrates,

186 2288 285 2356 edocti
309 2291 425 2358 inimus
446 2291 569 2359 divinae
590 2293 706 2379 gratiae
727 2292 896 2370 auxilium,
921 2292 962 2356 ita
980 2311 1019 2356 ex
1040 2289 1194 2378 praesenti
1218 2289 1375 2357 versiculo

185 2412 285 2479 elucet
301 2414 421 2481 arbitrii
439 2415 566 2482 libertas
579 2415 609 2480 in
625 2414 817 2503 repudianda
833 2425 885 2480 aut
897 2411 1085 2480 admittenda
1102 2410 1163 2477 fide
1180 2410 1371 2478 Christiana.

230 2656 286 2723 dd.
309 2658 413 2721 Erant
430 2666 536 2719 aulem
558 2664 812 2738 perseveratum,
839 2660 927 2739 cet).
949 2651 1083 2738 Scripsit
1100 2653 1201 2718 Liteas
1218 2674 1373 2742 προσκαρ-

183 2798 352 2866 reponeret,
375 2797 435 2842 uon
461 2798 764 2865 προσκαρτερουσαι,
794 2794 983 2863 ‹puamquam
1011 2773 1164 2840 antecedit
1185 2773 1295 2860 ψυχαι.
1315 2774 1372 2839 Ni·

182 2898 297 2962 mirum
322 2897 512 2965 constructio
538 2909 600 2976 est,
635 2918 728 2985 quam
757 2906 885 2977 vocant,
915 2898 956 2960 acl
983 2917 1132 2976 serrarum
1162 2894 1259 2981 ψυχαι
1287 2896 1372 2959 enim

182 3020 407 3101 intelliperttar
431 3018 586 3085 homines.
617 3020 666 3084 De
693 3017 850 3085 locutione
886 3038 1119 3107 προσκαρτερειν
1156 3039 1214 3078 τινι
1250 3015 1372 3101 egimus

180 3158 275 3226 supra
291 3138 330 3206 ad
346 3141 423 3228 Cap.
451 3143 464 3206 1
493 3166 500 3206 ι
522 3144 576 3207 tt.
603 3141 760 3207 Dicuntur
786 3139 838 3205 hic
862 3140 932 3205 raoni
959 3139 1002 3205 ilii
1029 3138 1198 3205 Christiani
1223 3157 1370 3225 perseve-

179 3270 283 3326 ranter
308 3260 455 3327 institisse
485 3264 518 3327 l⁰
545 3286 581 3349 ep
606 3257 741 3348 διδαχῃ,
769 3280 830 3348 qua
856 3259 909 3326 hic
937 3258 1118 3345 intelligitur
1142 3257 1368 3346 Apostolorum

178 3385 355 3463 ireatt'tullo,
378 3394 465 3449 actua
485 3385 618 3448 docendi
623 3409 638 3466 ;
661 3383 786 3470 Belgica
808 3385 845 3446 ele
862 3385 1099 3465 eraderriplr'rtp.
1121 3383 1155 3447 2⁰
1172 3405 1208 3468 ap
1225 3401 1368 3463 κοινωνιᾳ

178 3529 227 3568 και
250 3530 287 3592 τῃ
308 3503 429 3568 elaeae
451 3520 504 3568 cea
525 3527 632 3593 etpreu,
657 3506 687 3569 in
710 3525 772 3592 quo
796 3503 948 3591 Vulgatae
969 3504 1123 3592 interpres
1140 3503 1263 3588 agnovit
1280 3504 1368 3569 Heli·

212 3764 229 3827 ¹)
248 3764 313 3815 Van.
333 3778 403 3813 usar.
424 3770 565 3833 ασμενως
581 3776 635 3814 non
649 3763 746 3826 legitur
791 3761 887 3813 videsis
899 3761 1064 3825 Hoogovaeni
1082 3760 1168 3811 Doctr.
1184 3759 1279 3810 Partic.
1300 3773 1364 3825 pag.

177 3847 204 3897 in
222 3845 322 3903 ABCD.
341 3858 389 3896 nec
408 3846 435 3895 iu
457 3846 543 3897 Verss.
564 3845 639 3911 Cept.
654 3844 742 3897 Sahid.
792 3846 855 3905 hid,
870 3843 915 3894 tx,

175 3927 277 3993 hetiop.
292 3927 378 3991 Varla,
394 3940 442 3978 nec
459 3927 554 3979 allode
575 3927 696 3989 (Retract.
717 3927 744 3976 in
824 3916 843 3981 ‘l
861 3916 926 3966 Veh·
946 3930 1016 3966 ΜΤ·
1036 3916 1120 3967 Vfflba
1132 3930 1184 3968 καί
1200 3932 1236 3993 ἴῃ
1253 3905 1363 3971 κλάσει

175 4009 233 4060 Act.
256 4007 326 4073 altrrd
348 4008 480 4074 Sahalier)
505 4008 571 4059 iectu
598 4008 657 4059 tuit.
682 4008 745 4059 hm-
790 4014 844 4052 nun
859 4000 985 4064 leguntur
997 4001 1024 4051 in
1036 4001 1111 4053 codd.
1130 4005 1211 4055 ADet
1226 4004 1298 4055 Vere.
1310 4004 1363 4056 Sa·

175 4092 229 4156 higi
241 4106 316 4157 pesse
335 4092 447 4154 videtur,
465 4092 550 4143 sii-ne
562 4092 676 4157 genuina
692 4104 744 4142 vox
789 4080 883 4132 hidlcfl·
897 4108 931 4117 -
947 4080 1011 4132 Itala
1027 4081 1125 4133 habet:
1146 4084 1252 4135 «Erant
1272 4089 1362 4136 autem

175 4180 326 4243 ασμενως,
790 4161 918 4212 instantes
948 4162 1082 4214 doctrinae
1109 4164 1304 4228 Apostolorum,
1335 4171 1363 4216 et

789 4243 1018 4295 communicationi
1052 4248 1078 4295 et
1111 4244 1230 4296 fractioni
1265 4246 1358 4310 panis,

206 4320 225 4384 ¹)
245 4319 280 4371 De
313 4321 340 4370 vi
376 4322 547 4374 continuandi
582 4324 742 4386 orationem,
788 4327 815 4376 et
833 4323 1005 4376 orationibus.
1031 4344 1042 4368 o
1065 4329 1151 4391 Atque
1176 4326 1244 4377 hanc
1265 4326 1360 4379 lectio-

172 4414 251 4465 quum
286 4402 328 4454 hic
361 4404 463 4456 obtinet
499 4405 627 4457 Particula
668 4422 739 4477 aar,
788 4420 849 4459 nem
860 4406 967 4460 Codices
984 4406 1074 4460 Graeci
1096 4409 1149 4461 iero
1168 4422 1259 4461 omnes
1279 4410 1359 4462 exhi-
