3074 5054
447 443 448 447 .
496 381 635 450 33333
669 383 718 461 3,
755 380 877 450 vans.
917 331 1016 450 3-3,
1286 381 1345 447 rar

223 582 253 647 5.
279 579 346 645 Car
362 578 522 660 33333333,
541 572 788 661 succensete).
806 573 948 641 Sentiunt
970 572 1026 640 SS.
1046 574 1180 653 Patres,
1198 570 1350 639 Ananiarn

186 715 210 770 et
223 702 382 791 Saphiram
402 711 473 768 voto
496 718 697 768 consecrasse
713 699 782 765 Deo
805 696 870 784 agri
894 696 978 764 illius
1001 695 1153 784 pretium,
1178 705 1211 762 ut
1225 693 1303 761 adeo
1320 703 1351 760 et

185 825 325 914 sacrilegii
347 844 418 892 reos
433 843 503 890 sese
518 823 658 891 fecerint.
685 825 796 890 Petrus
812 821 929 888 crimen
947 820 1077 888 istorum
1094 819 1242 887 divinitus
1258 817 1352 884 luerit

186 949 314 1017 3333333.

221 1071 336 1139 Graeca
351 1092 360 1136 :
376 1065 455 1135 deerat
471 1067 659 1159 επληρωσεν,
677 1093 707 1134 κ.
725 1093 755 1132 τ.
771 1065 817 1155 A„
840 1065 926 1133 reddi
943 1075 1073 1155 possunt
1088 1064 1130 1130 ila
1149 1089 1158 1131 t
1178 1085 1274 1150 qnare
1292 1067 1352 1129 int·

181 1197 270 1280 333333
291 1195 430 1260 Satanas
452 1216 507 1260 cor
534 1205 625 1261 33333
647 1196 689 1258 ael
710 1193 929 1258 mentiendum
954 1190 1099 1274 Spiritui
1126 1188 1243 1254 Sancto
1265 1198 1295 1252 et
1313 1190 1355 1252 cal

185 1321 446 1387 interveniendum
462 1322 617 1404 depretia
633 1320 718 1402 3333.
738 1315 885 1384 infinitivi
907 1314 1076 1403 3333333333
1101 1324 1131 1382 33
1151 1314 1355 1404 νοσφισασθαι

183 1453 247 1511 3333
266 1443 415 1510 infinitivi
438 1446 524 1529 scopi
546 1443 611 1509 sive
634 1445 711 1526 linis
733 1444 864 1520 intenti,
883 1450 918 1507 ut
940 1459 1035 1530 supra
1058 1438 1206 1507 1v228.
1229 1436 1354 1504 Dicitur

181 1568 300 1636 Satanas
316 1588 411 1657 praua
427 1587 482 1635 sua
499 1567 694 1656 suggestione
715 1569 905 1651 adimplesse
924 1576 976 1632 aut
992 1575 1171 1653 penetrasse
1187 1582 1242 1629 cor
1258 1561 1354 1628 alicu-

181 1692 245 1771 ius,
264 1690 389 1780 quando
414 1689 466 1758 hic
488 1711 601 1780 pravae
620 1689 807 1778 suggestioni
833 1689 958 1779 praebet
976 1698 1174 1755 consensum.
1192 1684 1355 1772 Colligitur

181 1814 236 1882 hoc
251 1835 290 1882 33
309 1836 356 1882 33.
377 1818 415 1897 l,
438 1815 492 1883 ubi
510 1835 566 1906 pro
583 1839 627 1900 τῳ
643 1835 702 1879 333
724 1815 869 1897 implevit
890 1813 1030 1879 Satanas
1047 1832 1101 1876 cor
1117 1821 1225 1888 33333,
1245 1812 1355 1875 Petrus

180 1936 286 2006 eodem
310 1949 404 2006 sensu
428 1939 507 2006 dixit
524 1964 532 2006 :
552 1917 651 2025 33333
664 1940 804 2023 33333333
824 1940 860 2004 in
882 1939 974 2002 corde
997 1947 1050 2002 333
1071 1938 1152 2001 lanc
1172 1935 1266 2000 reon?
1281 1936 1355 2000 Pra·

180 2080 232 2127 333
255 2062 462 2150 suggestionis
486 2063 569 2130 illius
591 2061 643 2130 hic
667 2073 733 2130 erat
755 2065 847 2146 3333,
865 2073 899 2129 33
920 2060 1056 2129 Ananias
1079 2063 1187 2145 reipsa
1209 2060 1356 2125 mentire-

179 2193 228 2250 tur
255 2185 386 2274 Spiritui
419 2186 531 2252 Sancto
560 2196 589 2252 et
617 2186 830 2252 interverteret
857 2184 896 2251 de
924 2183 1023 2273 pretio
1052 2183 1129 2271 agri.
1156 2182 1275 2249 Dicens
1301 2203 1356 2247 cun

179 2311 339 2392 implevit,
359 2310 471 2376 Petrus
496 2308 610 2389 innuit,
634 2329 691 2397 per
710 2308 862 2377 Ananiarn
879 2308 1001 2374 stetisse
1017 2317 1051 2374 ut
1066 2307 1205 2373 Salonas
1220 2327 1275 2371 aar
1290 2308 1356 2370 3333

178 2455 243 2499 333
265 2436 425 2516 impleret.
451 2435 549 2500 «Non
575 2432 677 2513 enirn,
695 2442 729 2499 ut
751 2432 828 2499 listii
852 2430 954 2498 verbis
978 2441 1119 2511 utamur,
1144 2432 1358 2512 increpandos

178 2567 246 2623 erat
261 2556 396 2624 Ananias
413 2555 497 2646 quod
512 2566 659 2623 tentasset
673 2576 742 2623 eurn
760 2556 905 2636 Satanas,
923 2574 994 2621 curn
1010 2553 1043 2621 id
1060 2573 1121 2621 non
1145 2564 1225 2621 esset
1240 2552 1272 2619 in
1290 2524 1357 2619 eius

216 2849 235 2916 ¹)
251 2851 315 2902 Van.
337 2867 408 2903 naar.
432 2852 460 2902 ln
485 2851 618 2904 nonnullis
643 2855 745 2904 tantum
790 2858 836 2912 333,
849 2853 880 2904 33
891 2851 945 2902 illis
956 2850 1111 2917 subripiat?
1128 2850 1241 2912 Annon,
1254 2851 1356 2916 lrtqoil,

177 2932 312 2984 codicibus
323 2933 420 2998 legitur
429 2934 471 2988 hie
482 2943 636 3010 επειρασεν
648 2934 745 3000 (3333-
787 2940 896 2999 3333333
913 2933 967 2984 illis
987 2935 1112 2996 33333333,
1124 2940 1152 2984 33
1168 2932 1290 2998 propriis
1301 2933 1359 2983 oti?

176 3015 235 3080 333),
245 3019 391 3068 eommunis
399 3023 486 3069 autem
497 3019 614 3070 codicum
623 3018 698 3070 lectio
708 3021 747 3069 est
791 3031 854 3069 nunt
863 3015 1011 3082 3333333333
1022 3018 1068 3068 es?
1079 3030 1127 3068 333
1138 3016 1269 3080 33333333,
1281 3022 1358 3080 3333-

177 3081 368 3176 επληρωσεν,
400 3115 478 3166 quam
508 3100 635 3152 exhibent
668 3101 746 3152 etiarn
792 3114 871 3165 qnam
881 3099 1092 3164 promisisliliit
1105 3099 1132 3150 S.
1145 3101 1212 3162 Aug.
1229 3097 1312 3148 Serm.
1326 3098 1359 3146 ‘ll

176 3183 312 3236 versiones
328 3184 392 3235 ltal'a
404 3188 430 3235 et
440 3184 560 3249 Syriaca,
574 3184 636 3234 ilem
654 3183 745 3248 Chrys.
793 3181 825 3232 de
838 3181 924 3234 verbis
935 3180 1052 3247 Apostoli
1064 3198 1070 3233 :
1081 3182 1161 3241 llam,
1175 3179 1275 3245 inquit,
1288 3193 1321 3229 en
1330 3192 1359 3229 eo

176 3265 322 3332 Theophyl.
337 3268 477 3320 Oecumen.
497 3269 587 3334 ltaque
600 3281 653 3319 non
671 3267 748 3319 vide·
794 3265 863 3328 3333
874 3264 1038 3329 3333333333
1047 3269 1151 3327 333333
1163 3261 1306 3320 subtranit,
1319 3275 1361 3311 33-

178 3352 227 3398 lur
253 3345 454 3410 ambigendum,
477 3346 541 3412 quin
577 3332 748 3426 επληρωσεν
793 3346 894 3412 33333333
912 3348 1094 3398 3333333333
1109 3344 1225 3409 fraudis.
1240 3341 1360 3394 Sacrile-

176 3428 218 3479 sit
232 3441 356 3492 germana
374 3429 458 3482 Lucae
474 3432 612 3496 scriptura.
792 3428 840 3493 333,
851 3429 920 3494 qnod
929 3429 1010 3481 Deum
1021 3428 1050 3478 in
1060 3426 1249 3492 pollicitatione
1259 3423 1360 3489 fefelle-

795 3510 847 3571 ril;
861 3511 979 3574 fraudis,
993 3510 1062 3576 qaod
1080 3509 1189 3574 inlepris
1208 3507 1361 3558 3333333333

218 3627 235 3693 3)
253 3627 278 3679 s¹
290 3627 381 3693 Chrys,
397 3597 525 3680 Hom'uxfl
538 3630 565 3678 jn
575 3593 632 3682 Aeg·
642 3629 735 3680 ad.h.l
790 3595 937 3658 portionem
956 3594 1098 3659 qnamdam
1107 3591 1361 3658 putaverilsublra-

180 3694 288 3786 Ὁρᾷς,
308 3711 411 3777 inquit,
430 3702 474 3761 ὁτι
488 3720 585 3768 33333
613 3695 748 3785 synalae-
792 3679 913 3730 hemam·
928 3696 941 3722 “
954 3677 980 3728 S·
993 3678 1099 3770 Hiemi·
1114 3677 1160 3742 Ep.
1173 3675 1233 3726 {lad
1245 3675 1360 3769 {lemell-

180 3810 252 3864 ται,
274 3793 319 3852 ὁτι
339 3809 466 3862 ποιησας
489 3812 568 3850 αντα
593 3791 655 3878 [epa
674 3811 748 3876 χρη,
793 3760 873 3826 (apud
891 3759 968 3810 Corn.
988 3773 1003 3810 a
1023 3759 1128 3826 Laprdc)
1143 3774 1149 3808 ι
1163 3759 1303 3820 Ananias,
1316 3772 1362 3809 ru.

183 3900 287 3962 ματα,
316 3901 383 3941 τοτε
406 3874 515 3963 ελαβε;
538 3879 587 3952 Mn
614 3901 670 3969 γαρ
696 3903 749 3942 ουκ
795 3844 867 3909 (lull,
880 3842 1065 3908 elsapham...
1083 3849 1143 3908 post
1160 3849 1249 3893 cotnra
1267 3841 1362 3893 33333-

183 3993 191 4003 ·
207 3963 224 4029 ὃ
468 3994 475 4006 q
567 3992 578 4008 .
795 3927 882 3978 lerant
899 3927 977 3991 qnasi
993 3940 1043 3978 aaa
1056 3932 1079 3978 et
1091 3939 1145 3976 non
1162 3926 1217 3976 3333
1229 3925 1272 3976 333
1285 3923 1363 3974 semel

185 3992 204 4040 'A
225 3992 336 4045 wmr
358 3992 449 4059 W,
469 3993 520 4030 ‘⁸⁰st
542 3993 617 4054 W'
634 3992 667 4031 w
685 3992 748 4031 πω·
795 4022 827 4059 33
843 4014 985 4070 33333333,
1002 4012 1105 4072 3333333
1122 4006 1172 4057 3333
1188 4007 1243 4056 iam
1259 4004 1364 4056 alienae

185 4055 277 4130 dmi
290 4083 368 4123 ww
387 4070 441 4138 (850)
460 4063 499 4133 ὡς
514 4055 600 4132 ῑδῑθῑς
613 4082 748 4149 mildi·
795 4091 959 4142 3333333333
980 4095 1154 4141 reservantes.
1175 4107 1187 4132 3
1212 4088 1239 4139 S.
1261 4087 1363 4150 Grego-

185 4152 315 4226 cesten
336 4174 377 4236 33
396 4173 453 4240 γαρ
472 4146 637 4226 aestivata
654 4146 704 4212 lta
720 4175 750 4212 rt
797 4171 920 4222 rtusna.
934 4172 953 4222 1.
967 4171 1014 4236 ap.
1028 4170 1102 4222 asan
1116 4168 1364 4234 venantiumtapnc

188 4262 263 4325 μετα
289 4265 323 4305 το
352 4241 538 4325 derogandae
566 4237 749 4326 λαμβ3333ς;
797 4254 1013 4319 CornaLapiu.)
1029 4253 1191 4314 «Ananias,
1206 4252 1364 4318 inquit‚pe-

188 4336 216 4387 h.
228 4352 252 4390 a.
270 4359 282 4384 «
304 4338 401 4400 Vialen’,
418 4339 465 4389 333
483 4340 513 4389 in
531 4339 632 4388 crimen
650 4339 753 4400 333333,
798 4338 893 4389 eunias
908 4338 960 4388 Deo
971 4343 1088 4398 voverat,
1101 4351 1168 4402 3333
1185 4332 1288 4400 postea,
1306 4336 1365 4385 333-

188 4422 256 4484 3333
265 4435 324 4473 enm
336 4421 398 4473 illos
412 4421 541 4486 33333333
558 4433 654 4472 sacras
672 4421 753 4485 secla·
800 4427 841 4475 333
852 4422 1025 4488 persuasione
1035 4419 1149 4484 Diaboli,
1162 4419 1330 4472 subtranit.»
