3074 5054
437 396 574 463 CAPUT
610 394 660 475 tl,
697 394 820 466 Vnus.
858 393 1005 463 ‚at-57.
1268 393 1310 459 75

127 585 168 651 Ll
189 605 197 647 ε
217 586 274 653 23.
293 623 337 634 -
353 585 508 654 Particula
523 588 620 652 donec
635 583 714 674 (ιιι)
730 583 902 663 interdum,
921 593 956 650 ut
977 581 1046 660 hie,
1065 581 1107 648 ita
1123 580 1257 670 pertinet
1272 580 1310 648 ad

127 720 251 800 tempus
272 711 479 800 praeeedenS‚
506 722 540 780 ιιι
565 710 603 779 de
627 708 732 777 luturo
749 728 810 776 uon
833 706 944 775 inlerat
965 706 1178 785 contrarium;
1203 704 1311 773 conler

128 836 211 904 Gen.
229 835 373 902 XXVlll
394 863 403 903 :
423 839 478 915 tte
505 838 619 924 dlleg.
640 834 685 903 Vl
705 858 713 900 :
732 837 788 915 253
814 830 925 901 Matth.
944 833 982 898 1:
1001 833 1057 900 att.
1076 832 1161 898 Bene
1176 829 1310 898 Muisius

125 956 175 1045 (in
191 959 245 1024 Ps.
272 955 383 1042 ClX):
409 959 538 1039 «Care,
557 961 679 1045 inquit,
705 955 888 1047 particulam
911 958 1009 1022 donoc
1029 954 1061 1021 in
1083 952 1163 1020 hane
1186 961 1309 1019 senten·

128 1082 254 1149 tentiam
277 1082 431 1170 accipias,
450 1083 538 1170 quasi
561 1082 718 1150 desiturus
742 1081 783 1148 sit
804 1079 947 1147 Christus
971 1077 1009 1144 ad
1034 1077 1192 1145 dexteram
1208 1075 1308 1144 Patris

128 1205 256 1284 sedere,
287 1204 410 1294 quando
442 1207 581 1294 posuerit
608 1208 702 1273 Pater
728 1204 872 1271 inimicos
900 1203 967 1270 eius
994 1199 1164 1270 scabellum
1193 1199 1308 1289 pedum

128 1329 215 1409 eius,
234 1327 295 1396 hoc
318 1339 385 1410 εει,
404 1329 527 1417 quando
553 1349 660 1396 omnes
686 1327 770 1395 illius
786 1326 891 1395 hostes
913 1324 1045 1414 pedihus
1069 1323 1167 1412 ipsius
1184 1321 1310 1390 concul-

128 1451 245 1520 candos
276 1452 445 1520 subiecerit
468 1477 476 1518 :
500 1452 556 1520 sed
584 1472 695 1520 sensus
723 1461 785 1530 εει,
816 1449 901 1540 quod
928 1452 1061 1515 currerim
1086 1452 1163 1514 douc
1190 1422 1312 1514 sedebit

128 1578 273 1648 Christus
295 1579 334 1648 ad
358 1578 516 1647 dexteram
544 1579 663 1661 Patris,
687 1579 846 1669 positurus
868 1577 909 1644 sit
924 1579 1016 1643 Pater
1032 1575 1192 1656 inimicos,
1207 1584 1301 1641 etc.»

73 1832 76 1837 '
174 1825 230 1892 56.
258 1825 444 1892 Certissime
460 1828 542 1891 sciet
559 1846 651 1909 erpo,
667 1822 757 1910 etc).
776 1823 957 1892 Orationem
973 1841 1061 1889 suam
1077 1819 1140 1909 (vs.
1161 1815 1309 1905 tn-co)

129 1950 241 2016 Petrus
266 1949 424 2018 concludit
449 1951 525 2038 (oco)
550 1949 707 2017 auditores
725 1969 799 2016 suos
823 1946 1032 2028 exhortando,
1046 1957 1081 2014 ut
1096 1945 1227 2012 firmiter
1243 1964 1310 2011 cre-

130 2072 221 2152 daut,
239 2073 343 2140 lesum
364 2074 558 2140 Nazarenum
580 2071 690 2154 illum,
709 2094 802 2162 quem
823 2072 1060 2152 crucifixerant,
1081 2069 1164 2138 hunc
1184 2093 1219 2136 nr
1239 2070 1309 2137 uni-

131 2215 239 2263 versae
259 2205 419 2262 creaturae
440 2196 631 2278 Dominum,
650 2219 685 2263 nr
708 2195 886 2278 Christum,
912 2194 945 2262 lr.
965 2216 994 2262 e.
1013 2195 1173 2275 Messium,
1199 2214 1217 2259 a
1240 2193 1308 2260 Dec

130 2338 199 2384 esse
215 2319 427 2386 constitutum.
446 2320 598 2407 Loquitur
621 2323 733 2388 Petrus
749 2320 787 2388 de
802 2323 879 2387 lesu
902 2340 963 2386 non
988 2338 1048 2408 qua
1074 2319 1100 2386 is
1123 2319 1228 2398 Deus,
1254 2316 1308 2384 sed

131 2461 194 2530 qua
217 2441 310 2509 homo
334 2452 392 2509 est.
418 2444 581 2531 «Propter
604 2442 841 2523 certitudinem,
859 2441 960 2529 iuquit
978 2412 1113 2508 Lorinus
1130 2439 1183 2530 (ad
1200 2438 1232 2506 h.
1253 2437 1306 2526 l.),

131 2546 209 2631 lides
225 2564 292 2654 ipsa
316 2565 501 2654 quandoque
518 2566 694 2634 nominatur
717 2569 870 2646 scientio,
889 2565 988 2653 etqui
1005 2565 1119 2644 credit,
1134 2567 1215 2631 scire
1233 2563 1309 2631 dioi-

131 2700 194 2755 tur.
217 2717 231 2747 »
257 2692 377 2758 Domus
391 2692 495 2757 lsrael
512 2700 559 2756 est
575 2700 637 2757 tota
651 2710 727 2776 gens
750 2688 935 2768 lsraelitica3
955 2707 1033 2777 quae
1057 2696 1162 2776 utpote
1178 2684 1308 2754 oriunda

130 2832 148 2878 a
172 2813 298 2895 laccho,
322 2815 374 2903 qui
403 2814 499 2881 lsrael
523 2813 635 2882 deinde
656 2826 782 2883 vocatus
807 2815 882 2896 luit,
901 2825 1057 2901 tamquam
1081 2811 1174 2879 huius
1197 2815 1309 2878 donatos

131 2936 196 3002 sive
210 2941 338 3021 familia
359 2939 583 3007 consideratur.
601 2941 751 3020 Εποιησε,
771 2943 865 3023 fecit,
887 2939 919 3007 lr.
940 2960 969 3006 e.
996 2941 1178 3022 constituit,
1198 2939 1229 3004 in
1247 2958 1309 3026 quo

132 3059 209 3127 nihil
232 3082 310 3151 opus
338 3074 384 3130 est
411 3083 580 3150 agnoscere
596 3064 785 3132 Hebraieum
805 3073 887 3152 ungu,
911 3084 1006 3154 quum
1023 3075 1053 3130 et
1069 3063 1180 3131 Graeci
1204 3063 1250 3129 sic
1267 3060 1310 3128 lo-

132 3197 278 3274 quantur,
297 3186 380 3276 quod
404 3187 545 3278 adductis
569 3188 720 3277 exemplis
743 3189 854 3278 probat
875 3190 1009 3257 Palairet
1030 3187 1084 3277 (ad
1104 3185 1137 3254 lr.
1157 3185 1207 3272 l).
1226 3185 1310 3254 Seri·

132 3309 215 3376 bitur
231 3311 298 3377 sine
314 3311 454 3380 Articulc
471 3311 546 3401 (πας
562 3311 672 3401 οικος),
700 3314 783 3402 quod
806 3313 920 3404 Ισραηλ
942 3326 976 3382 ιιι
997 3317 1117 3381 Nomen
1141 3311 1309 3399 Proprium

133 3434 299 3502 haberetur
317 3437 420 3523 potius
438 3455 529 3523 quam
546 3447 581 3503 ut
595 3436 836 3526 Appellatiuum.
849 3439 897 3504 (ll.
913 3439 970 3506 Gr.
986 3459 1018 3526 p.
1040 3437 1116 3504 too.
1136 3436 1256 3501 Adoct.
1278 3435 1307 3499 l.

132 3559 184 3627 Sic
199 3558 284 3636 Itali,
314 3559 417 3627 demto
438 3559 598 3641 Articulo,
618 3580 711 3650 saepe
728 3560 834 3628 dicunt
851 3563 966 3628 Colono
989 3573 1098 3644 scorto,
1118 3557 1155 3626 ad
1174 3557 1312 3625 indican-

133 3681 202 3750 dam
224 3685 345 3765 Urtoto,
364 3685 535 3767 Sanctam,
556 3685 750 3751 Cotholo'cooa
766 3699 795 3753 ct
810 3688 1028 3770 Apostoliococ
1043 3686 1229 3751 Ecclesium.

180 3931 234 3996 57.
261 3927 326 3993 His
343 3938 447 3992 cutem
464 3926 611 4016 cuditis).
630 3929 688 3996 Gr.
707 3928 857 4017 Particip.
876 3930 953 3997 Aur.
973 3953 1155 4005 ακουσαντες
1172 3927 1221 4007 δε,
1240 3929 1310 3997 soil.

134 4046 247 4129 roura,
266 4073 363 4138 poulo
380 4062 486 4117 cutem
502 4038 695 4116 condivissem
716 4050 773 4118 hos
798 4053 882 4118 Petri
908 4071 1087 4132 sermones,
1105 4051 1227 4119 adeius
1244 4070 1313 4118 ora-

135 4176 268 4256 tionem,
287 4176 356 4242 Deo
373 4176 455 4242 intus
471 4173 566 4242 corda
583 4194 690 4242 eorum
712 4186 871 4263 tangente,
902 4179 1083 4259 conopooeti
1104 4186 1178 4241 soret
1200 4179 1310 4255 corde,

136 4302 255 4370 Graece
270 4323 306 4388 τῃ
323 4294 454 4387 καρδιᾳ,
485 4298 538 4386 qui
555 4298 686 4366 Datirus
702 4310 749 4366 est
764 4303 947 4383 relationis,
967 4310 1001 4366 ut
1019 4303 1032 4366 l
1055 4299 1128 4366 Cor.
1143 4300 1222 4368 XlV
1243 4323 1250 4364 :
1270 4301 1313 4366 20

135 4437 166 4492 et
180 4423 320 4514 Philipp.
343 4424 388 4490 lll
405 4443 412 4486 :
430 4426 462 4491 5.
478 4424 550 4492 Vox
565 4447 767 4514 coronopum
784 4435 867 4492 notat
882 4427 928 4490 sio
940 4427 1044 4508 ponci
1059 4435 1094 4490 ut
1110 4427 1236 4490 oculeus
1254 4424 1314 4487 im-
