<?xml version="1.0" encoding="UTF-8"?>
<!DOCTYPE html PUBLIC "-//W3C//DTD XHTML 1.0 Transitional//EN"
    "http://www.w3.org/TR/xhtml1/DTD/xhtml1-transitional.dtd">
<html xmlns="http://www.w3.org/1999/xhtml" xml:lang="en" lang="en">
 <head>
  <title>
</title>
<meta http-equiv="Content-Type" content="text/html;charset=utf-8" />
  <meta name='ocr-system' content='tesseract 3.04.00' />
  <meta name='ocr-capabilities' content='ocr_page ocr_carea ocr_par ocr_line ocrx_word'/>
</head>
<body>
  <div class='ocr_page' id='page_1' title='image "./commentariusina00beelgoog/commentariusina00beelgoog_0435.png"; bbox 0 0 3074 5054; ppageno 0'>
   <div class='ocr_carea' id='block_1_1' title="bbox 489 110 1372 191">
    <p class='ocr_par' dir='ltr' id='par_1_1' title="bbox 489 110 1372 191">
     <span class='ocr_line' id='line_1_1' title="bbox 489 110 1372 191; baseline 0.001 -12"><span class='ocrx_word' id='word_1_1' title='bbox 489 111 629 179; x_wconf 80' lang='lat' dir='ltr'><strong>CAPUT</strong></span> <span class='ocrx_word' id='word_1_2' title='bbox 647 110 743 191; x_wconf 79' lang='lat' dir='ltr'><strong>XV,</strong></span> <span class='ocrx_word' id='word_1_3' title='bbox 780 110 901 180; x_wconf 74' lang='lat' dir='ltr'><strong>Vnus,</strong></span> <span class='ocrx_word' id='word_1_4' title='bbox 939 112 1085 179; x_wconf 72' lang='lat' dir='ltr'><strong>tit-tt.</strong></span> <span class='ocrx_word' id='word_1_5' title='bbox 1307 114 1372 181; x_wconf 76' lang='lat'><strong>597</strong></span> 
     </span>
    </p>
   </div>
   <div class='ocr_carea' id='block_1_2' title="bbox 187 296 1372 514">
    <p class='ocr_par' dir='ltr' id='par_1_2' title="bbox 187 296 1372 514">
     <span class='ocr_line' id='line_1_2' title="bbox 187 296 1371 388; baseline -0.002 -20"><span class='ocrx_word' id='word_1_6' title='bbox 187 300 333 388; x_wconf 80' lang='lat' dir='ltr'><strong>Syriam,</strong></span> <span class='ocrx_word' id='word_1_7' title='bbox 351 299 464 368; x_wconf 85' lang='lat' dir='ltr'><strong>deinde</strong></span> <span class='ocrx_word' id='word_1_8' title='bbox 479 298 639 379; x_wconf 86' lang='lat' dir='ltr'><strong>Ciliciam,</strong></span> <span class='ocrx_word' id='word_1_9' title='bbox 658 297 802 388; x_wconf 90' lang='lat' dir='ltr'><strong>pastorali</strong></span> <span class='ocrx_word' id='word_1_10' title='bbox 820 316 876 365; x_wconf 90' lang='lat' dir='ltr'><strong>sua</strong></span> <span class='ocrx_word' id='word_1_11' title='bbox 892 318 968 365; x_wconf 92' lang='lat' dir='ltr'><strong>oura</strong></span> <span class='ocrx_word' id='word_1_12' title='bbox 984 310 1015 365; x_wconf 90' lang='lat' dir='ltr'><strong>et</strong></span> <span class='ocrx_word' id='word_1_13' title='bbox 1030 296 1239 365; x_wconf 84' lang='lat' dir='ltr'><strong>sollieitudine</strong></span> <span class='ocrx_word' id='word_1_14' title='bbox 1254 297 1371 387; x_wconf 90' lang='lat' dir='ltr'><strong>ubique</strong></span> 
     </span>
     <span class='ocr_line' id='line_1_3' title="bbox 190 419 1372 514; baseline -0.003 -24"><span class='ocrx_word' id='word_1_15' title='bbox 190 423 228 492; x_wconf 87' lang='lat' dir='ltr'><strong>id</strong></span> <span class='ocrx_word' id='word_1_16' title='bbox 252 444 364 514; x_wconf 87' lang='lat' dir='ltr'><strong>agens,</strong></span> <span class='ocrx_word' id='word_1_17' title='bbox 393 435 428 492; x_wconf 83' lang='lat' dir='ltr'><strong>ut</strong></span> <span class='ocrx_word' id='word_1_18' title='bbox 453 424 590 490; x_wconf 84' lang='lat' dir='ltr'><strong>novellos</strong></span> <span class='ocrx_word' id='word_1_19' title='bbox 619 421 818 488; x_wconf 75' lang='lat' dir='ltr'><em>Christianos</em></span> <span class='ocrx_word' id='word_1_20' title='bbox 845 425 1050 506; x_wconf 73' lang='lat' dir='ltr'><strong>confirmaret</strong></span> <span class='ocrx_word' id='word_1_21' title='bbox 1075 419 1289 513; x_wconf 80' lang='grc' dir='ltr'>(επιστηριζων</span> <span class='ocrx_word' id='word_1_22' title='bbox 1316 447 1372 499; x_wconf 82' lang='grc' dir='ltr'><strong>τας</strong></span> 
     </span>
    </p>
   </div>
   <div class='ocr_carea' id='block_1_3' title="bbox 179 544 1371 1363">
    <p class='ocr_par' dir='ltr' id='par_1_3' title="bbox 179 544 1371 1363">
     <span class='ocr_line' id='line_1_4' title="bbox 187 544 1370 637; baseline 0.001 -24"><span class='ocrx_word' id='word_1_23' title='bbox 187 547 366 635; x_wconf 65' lang='lat' dir='ltr'><strong>eurinome)</strong></span> <span class='ocrx_word' id='word_1_24' title='bbox 381 549 414 615; x_wconf 90' lang='lat' dir='ltr'><strong>in</strong></span> <span class='ocrx_word' id='word_1_25' title='bbox 438 546 610 637; x_wconf 86' lang='lat' dir='ltr'><strong>profitenda</strong></span> <span class='ocrx_word' id='word_1_26' title='bbox 635 545 696 613; x_wconf 87' lang='lat' dir='ltr'><strong>fide</strong></span> <span class='ocrx_word' id='word_1_27' title='bbox 713 545 897 634; x_wconf 79' lang='lat' dir='ltr'><strong>Euangeliou</strong></span> <span class='ocrx_word' id='word_1_28' title='bbox 914 557 944 613; x_wconf 87' lang='lat' dir='ltr'><strong>et</strong></span> <span class='ocrx_word' id='word_1_29' title='bbox 959 546 1098 615; x_wconf 85' lang='lat' dir='ltr'><strong>ducenda</strong></span> <span class='ocrx_word' id='word_1_30' title='bbox 1117 546 1178 614; x_wconf 84' lang='lat' dir='ltr'><strong>uita</strong></span> <span class='ocrx_word' id='word_1_31' title='bbox 1194 544 1370 614; x_wconf 85' lang='lat' dir='ltr'><strong>Christiano</strong></span> 
     </span>
     <span class='ocr_line' id='line_1_5' title="bbox 187 672 1368 762; baseline -0.003 -19"><span class='ocrx_word' id='word_1_32' title='bbox 187 673 320 743; x_wconf 87' lang='lat' dir='ltr'><strong>homine</strong></span> <span class='ocrx_word' id='word_1_33' title='bbox 343 675 446 762; x_wconf 89' lang='lat' dir='ltr'><strong>digne.</strong></span> <span class='ocrx_word' id='word_1_34' title='bbox 469 672 583 741; x_wconf 88' lang='lat' dir='ltr'><strong>lisdem</strong></span> <span class='ocrx_word' id='word_1_35' title='bbox 607 691 732 761; x_wconf 85' lang='lat' dir='ltr'><strong>quoque</strong></span> <span class='ocrx_word' id='word_1_36' title='bbox 755 672 965 761; x_wconf 82' lang='lat' dir='ltr'><strong>praecipiebat</strong></span> <span class='ocrx_word' id='word_1_37' title='bbox 989 684 1023 740; x_wconf 93' lang='lat' dir='ltr'><strong>ut</strong></span> <span class='ocrx_word' id='word_1_38' title='bbox 1044 682 1074 740; x_wconf 90' lang='lat' dir='ltr'><strong>et</strong></span> <span class='ocrx_word' id='word_1_39' title='bbox 1095 693 1131 741; x_wconf 89' lang='lat' dir='ltr'><strong>ea</strong></span> <span class='ocrx_word' id='word_1_40' title='bbox 1152 673 1368 754; x_wconf 77' lang='lat' dir='ltr'><strong>observarent,</strong></span> 
     </span>
     <span class='ocr_line' id='line_1_6' title="bbox 187 797 1368 890; baseline -0.001 -22"><span class='ocrx_word' id='word_1_41' title='bbox 187 819 272 890; x_wconf 87' lang='lat' dir='ltr'><strong>quae</strong></span> <span class='ocrx_word' id='word_1_42' title='bbox 291 800 472 890; x_wconf 79' lang='lat' dir='ltr'><strong>nuperrime</strong></span> <span class='ocrx_word' id='word_1_43' title='bbox 494 798 525 866; x_wconf 90' lang='lat' dir='ltr'><strong>in</strong></span> <span class='ocrx_word' id='word_1_44' title='bbox 550 797 833 884; x_wconf 82' lang='lat' dir='ltr'><strong>lli&#39;e‘rosolymitano</strong></span> <span class='ocrx_word' id='word_1_45' title='bbox 856 797 996 867; x_wconf 78' lang='lat' dir='ltr'>Concilio</span> <span class='ocrx_word' id='word_1_46' title='bbox 1017 797 1149 867; x_wconf 86' lang='lat' dir='ltr'><strong>luissent</strong></span> <span class='ocrx_word' id='word_1_47' title='bbox 1169 808 1306 868; x_wconf 70' lang='lat' dir='ltr'><strong>statuta.</strong></span> <span class='ocrx_word' id='word_1_48' title='bbox 1325 839 1368 850; x_wconf 94' lang='lat'><em>-</em></span> 
     </span>
     <span class='ocr_line' id='line_1_7' title="bbox 187 918 1369 1014; baseline 0.003 -25"><span class='ocrx_word' id='word_1_49' title='bbox 187 921 251 989; x_wconf 84' lang='lat' dir='ltr'><strong>Rei</strong></span> <span class='ocrx_word' id='word_1_50' title='bbox 272 922 474 1010; x_wconf 82' lang='lat' dir='ltr'><strong>Evangelioae</strong></span> <span class='ocrx_word' id='word_1_51' title='bbox 502 920 620 1011; x_wconf 81' lang='lat' dir='ltr'><strong>proluit</strong></span> <span class='ocrx_word' id='word_1_52' title='bbox 642 918 719 987; x_wconf 84' lang='lat' dir='ltr'><strong>haec</strong></span> <span class='ocrx_word' id='word_1_53' title='bbox 744 919 966 1009; x_wconf 78' lang='lat' dir='ltr'><strong>Apostolorum</strong></span> <span class='ocrx_word' id='word_1_54' title='bbox 993 920 1164 1002; x_wconf 87' lang='lat' dir='ltr'><strong>dissensio,</strong></span> <span class='ocrx_word' id='word_1_55' title='bbox 1188 944 1285 1014; x_wconf 88' lang='lat' dir='ltr'><strong>quum</strong></span> <span class='ocrx_word' id='word_1_56' title='bbox 1307 925 1369 993; x_wconf 86' lang='lat' dir='ltr'><strong>iem</strong></span> 
     </span>
     <span class='ocr_line' id='line_1_8' title="bbox 183 1043 1371 1138; baseline 0.004 -26"><span class='ocrx_word' id='word_1_57' title='bbox 183 1043 352 1113; x_wconf 85' lang='lat' dir='ltr'><strong>Barnabae</strong></span> <span class='ocrx_word' id='word_1_58' title='bbox 379 1065 473 1135; x_wconf 87' lang='lat' dir='ltr'><strong>opera</strong></span> <span class='ocrx_word' id='word_1_59' title='bbox 500 1044 539 1112; x_wconf 87' lang='lat' dir='ltr'><strong>ad</strong></span> <span class='ocrx_word' id='word_1_60' title='bbox 566 1043 642 1111; x_wconf 89' lang='lat' dir='ltr'><strong>elias</strong></span> <span class='ocrx_word' id='word_1_61' title='bbox 669 1054 699 1110; x_wconf 92' lang='lat' dir='ltr'><strong>et</strong></span> <span class='ocrx_word' id='word_1_62' title='bbox 722 1043 828 1133; x_wconf 85' lang='lat' dir='ltr'><strong>plures</strong></span> <span class='ocrx_word' id='word_1_63' title='bbox 852 1045 994 1133; x_wconf 81' lang='lat' dir='ltr'><strong>regiones</strong></span> <span class='ocrx_word' id='word_1_64' title='bbox 1017 1047 1192 1136; x_wconf 88' lang='lat' dir='ltr'><strong>perveniret</strong></span> <span class='ocrx_word' id='word_1_65' title='bbox 1213 1049 1371 1138; x_wconf 81' lang='lat' dir='ltr'><strong>Evangelii</strong></span> 
     </span>
     <span class='ocr_line' id='line_1_9' title="bbox 181 1167 1371 1261; baseline 0.001 -24"><span class='ocrx_word' id='word_1_66' title='bbox 181 1169 394 1255; x_wconf 81' lang='lat' dir='ltr'><strong>praedicatio.</strong></span> <span class='ocrx_word' id='word_1_67' title='bbox 419 1168 467 1236; x_wconf 92' lang='lat' dir='ltr'><strong>Ab</strong></span> <span class='ocrx_word' id='word_1_68' title='bbox 495 1167 556 1236; x_wconf 89' lang='lat' dir='ltr'><strong>hoe</strong></span> <span class='ocrx_word' id='word_1_69' title='bbox 579 1167 651 1235; x_wconf 89' lang='lat' dir='ltr'><strong>inde</strong></span> <span class='ocrx_word' id='word_1_70' title='bbox 677 1178 818 1257; x_wconf 87' lang='lat' dir='ltr'><strong>tempore</strong></span> <span class='ocrx_word' id='word_1_71' title='bbox 844 1169 884 1237; x_wconf 91' lang='lat' dir='ltr'><strong>de</strong></span> <span class='ocrx_word' id='word_1_72' title='bbox 907 1169 1048 1239; x_wconf 79' lang='lat' dir='ltr'><strong>Bernaba</strong></span> <span class='ocrx_word' id='word_1_73' title='bbox 1071 1171 1154 1239; x_wconf 90' lang='lat' dir='ltr'><strong>nulla</strong></span> <span class='ocrx_word' id='word_1_74' title='bbox 1178 1171 1313 1261; x_wconf 85' lang='lat' dir='ltr'><strong>amplius</strong></span> <span class='ocrx_word' id='word_1_75' title='bbox 1340 1173 1371 1239; x_wconf 88' lang='lat' dir='ltr'><strong>in</strong></span> 
     </span>
     <span class='ocr_line' id='line_1_10' title="bbox 179 1287 1065 1363; baseline -0.003 -3"><span class='ocrx_word' id='word_1_76' title='bbox 179 1287 253 1361; x_wconf 84' lang='lat' dir='ltr'><strong>hoo</strong></span> <span class='ocrx_word' id='word_1_77' title='bbox 267 1293 349 1362; x_wconf 92' lang='lat' dir='ltr'><strong>libro</strong></span> <span class='ocrx_word' id='word_1_78' title='bbox 366 1293 482 1361; x_wconf 93' lang='lat' dir='ltr'><strong>mentio</strong></span> <span class='ocrx_word' id='word_1_79' title='bbox 499 1293 649 1363; x_wconf 87' lang='lat' dir='ltr'><strong>ooourrit.</strong></span> <span class='ocrx_word' id='word_1_80' title='bbox 1061 1288 1065 1297; x_wconf 88' lang='lat'>&#39;</span> 
     </span>
    </p>
   </div>
   <div class='ocr_carea' id='block_1_4' title="bbox 178 1465 390 1481">
    <p class='ocr_par' dir='ltr' id='par_1_4' title="bbox 178 1465 390 1481">
     <span class='ocr_line' id='line_1_11' title="bbox 178 1465 390 1481; baseline 0.009 -2"><span class='ocrx_word' id='word_1_81' title='bbox 178 1465 390 1481; x_wconf 44' lang='lat'><strong>*-</strong></span> 
     </span>
    </p>
   </div>
   <div class='ocr_carea' id='block_1_5' title="bbox 176 1569 1371 1908">
    <p class='ocr_par' dir='ltr' id='par_1_5' title="bbox 176 1569 1371 1908">
     <span class='ocr_line' id='line_1_12' title="bbox 225 1569 1369 1639; baseline 0.001 -16"><span class='ocrx_word' id='word_1_82' title='bbox 225 1571 327 1638; x_wconf 58' lang='lat' dir='ltr'><strong>Avus,</strong></span> <span class='ocrx_word' id='word_1_83' title='bbox 344 1587 417 1624; x_wconf 80' lang='lat' dir='ltr'><strong>neon.</strong></span> <span class='ocrx_word' id='word_1_84' title='bbox 432 1571 495 1624; x_wconf 85' lang='lat' dir='ltr'><strong>Post</strong></span> <span class='ocrx_word' id='word_1_85' title='bbox 511 1571 591 1624; x_wconf 87' lang='lat' dir='ltr'><strong>verba</strong></span> <span class='ocrx_word' id='word_1_86' title='bbox 610 1585 616 1621; x_wconf 92' lang='lat'>:</span> <span class='ocrx_word' id='word_1_87' title='bbox 638 1579 759 1631; x_wconf 82' lang='grc' dir='ltr'>επιστη-</span> <span class='ocrx_word' id='word_1_88' title='bbox 804 1571 1016 1624; x_wconf 87' lang='lat' dir='ltr'><strong>tioneconvenit.</strong></span> <span class='ocrx_word' id='word_1_89' title='bbox 1035 1569 1086 1623; x_wconf 84' lang='lat' dir='ltr'><strong>Sed</strong></span> <span class='ocrx_word' id='word_1_90' title='bbox 1104 1571 1235 1623; x_wconf 83' lang='lat' dir='ltr'><strong>nescimus</strong></span> <span class='ocrx_word' id='word_1_91' title='bbox 1251 1585 1285 1624; x_wconf 87' lang='lat' dir='ltr'><strong>ox</strong></span> <span class='ocrx_word' id='word_1_92' title='bbox 1298 1571 1369 1639; x_wconf 88' lang='lat' dir='ltr'><strong>quali</strong></span> 
     </span>
     <span class='ocr_line' id='line_1_13' title="bbox 176 1646 1368 1730; baseline 0.005 -22"><span class='ocrx_word' id='word_1_93' title='bbox 176 1650 279 1730; x_wconf 79' lang='grc' dir='ltr'><strong>ριζων</strong></span> <span class='ocrx_word' id='word_1_94' title='bbox 295 1672 349 1722; x_wconf 84' lang='grc' dir='ltr'><strong>τας</strong></span> <span class='ocrx_word' id='word_1_95' title='bbox 364 1646 524 1722; x_wconf 82' lang='grc' dir='ltr'>εκκλησιας</span> <span class='ocrx_word' id='word_1_96' title='bbox 541 1662 759 1729; x_wconf 71' lang='lat' dir='ltr'><strong>(confirmauere</strong></span> <span class='ocrx_word' id='word_1_97' title='bbox 802 1661 891 1714; x_wconf 87' lang='lat' dir='ltr'><strong>codiee</strong></span> <span class='ocrx_word' id='word_1_98' title='bbox 902 1661 1036 1714; x_wconf 87' lang='lat' dir='ltr'><strong>Velesiana</strong></span> <span class='ocrx_word' id='word_1_99' title='bbox 1053 1661 1097 1712; x_wconf 88' lang='lat' dir='ltr'><strong>illa</strong></span> <span class='ocrx_word' id='word_1_100' title='bbox 1109 1661 1184 1713; x_wconf 87' lang='lat' dir='ltr'><strong>leotio</strong></span> <span class='ocrx_word' id='word_1_101' title='bbox 1195 1661 1315 1714; x_wconf 78' lang='lat' dir='ltr'><strong>desumto</strong></span> <span class='ocrx_word' id='word_1_102' title='bbox 1326 1664 1368 1714; x_wconf 89' lang='lat' dir='ltr'><strong>sit.</strong></span> 
     </span>
     <span class='ocr_line' id='line_1_14' title="bbox 179 1733 1370 1817; baseline 0.013 -30"><span class='ocrx_word' id='word_1_103' title='bbox 179 1737 311 1798; x_wconf 63' lang='lat' dir='ltr'><strong>desinet,</strong></span> <span class='ocrx_word' id='word_1_104' title='bbox 336 1751 405 1789; x_wconf 89' lang='lat' dir='ltr'><strong>unus</strong></span> <span class='ocrx_word' id='word_1_105' title='bbox 430 1737 513 1790; x_wconf 80' lang='lat' dir='ltr'><strong>codex</strong></span> <span class='ocrx_word' id='word_1_106' title='bbox 540 1737 561 1788; x_wconf 85' lang='lat' dir='ltr'>D</span> <span class='ocrx_word' id='word_1_107' title='bbox 589 1733 632 1787; x_wconf 70' lang='lat' dir='ltr'><strong>hic</strong></span> <span class='ocrx_word' id='word_1_108' title='bbox 658 1734 756 1787; x_wconf 61' lang='lat' dir='ltr'><strong>flddllss</strong></span> <span class='ocrx_word' id='word_1_109' title='bbox 804 1751 936 1804; x_wconf 74' lang='lat' dir='ltr'><strong>calmetus</strong></span> <span class='ocrx_word' id='word_1_110' title='bbox 957 1751 998 1817; x_wconf 82' lang='lat' dir='ltr'><strong>(ad</strong></span> <span class='ocrx_word' id='word_1_111' title='bbox 1021 1751 1047 1802; x_wconf 91' lang='lat' dir='ltr'><strong>b.</strong></span> <span class='ocrx_word' id='word_1_112' title='bbox 1066 1750 1095 1816; x_wconf 86' lang='grc'><strong>1.)</strong></span> <span class='ocrx_word' id='word_1_113' title='bbox 1117 1750 1268 1813; x_wconf 80' lang='lat' dir='ltr'><strong>arbitratur,</strong></span> <span class='ocrx_word' id='word_1_114' title='bbox 1290 1751 1370 1803; x_wconf 86' lang='lat' dir='ltr'><strong>verba</strong></span> 
     </span>
     <span class='ocr_line' id='line_1_15' title="bbox 177 1801 1371 1908; baseline -0.001 -14"><span class='ocrx_word' id='word_1_115' title='bbox 177 1801 381 1894; x_wconf 55' lang='grc' dir='ltr'>Ἑαραδῑδους</span> <span class='ocrx_word' id='word_1_116' title='bbox 392 1830 445 1880; x_wconf 67' lang='grc' dir='ltr'><strong>τας</strong></span> <span class='ocrx_word' id='word_1_117' title='bbox 456 1801 579 1878; x_wconf 53' lang='grc' dir='ltr'>Μύλας</span> <span class='ocrx_word' id='word_1_118' title='bbox 590 1824 651 1865; x_wconf 60' lang='lat' dir='ltr'><em>w</em></span> <span class='ocrx_word' id='word_1_119' title='bbox 668 1823 759 1891; x_wconf 42' lang='grc' dir='ltr'><strong>πρίω</strong></span> <span class='ocrx_word' id='word_1_120' title='bbox 804 1842 868 1895; x_wconf 85' lang='lat' dir='ltr'><strong>baee</strong></span> <span class='ocrx_word' id='word_1_121' title='bbox 880 1857 886 1893; x_wconf 92' lang='lat'>:</span> <span class='ocrx_word' id='word_1_122' title='bbox 898 1843 1066 1908; x_wconf 81' lang='lat' dir='ltr'><strong>praeripiens</strong></span> <span class='ocrx_word' id='word_1_123' title='bbox 1080 1843 1211 1893; x_wconf 81' lang='lat' dir='ltr'><strong>custodiro</strong></span> <span class='ocrx_word' id='word_1_124' title='bbox 1228 1847 1371 1908; x_wconf 82' lang='lat' dir='ltr'><strong>praerepto</strong></span> 
     </span>
    </p>
   </div>
   <div class='ocr_carea' id='block_1_6' title="bbox 181 1889 1371 2253">
    <p class='ocr_par' dir='ltr' id='par_1_6' title="bbox 181 1889 1371 2253">
     <span class='ocr_line' id='line_1_16' title="bbox 181 1889 1371 1998; baseline -0.002 -14"><span class='ocrx_word' id='word_1_125' title='bbox 181 1889 338 1984; x_wconf 57' lang='grc' dir='ltr'>βυτερων·</span> <span class='ocrx_word' id='word_1_126' title='bbox 358 1910 429 1961; x_wconf 55' lang='lat' dir='ltr'><strong>hstes</strong></span> <span class='ocrx_word' id='word_1_127' title='bbox 442 1910 566 1962; x_wconf 63' lang='lat' dir='ltr'><strong>¹⁹⁶l¹⁰¹¹⁰⁸</strong></span> <span class='ocrx_word' id='word_1_128' title='bbox 580 1910 668 1958; x_wconf 51' lang='lat' dir='ltr'><strong>autem</strong></span> <span class='ocrx_word' id='word_1_129' title='bbox 680 1904 759 1957; x_wconf 65' lang='lat' dir='ltr'><strong>vele&#39;</strong></span> <span class='ocrx_word' id='word_1_130' title='bbox 803 1931 989 1998; x_wconf 80' lang='lat' dir='ltr'><strong>Apostolorum</strong></span> <span class='ocrx_word' id='word_1_131' title='bbox 999 1933 1171 1992; x_wconf 79' lang='lat' dir='ltr'><strong>etsem&#39;orum.</strong></span> <span class='ocrx_word' id='word_1_132' title='bbox 1181 1932 1305 1996; x_wconf 83' lang='lat' dir='ltr'><strong>glossema</strong></span> <span class='ocrx_word' id='word_1_133' title='bbox 1315 1946 1371 1984; x_wconf 88' lang='lat' dir='ltr'><strong>esse</strong></span> 
     </span>
     <span class='ocr_line' id='line_1_17' title="bbox 185 1979 1370 2079; baseline 0.002 -35"><span class='ocrx_word' id='word_1_134' title='bbox 185 1995 277 2048; x_wconf 77' lang='lat' dir='ltr'><strong>sinnas</strong></span> <span class='ocrx_word' id='word_1_135' title='bbox 294 1999 321 2048; x_wconf 86' lang='lat' dir='ltr'><strong>et</strong></span> <span class='ocrx_word' id='word_1_136' title='bbox 338 1995 402 2048; x_wconf 86' lang='lat' dir='ltr'><strong>haee</strong></span> <span class='ocrx_word' id='word_1_137' title='bbox 414 1999 536 2047; x_wconf 86' lang='lat' dir='ltr'><strong>notatur:</strong></span> <span class='ocrx_word' id='word_1_138' title='bbox 550 1979 757 2071; x_wconf 74' lang='grc' dir='ltr'><em>παραγγειλας</em></span> <span class='ocrx_word' id='word_1_139' title='bbox 803 2026 836 2064; x_wconf 63' lang='lat' dir='ltr'><strong>gx</strong></span> <span class='ocrx_word' id='word_1_140' title='bbox 855 2013 918 2079; x_wconf 47' lang='lat' dir='ltr'><strong>Gap,</strong></span> <span class='ocrx_word' id='word_1_141' title='bbox 936 2013 993 2064; x_wconf 66' lang='grc' dir='ltr'><strong>ῃ,</strong></span> <span class='ocrx_word' id='word_1_142' title='bbox 1007 2027 1013 2061; x_wconf 89' lang='lat'>:</span> <span class='ocrx_word' id='word_1_143' title='bbox 1029 2012 1052 2063; x_wconf 48' lang='lat'><strong>4,</strong></span> <span class='ocrx_word' id='word_1_144' title='bbox 1067 2041 1099 2050; x_wconf 81' lang='lat'><strong>-</strong></span> <span class='ocrx_word' id='word_1_145' title='bbox 1112 2013 1287 2064; x_wconf 59' lang='lat' dir='ltr'><strong>Lovanienses</strong></span> <span class='ocrx_word' id='word_1_146' title='bbox 1302 2012 1370 2064; x_wconf 58' lang='lat' dir='ltr'><strong>vm.</strong></span> 
     </span>
     <span class='ocr_line' id='line_1_18' title="bbox 184 2069 1371 2163; baseline 0.001 -19"><span class='ocrx_word' id='word_1_147' title='bbox 184 2093 244 2144; x_wconf 78' lang='grc' dir='ltr'><strong>τας</strong></span> <span class='ocrx_word' id='word_1_148' title='bbox 259 2069 382 2145; x_wconf 68' lang='lat' dir='ltr'><strong>arrolas</strong></span> <span class='ocrx_word' id='word_1_149' title='bbox 397 2093 495 2162; x_wconf 79' lang='grc' dir='ltr'>τηρειν</span> <span class='ocrx_word' id='word_1_150' title='bbox 509 2071 559 2160; x_wconf 77' lang='lat' dir='ltr'><strong>(al.</strong></span> <span class='ocrx_word' id='word_1_151' title='bbox 577 2069 758 2163; x_wconf 77' lang='grc' dir='ltr'>φυλασσειν)</span> <span class='ocrx_word' id='word_1_152' title='bbox 804 2099 879 2160; x_wconf 76' lang='lat' dir='ltr'><strong>garae</strong></span> <span class='ocrx_word' id='word_1_153' title='bbox 892 2098 944 2153; x_wconf 77' lang='lat' dir='ltr'><strong>ran.</strong></span> <span class='ocrx_word' id='word_1_154' title='bbox 959 2095 1033 2160; x_wconf 82' lang='lat' dir='ltr'><strong>rear)</strong></span> <span class='ocrx_word' id='word_1_155' title='bbox 1048 2095 1160 2148; x_wconf 78' lang='lat' dir='ltr'><strong>emtores</strong></span> <span class='ocrx_word' id='word_1_156' title='bbox 1173 2098 1274 2158; x_wconf 77' lang='lat' dir='ltr'><strong>notan,</strong></span> <span class='ocrx_word' id='word_1_157' title='bbox 1286 2109 1315 2146; x_wconf 79' lang='lat' dir='ltr'><strong>se</strong></span> <span class='ocrx_word' id='word_1_158' title='bbox 1327 2097 1371 2145; x_wconf 81' lang='lat' dir='ltr'><strong>vr-</strong></span> 
     </span>
     <span class='ocr_line' id='line_1_19' title="bbox 191 2159 1370 2253; baseline 0.002 -29"><span class='ocrx_word' id='word_1_159' title='bbox 191 2184 251 2224; x_wconf 88' lang='grc' dir='ltr'><strong>των</strong></span> <span class='ocrx_word' id='word_1_160' title='bbox 267 2159 457 2243; x_wconf 73' lang='grc' dir='ltr'><strong>Αποστολων</strong></span> <span class='ocrx_word' id='word_1_161' title='bbox 476 2186 528 2225; x_wconf 84' lang='grc' dir='ltr'><strong>και</strong></span> <span class='ocrx_word' id='word_1_162' title='bbox 544 2185 604 2226; x_wconf 81' lang='grc' dir='ltr'><strong>των</strong></span> <span class='ocrx_word' id='word_1_163' title='bbox 625 2159 759 2253; x_wconf 81' lang='grc' dir='ltr'>πρεσβυ-</span> <span class='ocrx_word' id='word_1_164' title='bbox 804 2175 872 2228; x_wconf 82' lang='lat' dir='ltr'><strong>disse</strong></span> <span class='ocrx_word' id='word_1_165' title='bbox 894 2178 1007 2241; x_wconf 85' lang='lat' dir='ltr'><strong>quatuor</strong></span> <span class='ocrx_word' id='word_1_166' title='bbox 1025 2175 1126 2229; x_wconf 82' lang='lat' dir='ltr'><strong>codices</strong></span> <span class='ocrx_word' id='word_1_167' title='bbox 1143 2175 1218 2228; x_wconf 88' lang='lat' dir='ltr'><strong>MSS.</strong></span> <span class='ocrx_word' id='word_1_168' title='bbox 1237 2189 1251 2228; x_wconf 86' lang='lat' dir='ltr'><strong>a</strong></span> <span class='ocrx_word' id='word_1_169' title='bbox 1273 2177 1370 2242; x_wconf 83' lang='lat' dir='ltr'><strong>quibus</strong></span> 
     </span>
    </p>
   </div>
   <div class='ocr_carea' id='block_1_7' title="bbox 191 2256 1072 2342">
    <p class='ocr_par' dir='ltr' id='par_1_7' title="bbox 191 2256 1072 2342">
     <span class='ocr_line' id='line_1_20' title="bbox 191 2256 1072 2342; baseline -0.001 -26"><span class='ocrx_word' id='word_1_170' title='bbox 191 2274 301 2342; x_wconf 82' lang='grc' dir='ltr'><strong>τερων,</strong></span> <span class='ocrx_word' id='word_1_171' title='bbox 315 2280 383 2332; x_wconf 87' lang='lat' dir='ltr'><strong>quae</strong></span> <span class='ocrx_word' id='word_1_172' title='bbox 395 2267 470 2319; x_wconf 89' lang='lat' dir='ltr'><strong>lectio</strong></span> <span class='ocrx_word' id='word_1_173' title='bbox 488 2279 548 2320; x_wconf 87' lang='lat' dir='ltr'><strong>oum</strong></span> <span class='ocrx_word' id='word_1_174' title='bbox 567 2266 693 2332; x_wconf 83' lang='lat' dir='ltr'><strong>vulgatae</strong></span> <span class='ocrx_word' id='word_1_175' title='bbox 704 2266 759 2319; x_wconf 88' lang='lat' dir='ltr'><strong>lec-</strong></span> <span class='ocrx_word' id='word_1_176' title='bbox 805 2256 847 2310; x_wconf 84' lang='lat' dir='ltr'><strong>illa</strong></span> <span class='ocrx_word' id='word_1_177' title='bbox 860 2258 939 2310; x_wconf 76' lang='lat' dir='ltr'><strong>verba</strong></span> <span class='ocrx_word' id='word_1_178' title='bbox 953 2258 1072 2310; x_wconf 73' lang='lat' dir='ltr'><strong>aberant.</strong></span> 
     </span>
    </p>
   </div>
   <div class='ocr_carea' id='block_1_8' title="bbox 0 0 1542 5054">
    <p class='ocr_par' dir='ltr' id='par_1_8' title="bbox 0 0 1542 5054">
     <span class='ocr_line' id='line_1_21' title="bbox 0 0 1542 5054; baseline 0 3"><span class='ocrx_word' id='word_1_179' title='bbox 0 0 1542 5054; x_wconf 95' lang='lat' dir='ltr'><strong> </strong></span> 
     </span>
    </p>
   </div>
  </div>
 </body>
</html>
