3074 5054
178 378 241 445 152
522 371 657 442 ACTUS
680 372 1014 451 APOSTOLORUM,
1052 396 1058 407 ¹

174 565 266 634 etiam
289 563 399 633 Mattb.
418 565 504 633 Vll:
525 566 584 647 ld;
612 565 722 633 XVlll
742 585 750 626 ε
769 565 807 645 8;
837 565 917 630 XIX
936 588 944 630 :
966 564 1024 641 lo,
1051 562 1111 638 173
1139 556 1209 625 lob.
1227 577 1274 624 vs.
1295 558 1350 624 bl.

174 692 334 761 Articulus
350 704 380 760 et
391 693 567 760 Pronomen
580 692 865 760 Demonstrativum
882 690 987 773 (της...
1006 686 1126 766 ταυτης)
1143 686 1355 754 demonstrant

175 820 273 883 citam
288 816 372 884 illam
386 817 452 884 sive
466 820 613 900 solutam,
629 817 719 883 cuius
736 813 924 905 praedicatio
941 831 1034 880 causa
1050 809 1167 886 iuerat,
1183 829 1239 875 cur
1251 810 1354 896 Apos-

174 938 227 1005 toli
245 938 389 1006 hesterno
405 938 456 1007 die
478 941 508 1007 in
531 960 689 1007 carcerem
710 937 959 1006 detruderentur.
986 933 1127 1023 Apostoli
1146 952 1217 1019 ergo
1234 930 1273 997 ab
1289 931 1354 996 An-

172 1062 240 1150 gelo
256 1064 401 1131 iubentur
417 1063 591 1146 doctrinae,
610 1084 688 1154 quae
710 1063 796 1132 ducit
814 1060 853 1129 ad
874 1060 967 1127 uitam
984 1069 1014 1124 ct
1029 1058 1160 1125 salutern
1176 1065 1352 1133 aeternam,

171 1200 280 1272 parter
292 1211 399 1256 omnes
412 1190 525 1277 (παντα
537 1214 575 1254 τα
593 1187 725 1278 paparo)
740 1184 1031 1273 Hierosolymitanis
1044 1193 1221 1251 constanter
1233 1180 1354 1249 tradere

173 1307 297 1397 publice
314 1311 345 1377 in
362 1311 489 1400 templo.
516 1311 694 1380 Mandatum
711 1321 811 1377 autem
837 1308 986 1376 boccum
1002 1281 1353 1395 accepissentrlpostoli

172 1430 371 1520 (ακουσαντες
392 1429 452 1522 de),
480 1445 622 1524 prompte
647 1433 723 1501 illud
746 1443 976 1520 exsequuntur,
1003 1450 1063 1498 non
1086 1430 1184 1518 ignari
1201 1429 1353 1496 malorum

174 1557 327 1644 quaesibi
344 1558 558 1640 imminerent,
574 1558 628 1626 sed
645 1557 766 1626 divinae
787 1555 1000 1647 providentiae
1016 1575 1083 1621 rem
1101 1564 1194 1620 totam
1211 1552 1354 1620 commit-

174 1691 282 1748 tentes.
308 1682 416 1771 ltaque
433 1683 534 1772 primo
557 1702 647 1749 mane
663 1680 812 1770 templum
829 1680 974 1768 ingressi,
996 1678 1169 1769 populum,
1187 1676 1354 1743 matutinae

174 1805 360 1891 precationis
376 1825 469 1873 causa
485 1803 653 1872 identidem
669 1807 706 1872 ed
723 1805 947 1886 confluentem,
966 1824 1005 1870 ex
1020 1823 1107 1871 more
1132 1803 1255 1870 docent.

218 1927 438 1996 Miraculosam
462 1928 558 1996 luisse
578 1930 800 2018 Apostolorum
822 1928 902 1996 banc
925 1947 1091 1995 coarcere
1119 1926 1352 2003 liberationem,

174 2051 347 2119 certissime
366 2063 487 2120 constat
503 2053 583 2119 inter
598 2072 725 2129 omnes,
740 2052 793 2141 qui
812 2052 904 2120 fidem
921 2040 988 2119 non
1007 2061 1119 2140 negant
1135 2052 1239 2117 Lucae
1255 2048 1355 2116 bisto-

175 2174 354 2265 riograpbo.
380 2176 442 2261 Qui
466 2197 539 2244 vero
562 2195 629 2242 eam
651 2175 866 2243 liberationem
883 2176 974 2244 modo
992 2176 1115 2266 aliquo,
1134 2186 1261 2242 naturae
1277 2174 1353 2261 legi-

174 2297 233 2366 bus
257 2310 476 2381 consentaneo,
501 2300 657 2389 explicare
681 2300 780 2368 conati
805 2310 895 2381 sunt,
914 2299 1063 2367 ridiculos
1088 2319 1157 2366 sese
1182 2296 1354 2387 praebue're

177 2422 371 2512 interpretes.
398 2452 412 2484 α
436 2423 583 2491 Nonnulli
607 2423 727 2491 scilicet
751 2423 985 2514 explanatores,
1010 2422 1162 2490 referente
1187 2421 1352 2488 Kuinoelio

176 2544 226 2628 (ad
239 2546 272 2614 b.
289 2545 337 2629 ll,
352 2547 525 2636 cogitarunt
536 2547 574 2616 de
586 2547 720 2636 fulgure,
735 2549 825 2615 cuius
838 2548 867 2613 vi
882 2559 986 2637 aperta
999 2557 1080 2613 esset
1092 2546 1228 2613 carceris
1241 2547 1349 2625 ianua;

176 2670 227 2736 alii
244 2679 427 2754 statuerunt,
442 2683 542 2739 terrae
557 2683 644 2739 motu
660 2671 742 2739 fores
759 2673 900 2739 effractos
913 2670 1025 2752 luisse;
1045 2682 1075 2737 et
1091 2670 1144 2758 qui
1162 2670 1217 2737 bas
1233 2681 1355 2736 senten-

178 2791 234 2860 tias
250 2792 430 2876 defendunt,
447 2794 638 2884 colloquium
654 2795 777 2884 Angeli,
792 2815 863 2862 cum
880 2794 1038 2883 Apostolis
1051 2793 1237 2875 institutum,
1256 2791 1355 2883 expli-

177 2915 309 2985 candum
331 2938 400 2986 esse
424 2931 550 2986 censent
577 2919 615 2988 de
637 2919 875 3008 cogitationibus
903 2919 934 2985 in
958 2919 1179 3008 Apostolorum
1201 2917 1356 2985 mentibus

178 3038 326 3108 subortis
344 3042 421 3124 Alii,
435 3063 506 3110 cum
522 3043 679 3125 viderent,
697 3043 737 3111 ob
754 3063 882 3133 eaquae
897 3063 945 3110 vs.
960 3044 1003 3111 23
1021 3041 1183 3130 leguntur,
1202 3041 1241 3108 de
1256 3052 1356 3107 terrae

179 3175 264 3231 motu
292 3177 343 3233 aut
374 3166 494 3254 lulgure
521 3188 582 3234 non
617 3167 779 3237 commode
817 3169 944 3256 cogitari
985 3188 1096 3257 posse,
1133 3168 1353 3245 coniecerunt,

179 3285 282 3375 ipsum
309 3287 469 3356 custodem
495 3291 647 3371 carceris,
676 3291 725 3357 vel
752 3291 848 3357 alium
878 3310 976 3358 novae
1005 3290 1161 3357 societatis
1184 3289 1354 3367 asseclam,

178 3411 363 3478 assentiente
389 3413 524 3480 carceris
551 3411 725 3502 praelecto,
752 3424 782 3480 et
806 3414 937 3503 pecnnia
961 3412 1040 3480 lorte
1064 3422 1230 3501 corrupto,
1256 3422 1357 3479 custo-

180 3535 271 3603 dibus
295 3555 404 3603 somno
425 3535 671 3624 indulgentibus,
695 3539 863 3628 Apostolos
891 3537 1084 3606 liberasse.»
1115 3536 1176 3604 Sed
1198 3537 1258 3603 iam
1283 3535 1357 3602 satis

180 3658 219 3726 ad
242 3658 419 3746 ridendum.
440 3662 541 3728 Fuere
564 3661 672 3743 etiam,
688 3663 742 3750 qui
759 3683 794 3729 ea
818 3683 897 3751 quae
922 3660 974 3728 bic
997 3670 1162 3728 narrantur
1176 3660 1215 3727 ad
1232 3658 1357 3746 mythos

181 3782 347 3870 populares
363 3782 577 3864 amandarent,
596 3786 684 3875 qnasi
704 3788 805 3854 Lucas
824 3785 1105 3875 historiographus,
1124 3786 1154 3851 in
1173 3782 1358 3872 inquirenda

183 3925 287 3973 rerum
300 3907 427 3974 veritate
439 3907 593 3996 imprimis
605 3908 735 3997 diligens
751 3908 831 3998 (vid.
846 3910 964 3996 Evang.
979 3909 1013 3977 S.
1029 3909 1150 3988 Lucae,
1165 3927 1235 3996 cap.
1255 3906 1269 3971 l
1286 3923 1294 3968 ι
1310 3908 1356 3994 5),

183 4050 240 4118 pro
257 4030 351 4099 rebus
366 4052 439 4098 vere
453 4032 547 4119 gestis
563 4030 681 4100 fabulas
697 4031 787 4101 uobis
803 4031 1004 4100 tradidisset¹.
1024 4032 1126 4100 Etiam
1142 4029 1255 4097 horum
1272 4047 1358 4096 com-

186 4165 323 4224 mentum
339 4154 453 4223 delebit
469 4153 549 4223 dies.

219 4338 238 4402 1)
258 4337 336 4390 «Der
350 4335 503 4390 nistoriscbc
520 4334 644 4398 Beatocd,
663 4334 751 4401 inquit
795 4335 917 4388 berichtet
933 4336 983 4387 dos
999 4335 1108 4387 Factum
1123 4335 1152 4386 io
1162 4334 1251 4385 seioer
1261 4331 1360 4396 mpetra-

186 4420 283 4486 noyer,
299 4421 346 4472 dor
362 4419 412 4471 Art
428 4419 484 4470 und
505 4416 591 4470 Wciao
601 4418 688 4469 dieser
698 4416 750 4469 Be·
796 4418 874 4471 seben
884 4417 1128 4484 Ansacbmucltacp.
1140 4437 1152 4464 a
1166 4417 1263 4483 Meyer,
1276 4417 1363 4482 Apos-

185 4503 292 4569 [νείκης
308 4503 343 4554 ist
362 4499 434 4552 oiobt
455 4513 489 4551 zu
509 4498 649 4552 ermittelo.
662 4497 752 4551 Ludos
798 4500 985 4568 telpeaobicbto,
997 4501 1029 4554 ad
1041 4501 1069 4554 b.
1079 4502 1096 4553 l.
