3074 5054
180 393 224 457 92
519 388 654 456 ACTUS
683 389 1012 468 apostotorum,

219 589 421 661 orouspeetu
441 578 599 666 Domini).
623 581 743 648 Graece
764 604 825 644 απο
845 603 1012 670 προσωπου
1039 604 1092 644 του
1114 582 1243 669 Κυριου.
1271 578 1360 645 Felix

175 701 253 768 ittud
274 721 385 769 aevum
407 723 464 791 per
491 705 757 792 prosopopoeiam
780 703 833 772 hio
855 706 1006 793 cogitatur
1031 717 1190 794 tamquam
1212 723 1361 792 praesens

174 824 257 912 apud
271 824 393 905 Deum,
407 837 500 912 atque
516 846 534 891 e
549 826 638 892 coelo
655 837 818 894 venturum
834 826 893 917 (ei.
912 828 1045 917 Apoeai.
1064 829 1145 894 XX!
1166 853 1175 893 :
1195 827 1265 913 25).

220 962 251 1015 et
273 952 399 1014 miserit
423 970 514 1030 eum,
537 954 593 1035 qui
615 953 816 1032 praedicatos
841 961 888 1015 est
909 953 1013 1031 vohis,
1032 952 1141 1017 Iesum
1165 949 1358 1038 Christum).

175 1073 246 1158 Quo
270 1072 433 1139 instantius
457 1072 615 1140 auditores
636 1093 710 1140 suos
734 1073 917 1140 adhortetur
936 1075 976 1141 ad
997 1073 1235 1163 poeniteutiam,
1255 1074 1359 1139 lesum

175 1195 335 1262 Christum
356 1205 513 1282 tamquam
536 1195 671 1263 iudioem
693 1206 857 1263 venturum
880 1195 1050 1284 praedicat.
1075 1195 1126 1262 Ci.
1149 1196 1221 1262 Aet.
1240 1197 1278 1262 1:
1296 1198 1357 1274 tr,

176 1330 206 1384 et
221 1318 301 1384 inira
316 1319 393 1406 Cap.
419 1319 480 1384 X:
506 1321 566 1400 423
588 1320 683 1386 xvtt
709 1342 717 1381 :
742 1323 804 1400 513
828 1318 941 1387 Marah.
964 1319 1102 1386 XXIV:
1121 1321 1214 1398 50;1
1242 1318 1358 1386 Thess

176 1443 248 1516 IV:
275 1444 328 1509 ta.
348 1441 411 1507 Pro
431 1440 509 1520 hoe,
533 1445 590 1528 qui
605 1446 811 1526 praedicatus
832 1454 878 1509 est
894 1443 980 1508 uobis
996 1444 1066 1531 (τον
1083 1463 1360 1532 προγεκηρυγμενον

176 1567 288 1652 ipsu),
315 1564 460 1654 equidem
484 1567 589 1633 malim
617 1566 719 1654 legere
745 1592 754 1633 ε
779 1591 830 1630 τον
866 1588 1144 1656 προκεχειρισμενον
1182 1567 1267 1652 ipsu.
1307 1568 1361 1636 Sic

176 1712 249 1780 ergo
275 1692 485 1780 interpretor:
501 1705 531 1758 et
552 1697 687 1759 seeundo
703 1697 831 1796 miserit
853 1715 944 1772 eum,
961 1696 1019 1777 qui
1044 1696 1079 1758 iu
1103 1696 1203 1758 vestri
1216 1697 1360 1777 pretium

176 1818 283 1906 (ὕμιν,
308 1819 412 1885 Datis.
436 1819 625 1901 Commodi),
648 1821 671 1886 i.
696 1841 725 1886 e.
749 1820 929 1907 ingratiam
956 1819 1065 1887 Gentis
1087 1818 1275 1886 lsraiilitioae
1304 1821 1357 1899 (ei.

177 1941 288 2009 Matth.
313 1943 376 2009 XV
401 1962 409 2003 t
434 1944 495 2020 2&
523 1945 615 2009 Rom.
637 1943 700 2010 XV
721 1969 729 2009 ε
748 1940 794 2020 8),
813 1947 855 2008 od
875 1945 1110 2026 confirmandos
1130 1947 1361 2027 promissiones

174 2080 305 2152 potrum
321 2071 424 2147 (Rom.
449 2070 537 2136 XV:
555 2070 586 2152 8)
604 2073 828 2152 depromptus,
850 2071 1100 2152 proeordiuotus
1108 2118 1120 2152 ,
1139 2080 1274 2150 paratus
1289 2073 1361 2152 sue-

178 2203 250 2273 rat,
276 2192 383 2256 iesum
407 2191 588 2275 Christum,
616 2196 758 2278 iuquam.
789 2193 859 2259 Vox
875 2193 1105 2281 προχειριζομαι
1122 2190 1273 2272 (Verbum
1298 2192 1361 2258 De·

179 2333 297 2402 ponens
314 2313 463 2402 Medium)
478 2314 559 2380 valet
574 2315 661 2403 quasi
679 2337 837 2405 προχειρον
854 2319 950 2390 ποιῶ,
971 2311 1030 2379 hoo
1047 2323 1110 2392 est,
1127 2316 1213 2397 socio
1228 2323 1265 2378 ut
1280 2317 1360 2399 quid

180 2439 216 2501 iu
228 2447 380 2521 promptu
395 2439 449 2519 sit,
466 2440 512 2502 itu
527 2460 648 2523 eupouo
662 2449 699 2504 ut
710 2442 827 2523 uliquis
843 2448 917 2502 oute
933 2458 1047 2503 tuouus
1063 2438 1187 2520 haheat,
1199 2441 1356 2522 produco,

178 2565 309 2647 profero
330 2564 365 2625 iu
388 2565 530 2627 medium
547 2562 599 2653 (oi.
619 2563 717 2628 Hem.
742 2559 852 2649 Steph.
870 2561 902 2626 iu
928 2559 1027 2627 Thes.
1054 2557 1146 2626 adh.
1173 2557 1236 2638 v.);
1261 2560 1360 2626 Parti-

179 2683 296 2772 oipium
313 2705 594 2775 προκεχειρισμενον
612 2685 672 2750 iam
693 2682 872 2769 Hesychius
892 2682 1111 2771 interpretatus
1128 2691 1176 2746 est
1191 2676 1359 2770 προβεβλη-

180 2829 286 2892 pauor,
304 2830 539 2892 ητοιμασμενον.

223 3055 279 3120 hi.
305 3074 398 3138 quem
424 3066 546 3139 oportet
572 3059 697 3140 quidem
724 3059 843 3121 coelum
865 3060 1044 3140 suscipere,
1070 3064 1157 3147 oet).
1183 3056 1359 3125 Graeceio

180 3172 224 3240 du
247 3198 372 3265 ovpouor
397 3200 451 3263 μεν
474 3173 630 3253 delardus.
653 3177 746 3263 Quod
769 3178 867 3266 legisti
886 3201 958 3263 peu,
976 3180 1162 3244 solitarium
1178 3189 1242 3258 est3
1261 3199 1359 3246 mem-

177 3298 267 3367 brum
284 3298 378 3366 huius
394 3301 543 3367 orationis
560 3299 751 3389 respondeus
768 3300 875 3367 fuisset
891 3327 899 3368 z
918 3307 973 3387 qui
988 3312 1092 3367 tomeu
1109 3298 1169 3387 (ds)
1186 3304 1360 3387 otiquoudo

177 3424 251 3488 iude
273 3426 436 3490 rediturus
461 3435 505 3489 est
529 3427 571 3489 od
592 3446 777 3509 supremum
793 3425 969 3491 hoheudum
989 3427 1158 3491 iudicium.
1177 3425 1212 3490 ln
1229 3425 1359 3493 vocibus

176 3549 208 3609 ir
224 3541 269 3610 du
286 3569 411 3638 ουρανον
428 3543 584 3624 dederim,
605 3568 700 3636 quum
725 3547 831 3615 Verbo
854 3546 978 3614 infinito
999 3548 1164 3636 iungantur
1179 3550 1359 3616 doeusativi

178 3673 259 3753 duo,
277 3673 457 3762 ambiguum
480 3686 543 3755 est,
562 3685 631 3742 uter
653 3673 857 3741 decusativus
879 3674 920 3740 sit
941 3673 1100 3757 Suhieeti,
1119 3685 1188 3740 uter
1204 3695 1277 3742 vero
1297 3677 1358 3742 Ob-

175 3800 261 3864 ieeti.
281 3798 413 3886 Vulgata
435 3789 655 3866 Aoousativuiu
678 3821 803 3890 superor
826 3819 883 3887 pro
906 3798 1049 3865 Subiecto
1070 3797 1196 3879 hahuit,
1214 3799 1259 3865 uti
1275 3807 1359 3887 patet

175 3943 214 3990 ex
230 3922 326 3991 verbo
342 3927 520 4009 suscipere,
540 3923 624 4012 quod
642 3924 672 3990 iu
690 3922 749 3990 hae
773 3922 912 3990 oratioue
936 3943 997 3990 uon
1021 3933 1121 4011 potest
1144 3931 1226 3988 reete
1242 3921 1303 3989 uisi
1320 3921 1358 3988 ad

207 4189 227 4254 ¹)
244 4190 309 4240 Vm.
331 4203 401 4240 seer.
422 4188 472 4240 Pro
493 4195 740 4264 προκεχειρισμε-
783 4192 1089 4263 ,προκεχειρισμενον,
1118 4196 1198 4249 quam
1232 4182 1359 4236 exhibent

174 4287 222 4327 νον
236 4280 346 4343 vulgata
365 4279 429 4344 legit
445 4286 738 4355 προκεκηρυγμενον,
786 4278 907 4339 ABCDE,
927 4276 1066 4328 Minusculi
1087 4273 1176 4335 multi,
1191 4273 1276 4324 Verss.
1298 4275 1356 4326 Ital.

174 4375 241 4426 quae
263 4362 338 4414 leotio
357 4363 510 4414 auctoritate
531 4376 583 4414 nou
604 4367 644 4414 est
664 4361 741 4414 desti·
788 4363 846 4428 Syr.
865 4363 944 4425 aliae,
962 4361 1175 4427 Chrysostomus‚
1191 4359 1288 4425 aliique
1305 4373 1357 4410 an-

175 4448 239 4497 tuta.
269 4446 385 4498 Praestat
411 4449 499 4498 tamen
528 4446 639 4500 multum
667 4445 743 4498 lectio
788 4446 864 4512 tiqui.
