3074 5054
413 377 456 444 ΙΝ
481 373 616 442 ACTUS
640 371 968 444 APOSTOLORUM.

273 572 311 627 8.
333 572 388 627 nc
408 566 598 625 canonica
619 565 740 625 nutus
760 566 857 625 ttbrt
878 565 1125 625 auctoritate.

154 713 378 780 Auctoritatem
392 710 470 779 banc
483 710 686 800 comprobant
702 711 778 776 varii
797 730 956 777 sacrorum
971 709 1121 777 librorum
1134 707 1282 794 Catalogi,

110 821 162 909 qui
190 821 262 887 inde
281 819 320 886 ab
343 818 568 907 antiquissimis
584 816 777 906 temporibus
800 828 852 884 aut
876 816 948 883 editi
974 816 1060 883 luere
1083 815 1121 882 ab
1145 815 1283 882 Ecclesia

110 925 259 1006 docente,
288 935 339 992 aut
365 944 383 991 a
411 923 555 992 Patribus
589 923 759 990 secundum
792 923 987 990 traditionem
1025 922 1183 988 Ecclesiae
1210 941 1284 987 con-

110 1020 230 1120 scripti.
263 1031 324 1099 Sed
352 1032 453 1098 varios
480 1030 550 1097 illos
578 1031 718 1096 Canones
746 1049 909 1097 recensere
936 1050 996 1096 non
1022 1040 1068 1096 est
1092 1027 1186 1095 huius
1209 1027 1282 1094 loci.

112 1141 181 1206 lloc
204 1150 305 1204 tamen
323 1137 423 1204 obiter
445 1136 498 1204 hic
522 1148 629 1204 notare
653 1138 752 1216 iuvat,
771 1157 882 1226 nempe
898 1137 1011 1204 librum
1034 1138 1170 1203 Aetnam
1186 1136 1285 1223 Apos-

111 1245 245 1311 tolomm
269 1245 348 1310 inter
368 1244 544 1332 Scripturas
568 1243 740 1309 Canonioas
761 1245 947 1310 recensitum
970 1243 1026 1330 legi
1052 1243 1143 1309 etiam
1160 1243 1191 1307 in
1208 1242 1287 1329 frag-

112 1360 214 1417 mento
230 1350 283 1416 illo
300 1350 435 1417 Canouis
458 1349 686 1439 antiquissimi,
708 1350 808 1430 tertii,
829 1365 862 1416 nt
886 1350 1019 1429 videtur,
1046 1346 1181 1428 saeculi;
1203 1349 1286 1437 quod

111 1456 314 1544 fragmentum
342 1478 381 1524 ex
408 1457 522 1524 Codice
546 1456 757 1524 Bibliothecae
780 1456 1020 1524 Mediolanensis
1042 1455 1164 1544 primus
1191 1452 1288 1521 edidit

111 1563 264 1630 Antonius
292 1564 441 1631 Murateri
470 1567 501 1629 in
533 1583 659 1630 suarum
690 1564 931 1648 Arrttqctaatnm
962 1565 1157 1629 Italicarum
1186 1563 1287 1626 medii

112 1672 184 1734 ccvi
201 1671 301 1736 Tomo
322 1672 387 1749 lll,
414 1692 445 1759 p.
472 1671 551 1738 854.
574 1669 713 1736 Pertinet
728 1681 829 1736 autem
847 1669 926 1736 liber
949 1671 1083 1736 Actuum
1100 1667 1139 1734 ad
1155 1666 1285 1733 classem

112 1796 272 1843 sacrorum
298 1776 448 1844 librorum
465 1777 802 1855 Protocanonicorum‚
821 1777 904 1865 quod
928 1786 959 1842 et
974 1775 1129 1843 Eusebius
1145 1766 1285 1851 testatur,

113 1902 208 1971 quum
242 1882 324 1950 hunc
351 1883 465 1950 librum
495 1894 653 1950 recenseat
684 1884 763 1950 inter
794 1881 1022 1973 epoloyocpene
1053 1880 1140 1971 (uide
1167 1880 1284 1948 Euseb.

114 1990 155 2055 Η.
186 1991 224 2055 E.
251 1989 321 2057 Lib.
350 1992 415 2070 ill,
440 1992 516 2078 Cap.
547 1987 618 2075 Ab).
645 1992 684 2056 Et
707 1992 778 2057 verb
804 2011 863 2057 non
887 1991 939 2057 alii
963 1991 995 2056 in
1023 2000 1085 2057 tota
1107 1989 1288 2077 antiquitate

112 2095 299 2163 Canonicam
324 2097 538 2164 auctoritatem
556 2095 632 2164 huie
647 2096 727 2164 libro
747 2097 913 2184 denegasse
929 2098 1088 2185 leguntur,
1107 2116 1199 2185 quam
1216 2095 1288 2162 hae-

113 2202 199 2268 retici
235 2202 393 2284 nonnulli,
428 2204 523 2293 idque
554 2226 615 2271 non
649 2204 706 2270 alia
740 2203 778 2270 de
809 2224 902 2271 causa
935 2205 993 2272 nisi
1029 2203 1113 2293 quod
1148 2204 1288 2292 ipsorum

115 2307 235 2395 placitis
259 2321 324 2376 erat
345 2311 531 2377 contrarius.
549 2311 628 2377 Nam
653 2311 822 2376 Ebionitee
847 2309 972 2399 quidem
990 2309 1190 2398 repudiarunt
1207 2308 1290 2375 hunc

115 2412 241 2493 librum,
257 2415 329 2503 quia
341 2415 491 2504 negabant
506 2416 650 2484 abolitam
667 2414 763 2482 luisse
779 2417 877 2503 legem
893 2417 1060 2484 Mosaicam
1074 2415 1152 2502 (sid.
1168 2415 1286 2505 Epiph.

116 2521 210 2588 llaer.
242 2524 357 2602 XXX,
387 2524 463 2611 Cap.
490 2526 531 2591 lh
555 2535 584 2590 et
604 2526 660 2591 29.
687 2525 769 2589 lren.
800 2534 900 2590 contr.
931 2525 1026 2589 Haer.
1051 2522 1123 2590 Lib.
1148 2525 1205 2592 V:
1231 2523 1284 2611 l);

115 2627 284 2692 Severioni
299 2641 400 2695 autem
424 2630 511 2707 ideb,
530 2630 616 2720 qubd
632 2630 775 2698 ciborum
791 2629 958 2696 discrimen
976 2627 1201 2697 observandum
1219 2650 1287 2696 esse

114 2735 305 2801 affirmabant
321 2736 397 2823 (vid.
418 2736 534 2803 Euseb.
561 2740 602 2803 ll.
622 2738 660 2802 E.
679 2736 749 2803 Lib.
770 2738 815 2805 IV
834 2761 842 2802 ε
861 2735 938 2824 29);
958 2738 1142 2801 Manichaei
1165 2735 1286 2802 tandem

115 2842 288 2907 reiecerunt
311 2844 446 2908 Actuum
471 2843 692 2931 Apostolorum
716 2843 850 2923 librum,
876 2845 947 2932 quia
974 2843 1126 2911 docebant
1154 2841 1288 2930 promis-

115 2949 233 3014 sionem
257 2948 295 3015 de
317 2949 464 3016 mittendo
488 2950 608 3039 Spiritu
631 2949 742 3016 Sancto
765 2949 963 3039 adimpletam
988 2949 1112 3016 denium
1138 2949 1235 3014 luisse
1255 2949 1285 3013 in

114 3076 171 3122 suo
196 3054 412 3123 haeresiarcha
434 3056 634 3137 lllanichaeo,
654 3077 745 3145 quem
770 3057 829 3145 ipsi
854 3056 1045 3123 affirmabant
1070 3076 1176 3121 verum
1200 3054 1287 3121 illum

115 3162 209 3228 luisse
242 3162 456 3242 Paracletum,
486 3183 579 3251 quem
611 3164 765 3230 Dominus
800 3175 961 3230 venturum
993 3183 1062 3230 esse
1095 3162 1289 3251 praedixerat

113 3269 192 3358 (vid.
218 3271 251 3338 S.
278 3273 359 3357 Aug.
386 3272 446 3358 Ep.
475 3273 560 3351 957,
586 3270 626 3336 al.
654 3267 747 3355 255).

114 3500 151 3553 Δ.
174 3499 227 3554 Ec
241 3497 475 3568 argumento
493 3495 614 3553 butus
634 3496 732 3554 llbrl
753 3496 1008 3569 eiusdemque
1029 3496 1286 3570 praestantia.

159 3658 329 3725 Exordium
366 3657 491 3724 ducitur
521 3678 538 3725 a
570 3659 744 3725 narratione
775 3658 813 3724 de
845 3661 915 3726 lesu
954 3659 1069 3725 Christi
1103 3659 1133 3724 in
1165 3660 1286 3726 coelum

114 3765 266 3833 adscensu
291 3776 320 3831 et
344 3764 476 3831 mirabili
502 3764 553 3831 illa
577 3766 711 3854 Spiritus
738 3766 840 3833 Sancti
869 3767 899 3830 in
923 3767 1090 3854 Apostolos
1117 3765 1287 3842 descensu,

116 3872 169 3961 qui
196 3870 282 3938 brevi
316 3883 386 3960 post
418 3870 601 3938 subsecutus
634 3884 692 3938 est.
726 3872 883 3960 Deinceps
915 3893 986 3938 vero
1019 3870 1224 3950 describitur,
1257 3881 1290 3936 ut

116 3978 256 4045 Ecclesia
272 3977 387 4044 Christi
406 3998 462 4066 per
478 3978 737 4066 praedicationem
754 3978 975 4067 Apostolorum
993 3978 1156 4045 exordium
1173 3978 1290 4067 ceperit

114 4240 178 4293 dum
190 4239 269 4290 libros
281 4238 313 4290 de
326 4239 357 4288 iis
367 4239 476 4304 scriptos
492 4252 584 4304 capere
596 4251 679 4304 posse.
726 4242 854 4306 sequitur,
881 4244 908 4292 et
928 4241 960 4292 ab
983 4241 1074 4292 eadem
1095 4243 1206 4293 Actuum
1230 4239 1291 4292 lacit

115 4326 206 4390 ltaque
224 4337 294 4374 unus
305 4321 405 4382 Locos,
419 4321 489 4387 quod
506 4322 575 4382 dixi,
594 4329 620 4373 et
631 4322 680 4372 ad·
727 4323 841 4375 initium.
856 4343 867 4369 n
884 4323 927 4375 Eae
940 4324 1026 4376 latiae
1042 4325 1160 4377 versione
1177 4324 1290 4376 eiusdem

115 4411 276 4462 mensionem
289 4409 315 4460 in
327 4408 381 4460 fine
392 4409 525 4474 Evangelii
535 4409 612 4461 latius
623 4423 680 4474 per·
732 4405 826 4473 Wolfii.
