3074 5054
180 379 245 445 428
518 379 653 447 ACTUS
688 377 1022 460 APOSTOLORUM,

176 566 267 635 nitius
288 577 394 657 posset
408 566 447 635 ab
464 567 521 635 hisx
532 568 645 636 audiri.
665 570 700 635 ln
721 568 775 635 ilio
791 567 871 635 nolle
887 567 980 635 situnr
997 579 1063 636 erat
1078 589 1263 657 supremum
1280 571 1363 660 apud

176 690 383 760 Athenienses
408 692 558 772 tribunal,
577 691 680 780 quod,
697 712 714 758 a
731 693 800 760 loeo
816 702 942 777 sumpto
962 693 1103 773 nornine,
1122 693 1240 782 pariter
1258 690 1363 784 Αρειος

176 839 272 906 noyon
287 816 502 909 (Areopepos)
523 817 702 884 vocabatur.
721 816 787 883 Neo
808 815 919 883 desunt
939 816 993 903 qni
1016 814 1146 896 dicant,
1173 814 1310 883 Paulum
1325 836 1362 884 eo

178 952 316 1030 ternpore
332 943 428 1009 instar
444 941 489 1008 rei
506 941 666 1008 cuiusdam
683 939 781 1007 aioro
805 939 844 1006 ad
860 940 1113 1029 Areopagitioum
1129 938 1206 1006 iltud
1224 940 1366 1008 tribunat

176 1064 272 1132 tuisse
300 1077 507 1154 pertractum,
534 1077 567 1132 ut
595 1064 637 1132 ihi
663 1083 769 1131 eoram
798 1063 954 1131 iudicibus
982 1082 1106 1130 eausam
1129 1083 1217 1131 suant
1241 1076 1359 1152 ageret.

177 1186 296 1256 Verurn
317 1188 394 1257 nihil
420 1188 536 1256 dietum
561 1200 607 1255 est
630 1188 661 1255 in
687 1199 750 1254 tota
771 1186 830 1255 hae
853 1187 1047 1265 narratione,
1065 1207 1103 1254 ex
1120 1207 1183 1276 qno
1206 1186 1239 1254 id
1256 1187 1361 1276 colligi

176 1315 286 1403 possit.
310 1354 352 1364 -
376 1317 495 1383 Vocem
519 1310 782 1400 επιλαμβανεσθαι
805 1314 895 1380 etiam
922 1313 960 1381 de
987 1314 1086 1381 amica
1109 1313 1363 1402 apprehensione

175 1442 293 1508 aLuea
309 1441 384 1520 diei,
402 1442 434 1509 id
447 1441 573 1531 quidem
587 1451 756 1508 constatex
772 1442 844 1508 Aet.
862 1442 939 1530 Cap.
959 1442 1007 1508 tx
1027 1467 1034 1508 :
1053 1443 1115 1522 273
1135 1443 1249 1508 XXlll
1273 1461 1281 1503 ε
1305 1445 1360 1512 19.

220 1564 248 1630 A
264 1563 331 1632 soro
349 1564 379 1630 in
392 1564 505 1632 collem
523 1564 668 1632 Martium
686 1562 854 1631 abductum
870 1562 1002 1631 Panium
1016 1565 1147 1632 oonriter
1162 1566 1204 1631 ita
1221 1576 1333 1653 rogant
1351 1586 1359 1626 ε

174 1685 317 1752 Licet-ne
334 1688 423 1752 nobis
438 1707 619 1772 eopnooeere
634 1683 804 1775 (δυναμεθα
819 1709 948 1776 poenae,
970 1709 1111 1770 poneona
1127 1709 1207 1754 noos
1222 1689 1360 1771 saooir),

174 1814 277 1896 pontis
293 1810 369 1900 (τις)
385 1815 427 1878 ait
450 1834 531 1879 reove
548 1815 624 1898 itta,
643 1835 723 1900 ptine
738 1837 758 1878 a
776 1826 804 1880 te
824 1816 1034 1899 praedicator
1054 1812 1270 1901 (λαλουμενη),
1289 1818 1362 1882 doo-

174 1935 288 2000 trino?
303 1958 378 2002 narn
393 1942 564 2023 perepre‘na
587 1942 741 2025 quaedem
766 1936 927 2025 (ξενιζοντα
951 1939 1036 2029 τινα)
1052 1941 1246 2006 nostratibus
1263 1961 1362 2023 pree-

175 2061 263 2125 dicas
288 2069 444 2152 (εισφερεις
468 2085 509 2137 εις
531 2087 585 2137 τας
610 2087 703 2137 ακοας
724 2064 836 2150 ἡμων).
858 2063 1011 2148 Cepimus
1036 2067 1138 2148 ipitnr
1160 2085 1360 2148 copnoseere,

174 2188 326 2270 quidnam
351 2190 414 2255 into
434 2189 495 2254 sibi
516 2190 641 2255 velint:
659 2187 834 2255 distinctius
859 2188 1028 2276 intelligere
1053 2188 1197 2277 cupimus
1218 2208 1254 2255 ea
1280 2208 1362 2278 quae

176 2308 282 2377 doces.
622 2293 623 2297 ¹

222 2432 343 2502 Vocula
358 2460 402 2510 τις
418 2435 517 2526 (quis)
534 2435 613 2504 valet
629 2459 714 2512 ποιος
730 2436 872 2525 (peratis),
898 2437 951 2504 nbi
968 2456 1072 2504 serrno
1097 2447 1143 2504 est
1160 2436 1198 2504 de
1224 2437 1361 2507 alieuius

147 2649 150 2654 Ι
177 2559 220 2624 rei
246 2559 409 2646 qualitate,
423 2560 619 2643 conditione,
634 2562 800 2649 dignitate,
819 2573 853 2630 ut
876 2561 937 2629 hoo
960 2562 1046 2642 loeo,
1065 2571 1096 2628 et
1112 2562 1209 2629 Maro.
1231 2564 1243 2628 l
1265 2587 1273 2628 ε
1293 2566 1357 2646 a7;

176 2683 254 2750 Luc.
283 2684 423 2753 XXIV:
445 2687 504 2765 17,
529 2685 616 2752 alibi.
635 2724 680 2735 -
701 2684 815 2751 Λαλειν
837 2686 876 2754 de
900 2686 1022 2770 publice
1050 2688 1204 2769 docendo,
1227 2690 1362 2770 proedi-

175 2811 274 2874 eondo
291 2829 384 2897 saepe
399 2821 580 2898 usurpatur,
595 2820 629 2876 ut
640 2831 670 2876 ν.
686 2831 716 2898 g.
736 2813 806 2878 Act.
826 2812 904 2880 XlV
920 2831 927 2872 :
944 2813 1002 2891 253
1020 2811 1096 2880 XVl
1115 2830 1122 2871 :
1139 2813 1178 2887 63
1192 2811 1257 2877 XX
1275 2835 1283 2877 :
1299 2813 1357 2880 50.

175 2934 237 2999 Pro
250 2930 399 3007 ξενιζοντα
415 2955 483 2997 τινα
499 2934 623 3022 Belgica
639 2935 760 3004 diceres
776 2939 893 3020 diripere
908 2938 959 3001 die
974 2938 1195 3016 beoreeneden3
1211 2941 1360 3004 oreernde

175 3058 305 3138 diopen.
321 3055 368 3122 cf.
385 3058 398 3122 1
412 3055 495 3122 Petri
510 3056 554 3122 lV
570 3083 577 3119 :
592 3058 624 3123 h.
644 3059 697 3125 th.
712 3095 756 3106 —
769 3055 852 3133 Aeon
869 3059 1005 3146 primurn
1018 3058 1133 3126 dieitur
1146 3057 1184 3125 de
1198 3060 1361 3126 audiendi

175 3201 268 3245 aaaron
292 3180 358 3246 sive
377 3178 416 3246 de
438 3149 568 3257 andito,
587 3181 649 3245 uti
671 3180 744 3246 Gor.
771 3182 833 3247 Xli
855 3207 862 3248 :
883 3183 943 3259 t7;
969 3180 1025 3248 sed
1048 3200 1121 3247 nrox
1142 3180 1234 3246 etiarn
1253 3179 1294 3246 de
1312 3185 1361 3248 in-

174 3315 351 3372 strumento
363 3307 524 3389 audiendi,
540 3304 605 3370 sive
617 3306 654 3369 de
670 3307 816 3390 naribos,
835 3316 869 3372 ut
880 3307 979 3373 Maro.
994 3306 1057 3373 Vll
1073 3331 1080 3372 :
1096 3307 1205 3372 55.--
1221 3305 1356 3372 Suidas:

176 3425 270 3502 Ακοη·
296 3452 329 3492 το
347 3451 433 3521 pepon
456 3451 510 3492 του
529 3451 685 3514 σωματος.
704 3428 910 3516 Etymologio.
930 3431 974 3496 M.
996 3453 1004 3495 τ
1024 3427 1149 3501 Ακοη...
1170 3425 1289 3517 iteponere
1308 3453 1362 3493 και

175 3573 208 3613 το
225 3574 275 3624 ους
290 3548 358 3614 hier
376 3550 470 3642 (apud
486 3549 787 3632 Solrlensohnerunr‚
805 3551 837 3616 in
854 3552 961 3619 Lexio.
980 3551 1019 3618 ad
1036 3550 1069 3617 h.
1090 3551 1146 3632 tn).

221 3779 276 3846 at.
303 3780 510 3848 Athenienses
537 3794 642 3849 antem
670 3803 794 3863 omenes,
824 3780 913 3869 eto).
946 3783 1013 3848 Hae
1035 3779 1232 3850 adnotatione
1255 3783 1361 3852 Lucas

175 3905 307 3974 voluerit
322 3907 509 3994 significare,
525 3910 742 3991 Athenienses,
757 3909 840 3999 qnod
854 3930 900 3976 vs.
918 3912 958 3977 19
972 3920 1002 3976 et
1013 3912 1057 3978 20
1069 3907 1182 3976 senisse
1194 3908 1358 3992 diountur,

177 4034 288 4102 senisse
304 4055 364 4100 non
383 4055 420 4100 ex
436 4055 542 4102 amore
559 4036 789 4124 cognoscendae
805 4037 963 4119 veritatis,
981 4037 1035 4104 sed
1060 4057 1099 4104 ex
1121 4057 1199 4104 vana
1224 4039 1358 4128 quadarn

210 4253 229 4319 ¹)
247 4255 276 4307 ln
289 4258 337 4308 hac
353 4255 483 4309 sententia
500 4269 557 4308 esso
572 4255 647 4308 video
664 4258 741 4310 otiam
789 4260 862 4310 tate.
890 4259 948 4312 Vot.
972 4262 995 4311 t.
1021 4260 1092 4313 Book
1119 4264 1144 4311 t.
1175 4261 1260 4327 Chop.
1281 4261 1356 4314 XIX.

176 4337 319 4390 Potherum.
347 4339 412 4391 Vide
442 4338 492 4390 The
526 4340 680 4406 antiqnitiea
714 4341 746 4406 os
790 4344 831 4394 On
851 4341 893 4396 the
913 4349 1002 4398 serrato
1021 4345 1077 4397 aod
1097 4349 1171 4397 court
1193 4345 1225 4408 ⁰!
1239 4344 1358 4410 Areopa-

176 4421 271 4475 Greeee
298 4424 331 4491 hp
360 4425 425 4476 iohn
449 4424 546 4478 Potter.
577 4422 741 4490 Edinbnrph.
787 4439 846 4490 poa.
