3074 5054
181 369 246 436 dil
528 372 664 442 ACTUS
702 373 1033 456 prosectarum,

179 559 329 640 Paulum,
349 565 425 647 quie
448 566 587 630 eiusdem
610 567 732 649 opificii
754 572 834 630 eret*
858 561 923 648 (eea
943 591 976 630 το
1000 571 1163 654 ὸμοτεχνον
1180 566 1270 655 etone)
1287 591 1360 638 cum

178 683 292 772 Aquila
308 696 338 752 et
353 686 514 767 Priscilla,
532 685 602 754 ideo
618 687 701 777 apud
717 689 802 777 ipsos
818 687 924 756 sedem
937 711 1025 758 suam
1042 691 1165 771 fixisse,
1184 711 1280 780 seque
1298 693 1361 760 illis

178 811 302 879 illorum
328 812 444 902 opificii
465 814 585 881 socium
602 813 731 895 fecisse,
749 827 778 880 et
794 816 952 882 laborasse
969 824 1033 906 (και
1050 816 1229 906 appatere),
1248 838 1362 906 nempe

179 947 212 1002 ut
229 935 357 1004 baberet
371 937 454 1004 unde
473 937 602 1005 honeste
623 939 758 1019 viveret,
789 960 846 1007 nec
868 940 1013 1029 cuiquam
1036 940 1138 1027 gravis
1161 952 1252 1008 esset.
1281 941 1362 1010 Vide

179 1061 258 1128 infra
273 1062 311 1129 ad
329 1063 405 1150 Cap.
427 1064 513 1130 XX:
534 1065 589 1131 54.
616 1065 711 1131 Erant
734 1069 848 1131 autem²
872 1063 987 1153 Aquila
1002 1075 1032 1130 et
1047 1064 1190 1131 Priscilla
1209 1078 1280 1132 orte
1296 1069 1361 1152 (την

178 1184 299 1273 τεχνην)
316 1191 523 1254 tentoriorum
539 1190 666 1274 opifices
683 1188 893 1276 (reponuntor).
917 1190 966 1255 De
981 1189 1168 1257 Accusatit’o
1184 1212 1236 1263 την
1254 1212 1361 1276 τεχνην

180 1308 240 1377 hoc
257 1309 325 1377 loco
343 1310 412 1378 vide
429 1312 487 1380 Gr.
507 1331 577 1401 pag.
596 1313 675 1380 ⁶255.
695 1315 728 1379 6.

221 1433 359 1520 Ooopen
380 1445 411 1501 ct
432 1457 509 1524 perer
531 1448 603 1502 sunt
623 1435 726 1502 Datioi
748 1437 942 1516 deletionis,
961 1446 994 1503 ut
1010 1447 1120 1504 vocant
1141 1410 1358 1505 Grammatici.

187 1559 288 1626 «Vox
307 1580 508 1649 προσφατως,
526 1569 649 1626 notante
665 1559 871 1628 Valckenario
896 1559 946 1651 (ad
963 1557 996 1625 b.
1017 1559 1067 1645 1.),
1086 1581 1124 1626 ex
1140 1560 1260 1648 origine
1277 1571 1362 1627 notat

179 1701 285 1746 recens
301 1684 450 1748 occisum.
469 1681 599 1748 Photius
616 1682 646 1748 in
664 1682 780 1749 Lexico
799 1707 807 1748 ε
828 1682 1011 1773 Προσφατος
1027 1705 1076 1746 ene
1099 1707 1152 1746 roo
1169 1706 1274 1747 νεωστι
1289 1708 1361 1774 eop-

178 1829 316 1896 pnpeeeo.
342 1804 434 1892 Quod
455 1807 643 1874 recentiores
666 1807 778 1874 Graeci
800 1809 943 1897 σφαζειν,
959 1816 1120 1887 muctare,
1139 1818 1260 1873 veteres
1281 1807 1360 1874 scri-

179 1929 289 1997 bebant
316 1954 401 2022 φαειν
431 1931 478 1997 vel
505 1935 626 2023 φαζειν,
657 1931 739 1998 unde
767 1955 859 2022 φατος
886 1954 1005 1998 coesus.
1039 1932 1114 1999 lnde
1145 1932 1359 2021 Compositum

179 2077 352 2145 προσφατος
383 2055 495 2122 eximie
524 2055 562 2123 de
587 2077 694 2121 recens
725 2059 871 2122 mactetis
902 2056 1099 2123 animalibus.
1129 2057 1252 2121 Recens
1286 2078 1360 2122 coro

178 2201 352 2270 reposceres
380 2201 479 2268 κρεας.
503 2178 640 2246 Cadaver
668 2178 804 2247 hominis
828 2183 1014 2264 nuperrime
1041 2184 1160 2245 mortn'
1186 2202 1360 2271 προσφατος

178 2326 277 2395 vesper
297 2304 381 2393 apud
405 2303 674 2392 Phrynicbium...
700 2306 782 2372 Hinc
806 2305 844 2373 ad
873 2306 932 2373 alia
959 2306 1154 2373 transfertur.
1182 2306 1286 2371 Pisces
1310 2327 1360 2370 re-

177 2439 298 2509 centes,
314 2450 409 2518 quum
428 2430 554 2518 proprie
571 2429 632 2497 dici
650 2429 810 2511 deberent,
827 2431 992 2498 Ammonio
1011 2441 1098 2510 teste,
1117 2428 1230 2503 νεαλεις
1248 2430 1361 2515 epten,

178 2552 201 2617 i.
229 2573 258 2618 e.
284 2575 391 2617 νεωστι
408 2549 775 2634 intententdenander
798 2566 897 2622 tamen
924 2550 1045 2642 ιχθυὸια
1069 2577 1232 2645 repo-speret
1255 2553 1360 2621 dicere

176 2695 237 2743 non
250 2676 442 2744 dubitante„
458 2681 492 2745 ln
506 2678 610 2766 lingua
623 2680 794 2757 communi,
809 2701 869 2747 nou
882 2679 1072 2748 attendentes
1086 2679 1251 2766 originem,
1265 2700 1359 2767 προσ-

176 2824 270 2892 φατον
298 2800 469 2869 adhibuere
490 2806 528 2869 de
548 2807 660 2890 quovis
683 2825 718 2869 re
739 2807 870 2872 recenti.
897 2833 910 2863 e
937 2803 1078 2891 Hesycb.
1109 2803 1306 2894 Προσφατον·
1326 2825 1359 2865 το

177 2949 286 3018 copricae
307 2950 476 3018 praeparor.
501 2929 590 2997 Suld.
615 2929 821 3021 Προσφατως·
841 2954 908 2993 noer
930 2953 983 2992 του
1006 2951 1124 2991 remeet.
1152 2928 1223 2995 Vox
1247 2926 1358 2992 ilerum

178 3054 314 3120 occurrit
330 3054 360 3120 in
378 3056 437 3144 Ep.
456 3054 496 3122 ad
513 3055 611 3122 Hebr.
631 3056 708 3144 Cap.
727 3056 758 3121 X
778 3076 786 3117 ι
809 3058 868 3135 10,
887 3054 939 3122 ubi
958 3065 1005 3121 est
1020 3049 1088 3128 ὁδος
1108 3075 1296 3142 προσφατος.
1316 3089 1359 3099 -

172 3178 360 3268 Εργαζεσθᾱι
377 3181 489 3247 eximie
506 3179 620 3248 dicitur
637 3182 675 3248 de
692 3184 865 3248 munerarier
885 3202 981 3264 opere
1004 3179 1103 3246 rictus
1121 3175 1247 3266 parandi
1266 3197 1359 3243 causa

175 3312 330 3390 suscepta.
353 3302 430 3371 Vid.
452 3304 530 3370 Luc.
555 3305 634 3370 Xlll
661 3329 668 3372 :
696 3308 748 3372 te.
775 3307 868 3372 Rom.
894 3305 940 3372 lV
964 3329 972 3371 :
995 3306 1028 3371 d.
1054 3304 1068 3370 l
1090 3302 1163 3369 Cor.
1193 3301 1267 3370 tv:
1297 3303 1356 3381 123

175 3425 222 3490 lX
242 3450 249 3492 :
269 3428 302 3493 6.
321 3425 436 3493 Confer
451 3428 642 3495 Nostratium
659 3431 799 3495 werten.

177 3537 373 3547 ——.-..—-

175 3591 266 3658 ltaque
293 3593 380 3658 potius
407 3591 579 3654 crediderim,
609 3596 741 3644 versatum
788 3604 840 3658 que
861 3589 941 3642 dediti
959 3588 1093 3654 opificium
1112 3588 1218 3654 aliquod
1238 3587 1359 3640 addisce-

174 3676 254 3727 luisse
270 3680 335 3728 tuno
354 3676 478 3741 temporis
496 3677 592 3728 Romae
605 3677 741 3728 factiosum
789 3680 864 3738 rent,
877 3675 965 3734 unde,
979 3673 1023 3725 ubi
1043 3689 1083 3726 res
1096 3674 1192 3733 terret,
1204 3687 1231 3724 sc
1249 3677 1359 3724 susten-

174 3760 314 3826 quemdam
327 3760 466 3823 Iudaeum,
481 3761 740 3824 Cbrestunenomine,
787 3762 883 3811 tarent.
905 3759 969 3810 Rem
989 3761 1099 3809 testatur
1121 3758 1189 3808 inter
1209 3756 1273 3808 alios
1290 3757 1359 3807 blai-

174 3857 226 3911 quc
246 3844 388 3910 impulsore
404 3844 495 3896 ludaei
516 3845 620 3897 assidue
640 3846 742 3897 tumul·
788 3841 907 3894 monides
916 3841 995 3907 (apud
1006 3841 1083 3892 Wolf.
1095 3840 1127 3891 ad
1137 3839 1210 3904 bl).
1222 3839 1268 3905 qui
1279 3839 1356 3891 dicit:

174 3934 320 3982 tuerentur.
338 3930 458 3982 Ceterum
471 3930 569 3982 Claudii
590 3931 655 3983 illud
674 3931 742 3983 edic
788 3932 838 3974 Ἡ)
865 3931 965 3976 illim&
992 3911 1050 3974 ΠΠΒ
1075 3928 1132 3973 ιἾἯ
1159 3927 1278 3972 mito
1307 3930 1355 3973 :tn

176 4016 296 4063 tumncn
309 4011 354 4063 diu
373 4013 483 4064 valuisse
498 4013 657 4078 indepatet‚
670 4013 740 4081 quod
787 4001 901 4064 cuntur&
932 4016 1013 4062 terrm*
1037 4000 1113 4076 abu,
1132 4012 1158 4062 h.
1181 4027 1204 4064 e.
1225 4013 1305 4064 Metti
1325 4029 1358 4064 en

174 4092 294 4144 videmus
314 4093 372 4160 [Ep.
390 4094 423 4145 ed
444 4095 517 4146 Rom.
531 4094 593 4162 Cap.
608 4096 666 4147 XVl
682 4113 688 4149 z
705 4095 739 4161 3),
787 4099 950 4166 sapientibus
970 4099 1102 4165 opificium
1122 4097 1230 4161 ctiqrted
1251 4111 1357 4148 exerce-

174 4178 295 4245 Aquilam
312 4183 338 4231 ei
355 4178 496 4232 Priscillam
516 4178 595 4246 paulo
612 4183 670 4246 post
685 4180 740 4231 Ro·
786 4185 864 4248 bant,
887 4199 919 4235 ne
947 4183 1009 4234 otiis
1036 4196 1133 4249 praees
1162 4188 1255 4234 essent.

175 4275 243 4312 mam
255 4262 369 4314 rediisse.

208 4345 226 4409 ¹)
245 4346 273 4397 ln
295 4360 365 4399 more
384 4350 447 4400 tuno
466 4349 580 4414 positum
600 4347 741 4400 eratinter
819 4344 839 4410 ²)
857 4345 988 4409 interpres
1017 4346 1104 4396 noster
1132 4342 1238 4394 videtur
1266 4343 1356 4408 legisse

174 4429 292 4497 ludaeos,
303 4436 333 4484 ut
343 4433 421 4486 etiam
434 4433 482 4484 viri
494 4433 588 4486 studiis
599 4433 740 4485 doctrinis·
787 4440 840 4479 uon
855 4435 932 4489 ησαν
949 4435 1019 4503 γαρ,
1033 4428 1078 4478 sed
1093 4433 1170 4486 ησαν
1189 4407 1233 4475 (le.
