3074 5054
475 374 613 440 CAPUT
646 376 744 455 XIX,
783 374 903 443 VERS.
940 376 1063 444 8410.
1286 375 1346 442 461

182 567 251 632 verb
276 563 402 652 quidam
419 564 611 652 eSynagoga
633 566 866 631 obdurescerent
887 562 1124 654 (εσκληρυνοντο)
1143 575 1173 631 et
1188 563 1352 653 pertinaci*

179 700 225 754 ter
251 690 442 771 denepcreot
469 691 563 772 pidem
592 689 739 772 (ηπειθουν
769 685 910 779 Imperi.)
943 688 1145 776 Evangeiicae
1172 688 1348 770 doctrinae,

177 817 367 898 infamantes
383 810 634 903 (nnnoicyourrcc)
656 834 723 879 eom
749 813 812 896 (την
829 807 908 891 ὁδον)
933 832 1038 879 coram
1055 822 1235 900 congregata
1251 832 1351 900 popu-

177 939 289 1006 larium
313 959 440 1007 suorum
461 937 674 1023 multitudine,
699 939 814 1005 Paulus
835 938 873 1005 ab
901 937 963 1005 iilis
990 942 1151 1023 depressus
1176 939 1347 1021 (αποστας),

178 1067 348 1149 discipulos
368 1064 449 1152 (τους
472 1063 616 1154 μαθητας)
637 1065 690 1152 qui
711 1064 754 1131 ibi
776 1073 895 1142 essent,
913 1063 951 1130 ab
977 1064 1138 1132 obstinatis
1160 1063 1228 1130 istis
1251 1066 1351 1130 Evan-

176 1187 248 1275 gelii
264 1188 449 1256 adversariis
474 1188 661 1276 segregatum
680 1188 809 1269 deinde,
829 1197 944 1254 mutato
967 1187 1142 1268 auditorio,
1161 1189 1299 1278 quotidie
1314 1187 1352 1254 de

177 1330 212 1376 re
228 1311 410 1399 Evangelica
432 1310 601 1379 disserebat
624 1311 654 1377 in
679 1312 784 1379 sobole
810 1311 971 1379 cuiusdam
996 1312 1073 1392 viri,
1091 1311 1143 1378 cui
1161 1329 1271 1377 nomen
1289 1319 1353 1375 erat

176 1436 356 1522 Tyrannus.

222 1564 272 1630 De
287 1566 542 1656 παρρησιαζεσθαι
565 1565 635 1632 vide
657 1564 695 1631 ed
711 1566 788 1652 Cap.
806 1565 854 1631 ΙΧ
873 1589 881 1631 :
900 1565 956 1632 97.
976 1565 1089 1630 Forma
1105 1563 1280 1652 imperfecti
1298 1563 1350 1630 hic

177 1686 353 1768 adhibetur,
368 1690 439 1777 quia
452 1709 554 1755 sermo
568 1700 613 1755 est
629 1687 668 1754 de
684 1707 808 1777 requae
825 1690 974 1753 continno
988 1685 1092 1754 fiebat.
1103 1725 1145 1734 -
1158 1686 1350 1775 Praepositio

178 1834 226 1874 επι
242 1810 293 1878 bic
306 1811 385 1878 vaiet
399 1811 588 1879 Nostratium
607 1833 693 1895 over,
713 1813 738 1878 si
757 1833 814 1900 pro
833 1837 841 1879 :
860 1815 931 1876 drie
947 1813 1103 1877 mnondcn
1123 1814 1208 1894 borrp,
1230 1810 1349 1877 dicere-

180 1953 246 2001 mus
256 1958 264 2000 :
274 1956 348 2000 ouer
359 1937 429 2000 drie
441 1937 597 2001 moondcn
609 1937 746 2000 61111-
758 1936 806 2001 Ι)1
819 1930 1010 2025 dmicpcobnr
1023 1935 1092 2003 vide
1105 1935 1227 2025 adCap.
1236 1936 1348 2003 XVll:

183 2059 219 2123 17
226 2106 232 2122 .
249 2057 367 2121 Πειθειν
383 2056 447 2136 hic,
462 2069 496 2124 ut
510 2059 619 2126 XVlll
635 2082 643 2122 t
659 2060 692 2124 4.
707 2097 751 2107 -
767 2059 815 2124 De
830 2057 965 2125 dictione
981 2080 1112 2143 repnnm
1129 2061 1206 2141 Dei,
1226 2058 1296 2125 vide
1313 2057 1351 2124 ad

179 2182 253 2270 Cap.
272 2182 414 2250 XXVlli
434 2204 441 2245 :
462 2185 517 2251 51.
536 2182 667 2250 -Vox
690 2180 905 2272 ceninpvncrrc
924 2180 1037 2263 (Pass.)
1061 2182 1139 2250 vaiet
1160 2185 1351 2252 Nostretium

178 2309 315 2374 oerbnrd
336 2311 475 2374 worden.
502 2308 550 2374 De
573 2328 648 2374 voce
664 2303 731 2382 ὁδος
753 2308 822 2375 vide
846 2307 884 2375 ad
900 2310 976 2398 Cap.
997 2308 1044 2375 ΙΧ
1063 2328 1071 2369 :
1091 2311 1124 2376 1.
1144 2306 1290 2384 Ancurae
1307 2321 1353 2376 est

179 2431 326 2520 Particip.
353 2425 429 2499 bor.
454 2434 474 2498 9.
499 2433 569 2497 Act.
594 2430 632 2497 ab
657 2454 821 2522 αφιστημι.
840 2468 884 2480 --
908 2432 1050 2505 Μαθητας
1072 2430 1132 2497 hoc
1156 2431 1224 2498 ioco
1250 2433 1349 2498 Lucas

178 2553 330 2619 vocaverit
347 2573 416 2619 curn
433 2573 486 2619 eos
498 2554 556 2641 'qui
573 2552 611 2619 ad
629 2552 714 2620 Pauli
732 2553 991 2640 praedicationem
1009 2553 1140 2642 amplexi
1164 2555 1224 2621 iam
1250 2567 1354 2622 essent

180 2674 271 2744 fidem
295 2675 518 2757 Christianam,
538 2688 601 2743 tum
626 2678 716 2744 etiam
740 2677 829 2755 illos,
849 2679 902 2766 qui
922 2678 1038 2746 dociles
1056 2678 1099 2745 ilii
1117 2699 1205 2745 aures
1223 2679 1350 2768 praebe-

181 2810 257 2865 rent.
276 2801 480 2888 -Τυραννος
503 2801 622 2866 Nomen
646 2800 813 2888 Proprium
831 2801 942 2888 iegitur
965 2802 1056 2868 etiam
1080 2803 1101 2868 T
1126 2800 1265 2869 Maccab.
1285 2802 1349 2870 lV:

180 2925 283 3005 46,11
302 2924 383 3013 apud
401 2925 448 2990 Fi.
469 2923 635 3012 losephum
653 2924 683 2989 in
701 2925 828 3012 Antiqq.
849 2927 926 2994 XVI
943 2951 951 2992 ε
969 2929 1023 3005 10,
1042 2924 1124 2992 etde
1141 2926 1221 2992 Β.1.
1238 2927 1252 2992 1
1268 2952 1276 2992 :
1292 2929 1347 2995 ab.

180 3047 353 3114 Pronomen
377 3072 420 3122 τις
437 3068 497 3114 non
522 3047 633 3128 obstat,
660 3047 826 3136 quominus
851 3049 1035 3116 vocabulum
1055 3050 1203 3138 Τυραννος
1219 3070 1275 3138 pro
1288 3051 1351 3117 No-

181 3170 262 3236 mine
284 3172 416 3259 Proprie
444 3169 604 3238 habeatur.
631 3170 705 3238 Vid.
732 3172 831 3238 Marc.
858 3173 952 3240 XV:
979 3172 1127 3251 11111.
1153 3172 1222 3238 lX:
1242 3174 1351 3253 45,11

180 3295 301 3363 XXV:
322 3299 374 3362 19.
402 3295 534 3364 Videtur
554 3297 719 3382 Tyrannus
743 3293 795 3362 ilie
821 3295 916 3362 fuisse
941 3296 1073 3363 Iudaeus
1096 3294 1209 3382 aliquis
1227 3295 1347 3374 doctor,

180 3419 233 3505 qui
246 3419 395 3507 privatam
411 3419 548 3487 scholam
562 3419 707 3500 haberet,
722 3420 844 3509 qualem
870 3432 952 3478 naun
968 3434 1021 3479 nr:
1038 3429 1148 3486 vocant
1163 3418 1349 3487 Taimudici.

181 3541 228 3608 Ci.
248 3543 420 3631 Vitringam
438 3545 484 3608 De
504 3543 672 3628 Synapopo
689 3555 803 3625 vetere,
818 3543 887 3610 Lib.
908 3544 939 3623 1,
959 3564 989 3630 p.
1013 3546 1045 3624 1,
1060 3545 1135 3632 Cap.
1156 3546 1188 3611 b'.
1206 3546 1354 3613 Animad-

181 3665 360 3732 vertendum
377 3678 441 3748 est‚
459 3666 590 3734 Paulum
607 3666 658 3733 hic
674 3687 755 3748 non,
773 3678 917 3754 utsupra
935 3665 1021 3753 (Cap.
1036 3667 1147 3734 XVlll
1164 3692 1171 3732 ε
1188 3669 1235 3754 6),
1254 3668 1356 3736 decla-

182 3810 265 3857 rasse
295 3811 347 3871 se,
377 3792 492 3859 relictis
520 3791 658 3873 ludaeiS,
685 3792 831 3881 deinceps
860 3789 1035 3860 Gentilibus
1060 3791 1259 3879 Euangelium
1286 3811 1353 3857 esse

181 3915 442 4004 praedicaturum.

229 4162 283 4231 16.
309 4160 378 4229 Η11
407 4175 509 4229 nectem
537 4164 656 4246 soctrrm
684 4171 728 4226 est
752 4181 812 4244 per
844 4162 1022 4245 biennium,
1051 4164 1097 4227 ito
1121 4173 1172 4246 nt,
1204 4170 1291 4253 ete).
1321 4165 1356 4230 ln

181 4282 289 4354 schola
304 4287 393 4353 istius
408 4286 545 4372 Tyranni
570 4285 684 4351 Paulus
700 4284 738 4351 de
756 4305 790 4350 re
807 4285 988 4372 Evangelica
1005 4284 1143 4373 quotidie
1166 4285 1353 4365 disserebat,
1394 4297 1396 4306 '

183 4409 277 4498 idque
291 4433 349 4495 per
373 4411 431 4494 (επι
456 4410 524 4477 vide
547 4410 585 4477 ad
608 4431 655 4476 vs.
675 4407 710 4494 8)
728 4420 823 4477 totum
841 4408 1012 4486 biennium,
1032 4430 1094 4498 quo
1117 4409 1230 4477 iactum
1248 4422 1305 4490 est,
1323 4424 1356 4478 ut
