3074 5054
530 399 670 468 uror
704 398 754 474 v,
786 396 901 487 ruas
936 395 1039 463 Μ.
1293 394 1359 463 rao

197 593 322 659 Attamen
338 576 400 658 uou
418 600 536 679 putem,
558 588 628 656 idea
648 609 765 662 παντας
781 590 1042 662 τουςακουονταςὲ
1059 582 1273 671 intelligendos
1290 603 1358 651 esse

196 737 288 782 aanor
303 713 378 783 huie
393 715 556 782 couventui
575 724 770 802 praesentes3
786 733 857 780 uaru
873 713 899 780 si
919 711 979 780 hoe
996 712 1096 779 Luoas
1120 709 1180 785 sibi
1197 709 1357 790 voluisset,

127 864 129 911 ι
195 838 304 927 quid-ni
331 839 512 928 stripsisset
533 862 582 903 επι
606 861 722 912 παντας
748 862 817 912 τους
845 853 996 927 ruotpertus
1018 836 1067 902 vel
1089 829 1232 907 adoreae?
1253 834 1359 922 ltaque
1441 867 1445 877 ·

195 962 346 1032 dicendum
362 964 497 1044 videtur,
524 986 640 1036 παντας
663 985 732 1036 τους
756 985 920 1036 ακουοντας
941 981 1011 1029 esse
1026 980 1097 1037 eos,
1115 959 1155 1028 ud
1170 979 1249 1048 quos
1266 958 1359 1027 huius

194 1088 232 1153 rei
251 1087 327 1156 famu
351 1088 519 1157 identidem
540 1086 750 1177 perveniebat.
779 1089 849 1154 Hae
875 1105 948 1174 ergo
977 1085 1093 1154 dietum
1117 1082 1170 1151 hio
1188 1083 1281 1152 suerit
1300 1104 1361 1166 par
1467 1134 1468 1138 ,

127 1245 129 1280 fi
193 1214 462 1296 anticipationem,
483 1231 578 1300 quum
595 1208 728 1278 ueeduru
745 1230 796 1278 res
813 1210 1053 1299 percrebuisset.

229 1457 260 1522 6.
285 1455 460 1540 Surqeutea
478 1467 582 1522 autom
602 1452 757 1542 tooeoea).
778 1454 899 1522 Graece
917 1456 945 1516 οἱ
961 1474 1106 1540 νεωτεροι.
1121 1451 1184 1537 Qui
1202 1472 1291 1533 euru,
1306 1473 1360 1518 ue-

191 1574 265 1642 uiue
284 1588 483 1658 mouente,.e
501 1578 569 1645 loeo
592 1598 650 1645 suo
674 1559 884 1656 surrexerint,
909 1587 941 1644 et
961 1587 1118 1664 tamquam
1142 1588 1245 1655 certae
1268 1597 1362 1666 (luaen

190 1697 251 1766 dam
278 1720 431 1789 personae
452 1700 496 1789 (ot
520 1723 655 1791 oaorapqr
679 1721 751 1768 eum
775 1697 933 1786 Articulo)
955 1699 1174 1788 designentur,
1192 1700 1362 1767 verisimile

188 1833 296 1892 esteos
320 1825 418 1892 fuisse
440 1823 533 1906 tales,
552 1825 666 1915 quibus
684 1825 714 1890 iu
737 1823 871 1914 publicis
895 1823 1044 1891 ecelesiae
1062 1823 1264 1893 conventibus
1287 1821 1362 1890 deti-

187 1947 278 2016 ritum
302 1948 429 2037 aliquod
450 1949 589 2019 officium
614 1948 820 2017 incumberet.

226 2085 412 2139 amoverunt
436 2096 523 2157 eom,
550 2072 640 2161 ete).
672 2073 706 2139 lu
724 2072 874 2141 'versione
897 2071 988 2151 Itala,
1015 2069 1186 2140 seeundum
1209 2068 1357 2138 Codieeru

185 2197 485 2285 Cantabrigieusem,
505 2199 617 2287 legitur
632 2200 834 2264 iooutveraat
855 2219 926 2262 eom
933 2247 946 2280 ,
962 2215 1030 2285 quo,
1047 2195 1197 2264 vocabulo
1215 2193 1360 2283 equidem

183 2322 286 2390 malim
309 2322 441 2390 reddere
464 2325 620 2392 Graecum
644 2320 850 2388 συνεστειλαν.
873 2322 966 2390 Notio
986 2322 1168 2386 ioootoeodi
1189 2319 1254 2385 sive
1277 2328 1361 2384 reste

182 2445 283 2535 aliqua
314 2450 498 2532 contaqoodi
524 2448 592 2515 vooi
621 2444 815 2513 advertatur
842 2446 981 2512 subiecta
1008 2443 1121 2532 legitur
1144 2443 1175 2509 iu
1200 2442 1361 2511 Glossario

181 2569 302 2637 Graeuu
321 2570 363 2637 N.
382 2573 435 2650 F„
456 2570 510 2637 ubi
535 2568 727 2638 συνεστειλαν
752 2567 893 2637 redditur
917 2587 973 2656 per
996 2562 1218 2650 συνεκαλυψαν.
1245 2565 1361 2637 «Haeo

179 2691 263 2758 eirea
292 2691 454 2760 defunctos
478 2712 572 2773 eura,
601 2694 703 2781 iuquit
719 2691 944 2762 Valckenarius
971 2687 1026 2778 (ad
1044 2687 1077 2756 h.
1097 2686 1150 2776 l.),
1167 2705 1278 2773 greeae
1305 2706 1360 2751 ex-

179 2815 327 2902 primitur
348 2815 453 2882 verltis
480 2812 704 2906 depravatior,
731 2811 925 2890 συστελλειν,
956 2813 1175 2901 συγκοιμιζειν.
1196 2835 1211 2866 s
1234 2808 1361 2895 Legitur

178 2938 238 3017 ita,
256 2950 290 3005 ut
312 2959 351 3006 ex
367 2941 477 3009 Gratia
497 2951 602 3008 mouet
624 2939 758 3008 Kuiuoel
781 2937 885 3028 (adh.
906 2936 959 3026 t),
978 2934 1062 3026 apud
1078 2932 1223 3022 Euripid.
1243 2930 1359 3000 Troad.

176 3081 228 3128 vs·
255 3063 320 3130 376
349 3086 357 3133 ;
389 3064 438 3137 οὺς
466 3059 494 3127 δ’
521 3061 603 3153 Αρης
637 3060 717 3140 ἕλοι,
754 3056 928 3134 ου’παιὸες
954 3055 1053 3136 ardor,
1083 3081 1119 3121 ao
1144 3052 1302 3145 δαμαρτος
1331 3076 1360 3117 εν
1458 3070 1460 3075 ·
1515 3056 1517 3062 ’

176 3206 281 3274 χερσιν
308 3183 432 3260 πεπλοις
460 3184 706 3262 dorsumdurum
738 3184 771 3252 h.
798 3206 826 3251 e.
858 3206 935 3270 quos
957 3184 1052 3248 Maro
1076 3183 1216 3264 obstulit,
1239 3201 1304 3245 ttott
1321 3180 1362 3243 to·-

175 3309 247 3375 beri
276 3312 443 3393 viderunt,
473 3331 572 3396 oeque
603 3313 746 3393 cooioqia
776 3309 923 3374 munidato
949 3308 1086 3372 uestibus
1107 3306 1243 3370 iuvetuti
1273 3312 1359 3368 aaut.

177 3431 230 3498 Cf.
244 3433 335 3500 etium
354 3433 519 3502 Suioeruru
534 3433 567 3500 iu
583 3432 746 3501 Thesauro
762 3433 801 3501 ad
815 3452 886 3505 tuo.
906 3427 1078 3497 συστελλω.
1096 3428 1189 3514 Quod
1205 3427 1359 3516 sequitur,

176 3578 233 3618 και
252 3551 451 3645 εξενεγκαντες
473 3556 604 3645 udradait,
622 3557 837 3625 reddiderim:
857 3568 887 3622 et
907 3557 1094 3622 'retuterunt
1114 3574 1186 3620 eom
1204 3563 1299 3638 atquo
1315 3573 1362 3618 se-

176 3682 378 3764 petiveram
404 3680 457 3748 ubi
486 3681 653 3749 uotauduru
682 3691 746 3763 est,
772 3682 1081 3775 Graecumuaoqiapao
1105 3688 1138 3744 ut
1161 3687 1191 3743 et
1215 3676 1360 3743 Latinum

178 3804 293 3886 efferre
315 3802 358 3870 ita
383 3804 511 3892 usupari
533 3805 567 3873 iu
592 3825 626 3872 ru
649 3804 786 3874 funebri.
810 3805 937 3874 Affatiru
960 3800 1175 3890 exemplorum
1198 3799 1251 3866 dat
1270 3801 1361 3868 Wet-

178 3925 299 3995 steuius
321 3925 361 3996 ud
385 3926 418 3996 h.
446 3926 469 3995 Ι.
811 3932 812 3935 ’

180 4126 353 4138 ———...

220 4257 237 4323 ¹)
253 4260 317 4310 Vra.
337 4272 407 4318 arur.
432 4257 493 4309 Post
512 4266 675 4318 ακουοντας
695 4271 748 4309 nou
794 4267 821 4315 et
837 4262 957 4327 Vulgata.
985 4245 1102 4314 Dubitari
1126 4262 1212 4326 potest
1228 4273 1285 4312 maa
1298 4258 1360 4325 qui-

181 4348 278 4411 legitur
299 4357 396 4397 ταυτα
413 4349 441 4400 in
463 4347 526 4400 ABG
548 4349 680 4415 variisque
702 4349 749 4400 Mi·
794 4346 854 4398 dem
873 4345 1019 4408 sententia,
1040 4358 1073 4397 au
1091 4357 1143 4396 vox
1160 4351 1257 4391 ταυτα
1274 4343 1308 4394 sit
1332 4342 1360 4391 iu

184 4431 298 4485 uuaoulis
310 4471 317 4496 ,
330 4445 378 4484 uec
388 4431 415 4483 in
427 4431 513 4483 Vorss.
528 4431 628 4498 antiqq.
642 4431 749 4498 Syriaca
795 4432 896 4480 textum
913 4427 1069 4495 recipienda.
