3074 5054
411 353 559 437 oleon,
583 352 729 432 XXVll,
766 350 888 418 VERS.
927 351 1072 418 ati-to.
1276 349 1336 418 581

163 545 345 633 ζευκτηριας)
369 539 678 628 gubernaculorum,
697 549 726 605 et
742 558 816 605 mox
832 539 953 604 saltata
971 541 1006 603 in
1022 541 1122 604 altam
1147 536 1342 627 (επαραντες)

161 672 192 730 et
206 683 340 751 expanso
357 666 399 728 od
414 675 540 729 ventum
557 663 604 752 (ep
621 684 751 750 ureoncp
768 661 838 727 scil.
859 684 950 752 αυρᾳ.
975 662 1106 729 Dalivus
1130 664 1340 728 directionis:

160 803 237 851 voor
252 784 312 851 den
329 784 431 873 wind)
446 796 608 851 artemone
625 784 688 864 (laet
704 785 910 872 bramzeiti),
928 784 1095 851 tendebant
1109 784 1149 851 ad
1166 784 1263 851 littus·

207 909 398 1001 Περιελοντες
426 912 514 998 (Aer.
543 915 801 1001 tauepiaapea,
832 910 931 978 dicam
960 911 1088 991 rectinS,
1118 910 1156 978 ab
1185 913 1339 977 inusitata

160 1031 299 1124 περιὲλω)
315 1058 369 1108 τας
385 1057 531 1124 αγκυρας,
547 1039 584 1101 de
597 1035 711 1100 aniters
725 1035 839 1117 pelapt
854 1035 1017 1101 delbende.
1038 1034 1208 1124 Περιαιρειν
1222 1035 1337 1102 dictum

105 1193 108 1201 ·
159 1157 255 1226 luisse
271 1157 362 1224 etiam
379 1157 417 1224 de
434 1161 640 1242 araputamta,
660 1168 780 1223 certum
796 1168 854 1224 est.
876 1158 929 1225 Sic
946 1180 1177 1249 περιαιρουμενη
1202 1154 1338 1243 aptatu

159 1280 320 1348 dicebatur
336 1283 412 1346 aitis
428 1284 601 1364 amputatis
616 1284 801 1346 sarmentis.
820 1281 869 1348 Cf.
888 1283 986 1348 Henr.
1006 1280 1116 1369 Steph.
1135 1283 1166 1348 in
1182 1280 1280 1347 Thes.
1300 1280 1338 1347 ad

160 1402 191 1470 h.
216 1403 239 1469 l.
270 1403 376 1491 Cogita
400 1415 532 1491 quatuor
557 1403 624 1469 illas
648 1423 779 1470 ancoras
802 1403 865 1494 (vs.
890 1402 946 1488 to)
974 1405 1104 1493 puppim
1134 1407 1221 1471 navis
1242 1404 1336 1471 veluti

158 1527 295 1589 cinxisse
319 1523 422 1614 (περι).
438 1563 481 1573 -
497 1525 603 1594 Verba
627 1548 695 1589 ειων
722 1549 761 1599 εις
783 1549 835 1600 την
861 1524 1017 1599 &alaeam
1048 1530 1204 1624 interpres
1232 1537 1337 1594 noster

158 1644 291 1712 reddidit
307 1669 314 1712 :
330 1649 562 1712 committebant
577 1669 609 1712 se
624 1651 731 1731 ntari;
748 1647 969 1714 existimaverit
983 1668 1068 1735 ergo,
1084 1647 1136 1714 illa
1149 1647 1242 1715 verba
1255 1648 1336 1714 dicta

158 1785 227 1832 esse
250 1766 385 1855 elliptiee
408 1788 465 1855 pto
490 1790 558 1830 ειων
582 1792 616 1831 το
641 1766 746 1832 πλοιον
773 1792 846 1832 terat
872 1792 912 1842 εις
928 1792 979 1842 την
1002 1769 1172 1847 delatam,
1190 1773 1336 1835 siverunt

157 1909 265 1953 navem
282 1893 330 1955 ire
345 1894 380 1963 in
395 1912 495 1956 mare.
520 1892 643 1958 Vereor
658 1905 691 1958 ut
708 1896 810 1970 recte3
837 1892 970 1959 necdum
995 1893 1076 1958 enim
1103 1892 1205 1959 omnia
1230 1901 1335 1981 parata

156 2023 243 2077 erant
255 2013 293 2079 ad
305 2014 521 2101 navigandum.
542 2017 605 2102 Ego
623 2018 707 2082 certe
726 2017 909 2104 putaverim,
924 2016 1053 2084 verbum
1069 2040 1128 2080 aaa
1147 2016 1331 2083 sumendum

158 2133 209 2201 hic
224 2156 292 2202 esse
308 2148 463 2226 utsupra,
482 2140 560 2223 Cap.
580 2141 659 2208 XVl
677 2165 684 2204 ε
704 2143 738 2220 7,
758 2141 809 2206 ubi
835 2141 1010 2207 Infinitivus
1033 2141 1209 2228 πορευεσθαι
1225 2162 1242 2206 e
1258 2162 1332 2208 con-

157 2270 240 2326 textu
266 2262 457 2350 supplendus
482 2274 539 2329 est.
561 2253 615 2328 'Cl
635 2263 725 2329 etiam
751 2264 827 2350 Cap.
854 2264 933 2328 XlX
954 2289 961 2329 :
982 2266 1037 2331 50.
1064 2264 1109 2329 lta
1133 2264 1248 2351 pariter
1272 2262 1332 2329 hoc

158 2382 225 2449 loco
242 2404 259 2448 e
276 2393 420 2451 contextu
445 2385 656 2474 suppleverim
681 2384 1042 2470 praesentassemus
1062 2385 1092 2449 in
1117 2382 1178 2450 hoc
1200 2382 1331 2449 Diodori

156 2505 252 2572 Siculi
271 2506 352 2587 (Lib.
367 2508 397 2574 V
413 2532 420 2572 :
437 2511 493 2588 55,
507 2508 588 2596 apud
601 2503 722 2584 Wahl.)
739 2532 746 2572 :
761 2506 936 2593 Elaapara
953 2507 1113 2589 (laminas)
1131 2529 1188 2595 pap
1207 2502 1330 2594 atdapau

155 2650 419 2716 κατακρυπτουσιν
435 2652 476 2703 εις
492 2652 544 2702 την
561 2654 614 2719 yur
630 2655 681 2692 και
698 2645 795 2693 ταυτα
811 2636 899 2709 εῶσι,
927 2629 996 2695 scil.
1017 2651 1114 2714 μενειν
1131 2628 1179 2693 vel
1200 2605 1340 2694 aeratas*

155 2751 233 2817 Cum
258 2752 378 2818 Graeca
404 2751 456 2818 illa
481 2751 607 2840 phrasi,
633 2775 702 2816 ειων
726 2776 767 2827 εις
791 2776 843 2826 την
869 2749 1042 2827 talasano,
1069 2748 1202 2817 conferri
1232 2759 1333 2837 potest

153 2876 344 2943 Nostratinm
371 2903 378 2943 :
404 2883 447 2958 zp'
470 2881 564 2943 tieten
587 2899 623 2942 ze
649 2877 699 2957 (de
722 2875 845 2956 anlers)
870 2881 904 2941 iu
928 2879 965 2940 de
988 2897 1053 2940 zea.
1072 2912 1116 2922 -
1139 2874 1173 2937 Ὀ
1194 2895 1331 2963 upupae
1385 2916 1390 2925 ,

154 2997 334 3084 intelligitur
362 2999 464 3066 velum
492 2999 616 3088 aliquod
635 3000 665 3064 in
690 2999 778 3080 navi;
809 2998 864 3066 sed
892 2999 983 3087 quale
1011 2997 1242 3087 intelligendum
1270 2997 1329 3075 sit,

153 3120 304 3199 necdum,
323 3121 407 3208 quod
423 3122 539 3202 solam,
558 3125 642 3190 certo
660 3132 790 3189 constat.
811 3121 1084 3190 verisimillimum
1101 3119 1177 3186 mihi
1195 3119 1329 3199 videtur,

151 3264 202 3305 τον
231 3265 383 3331 αρτεμονα
411 3263 479 3310 esse
507 3245 609 3311 velum
638 3244 715 3310 illud
744 3265 893 3333 parvum,
918 3243 1001 3333 qnod
1019 3245 1049 3309 in
1066 3243 1242 3310 summitate
1257 3241 1329 3308 mali

152 3386 246 3454 supra
270 3369 370 3453 majus
395 3367 496 3434 velum
520 3367 719 3455 appenditur,
746 3378 775 3434 et
798 3366 978 3454 dirigendae
1002 3367 1104 3454 potins
1129 3366 1213 3432 navis
1237 3385 1329 3432 cansa

151 3510 243 3577 quam
260 3492 394 3578 agendae
409 3491 585 3559 adhibetur.
613 3493 658 3556 lta
674 3491 766 3557 sentit
782 3488 922 3557 Sohelier
938 3490 990 3576 (de
1007 3491 1108 3554 Melit.
1123 3510 1212 3571 aaa,
1230 3488 1272 3556 V.
1292 3490 1327 3567 ᾖ,

150 3613 233 3702 apud
250 3616 414 3682 Fasciolati
433 3615 521 3684 adh.
542 3623 597 3704 u),
618 3625 742 3682 secutos
761 3613 835 3680 lsid.
854 3613 912 3681 Or.
932 3614 1011 3679 XlX
1031 3637 1039 3678 ι
1059 3617 1092 3681 5.
1112 3615 1181 3679 lloe
1195 3613 1329 3679 veluma

153 3825 348 3834 m...—

184 3955 249 4022 ¹)'ln
275 3957 391 4023 antiquis
416 3956 528 4008 navibus
553 3957 615 4008 bina
641 3961 717 4009 erant
761 3955 829 4006 sario
846 3936 953 4017 ζευξις,
973 3955 1106 4005 iunctura.

148 4038 339 4103 gubernacula,
359 4053 441 4090 unum
454 4039 481 4088 in
494 4051 585 4102 prora,
605 4039 716 4090 alterum
794 4045 859 4096 Cum
879 4045 1002 4096 laxantur
1018 4043 1174 4104 eavincula,
1193 4047 1257 4094 tuno
1275 4055 1326 4106 gn-

148 4123 175 4172 in
197 4124 288 4187 puppi.
305 4143 317 4168 «
330 4124 365 4174 Ea
388 4121 565 4187 gubernacula
589 4127 715 4174 annecte·
761 4125 1326 4192 bernaculamultuminaquasdescendunt,

146 4205 244 4257 bantur
262 4208 323 4257 navi
336 4207 446 4258 vinculis
460 4205 633 4272 quibusdam,
647 4220 715 4272 quaa
761 4214 788 4261 et
799 4211 915 4276 pondere
936 4226 984 4264 suo
995 4225 1089 4263 navem
1107 4212 1237 4272 retinent,
1256 4223 1324 4276 quo-

148 4287 190 4338 hic
208 4286 305 4339 Graece
326 4289 407 4340 Lucas
429 4277 601 4364 ζευκτηριας
623 4292 711 4351 vocat,
761 4294 847 4344 minos
871 4309 887 4346 a
908 4297 993 4348 ventis
1022 4297 1163 4347 evertatur.
1186 4313 1198 4341 s
1220 4294 1325 4347 Grotius

148 4368 256 4421 Latinus
271 4373 421 4434 juncturos,
440 4372 570 4438 quomodo
590 4372 616 4424 in
634 4371 711 4424 Glos·
757 4373 789 4425 ad
804 4373 831 4426 h.
844 4375 863 4426 l.
