3074 5054
174 365 240 433 592
521 363 656 431 ACTUS
690 363 1025 448 urosuotouutt,

174 553 237 621 sint
252 553 422 643 quidquam
440 552 541 621 lacere
556 552 604 620 sui
622 554 731 634 causa,
752 555 870 644 quippe
893 556 946 645 qui
966 577 1026 624 non
1044 546 1238 626 dubitassent
1252 563 1357 626 cnivis

173 680 316 764 periculo
337 688 368 743 et
387 679 469 745 vitoe
490 678 676 742 discrimini
697 699 730 742 ee
746 699 902 761 exponere
918 677 1172 770 (παραδεδωκασι
1188 707 1242 756 τας
1256 681 1358 769 ψυχας

175 803 289 890 αὐτων)
312 814 439 893 propter
460 803 563 869 lesum
589 799 749 868 Christum
774 803 1028 891 praedicandum.
1048 845 1092 854 -
1116 806 1261 874 Misimus
1283 829 1358 890 erpo

174 925 243 1017 (eor
268 927 396 1016 respicit
422 946 470 993 vs.
495 923 549 1005 Eli)
574 924 682 993 ludam
711 935 741 991 et
764 926 878 1007 Silam,
898 928 951 1016 qui
976 927 1067 994 etiam
1092 928 1152 1018 ipsi
1175 931 1283 994 codem
1307 932 1359 1016 (τα

177 1048 271 1136 αντα)
292 1069 372 1138 quae
396 1047 446 1116 his
468 1048 578 1115 litteris
602 1048 812 1128 continentur,
830 1051 932 1116 cerdis
953 1047 1022 1139 (dra
1046 1049 1152 1140 loyen)
1174 1072 1280 1118 coram
1300 1073 1358 1117 on-

176 1170 607 1263 nuocioot(arayyellerrae
630 1172 778 1262 Particip.
806 1175 928 1254 praes,
952 1196 1014 1264 quc
1040 1196 1090 1241 res
1115 1187 1272 1265 tamquam
1296 1176 1357 1242 iam

177 1319 323 1389 praesens
340 1299 502 1386 cogitatur.
523 1300 681 1388 interpres
702 1308 807 1365 noster
829 1298 956 1365 forsitan
980 1298 1052 1389 legit
1074 1300 1278 1389 Partieipium
1295 1303 1359 1368 Fu-

177 1421 238 1489 luri
254 1419 506 1511 απαγγελοντας).

221 1667 367 1735 28—29.
393 1667 505 1732 Visum
532 1678 579 1731 est
606 1669 707 1750 etaim,
733 1677 821 1754 etet.
848 1668 995 1755 Sequitur
1018 1669 1078 1735 iam
1103 1669 1205 1757 ipsum
1226 1670 1358 1737 Concilii

176 1791 363 1860 decretum.
382 1789 537 1856 Particula
553 1812 611 1878 pap
631 1788 691 1856 hoe
708 1790 776 1856 loco
801 1810 862 1856 nou
886 1789 979 1858 habet
993 1792 1055 1859 vim
1072 1790 1277 1882 enrtoieynmr
1293 1794 1360 1860 sive

177 1917 353 1999 correctam,
372 1913 427 1982 scd
446 1912 526 1980 ualet
548 1915 685 1998 seilicet,
704 1924 739 1981 ut
759 1913 870 1981 Matth.
895 1916 998 1983 XlV:
1021 1918 1060 1996 5,
1079 1926 1109 1983 et
1125 1915 1212 1982 alibi.
1231 1916 1360 1984 Videsis

178 2040 218 2108 de
230 2039 289 2107 hac
304 2037 478 2105 Particulae
489 2059 547 2127 pap
561 2038 686 2104 notione
697 2038 793 2103 Klotz
809 2041 850 2103 ed
866 2040 1041 2104 Deooriom
1058 2037 1132 2106 Vol.
1148 2039 1212 2116 lll,
1229 2059 1261 2128 p.
1277 2041 1359 2119 rat,

179 2187 250 2256 sqq.
280 2169 390 2233 Visum
416 2175 479 2245 est,
509 2164 670 2253 inquiunt,
693 2165 839 2248 Spiritui
864 2167 979 2232 Sancto
1005 2177 1034 2232 et
1061 2167 1167 2245 nohis,·
1191 2166 1363 2255 inquibus

177 2290 280 2358 verbis
297 2290 464 2359 notandum
482 2298 546 2369 est,
564 2288 722 2356 decretum
740 2288 800 2358 hcc
817 2290 1030 2380 Apostolicum
1046 2310 1108 2356 non
1125 2299 1243 2356 tantum
1260 2289 1358 2358 tribui

179 2417 309 2508 Spiritui
333 2417 463 2494 Sancto,
489 2415 542 2504 qui
570 2415 762 2504 congregatis
786 2415 953 2483 adstitisset
980 2426 1014 2482 ut
1042 2435 1080 2482 ne
1106 2415 1136 2481 in
1160 2415 1359 2483 decernendo

179 2550 335 2622 errarent,
350 2559 457 2607 verum
475 2539 565 2605 etiam
582 2539 755 2630 Apostolis,
774 2559 828 2606 sua
846 2540 908 2606 illis
924 2560 942 2606 a
958 2538 1083 2607 Christo
1100 2539 1208 2606 collata
1226 2539 1360 2606 docendi

178 2689 214 2736 ac
230 2664 397 2735 deliniendi
414 2674 563 2754 potestate
580 2662 632 2730 hic
648 2664 817 2730 utentibus
837 2663 885 2731 Cl.
905 2666 980 2753 Cep.
1000 2684 1067 2753 seq.
1086 2685 1134 2731 vs.
1154 2668 1187 2732 h.

223 2792 308 2856 nihil
330 2792 436 2871 ultro,
461 2785 550 2874 ete).
576 2787 719 2854 Sensus:
741 2788 859 2854 nullum
880 2786 964 2854 aliud
989 2783 1094 2874 (μηδεν
1111 2784 1214 2871 riser,
1233 2790 1362 2852 uultum

177 2914 331 3001 amplios)
352 2912 442 2979 vohis
466 2912 627 3002 imponere
651 2931 729 2978 onus
754 2922 876 3001 praeter
896 2910 973 2980 haec
996 2912 1189 2993 necessaria,
1216 2910 1365 2979 uidelicet

179 3075 342 3089 ..an—no·-

211 3176 231 3242 ¹)
248 3177 318 3227 Bene
337 3173 460 3225 Fassinus
478 3170 606 3238 (Epitome
624 3170 745 3224 Chrono-
791 3171 910 3238 specialis
937 3171 1083 3224 assistentia
1111 3171 1226 3237 Spiritus
1254 3170 1364 3232 Sancti,

175 3252 598 3323 logo-uheologo-Geographiea
625 3252 746 3306 historiae
792 3257 906 3306 mentem
927 3253 1067 3315 Ecclesiae,
1087 3252 1113 3302 in
1130 3252 1244 3305 Concilio
1265 3253 1292 3303 in
1309 3266 1364 3305 no-

178 3352 276 3392 sacrae.
288 3338 360 3389 Tem.
375 3337 408 3387 lll
420 3336 452 3388 ad
465 3350 563 3387 annum
576 3334 623 3388 Ch.
635 3337 676 3386 ht.
694 3335 746 3387 hr—
792 3339 863 3388 mine
885 3337 955 3387 illius
976 3338 1161 3400 congregatae,
1187 3335 1366 3387 illuminantis

178 3421 257 3474 ticnlo
279 3420 332 3483 lli:
355 3418 589 3484 ‹1Nnta‚inquit.
614 3418 745 3484 praemitti
791 3433 822 3472 ae
843 3419 980 3484 dirigentis
1002 3418 1028 3468 in
1055 3416 1224 3469 eliormandis
1249 3417 1366 3471 decretis

178 3505 281 3557 decreto
299 3501 498 3569 praeambulum
511 3518 518 3554 z
535 3500 624 3553 Visum
638 3506 675 3552 est
687 3500 746 3566 Spi·
792 3503 853 3554 lidei
865 3506 891 3554 et
903 3514 1014 3553 morum.
1027 3500 1056 3551 ln
1068 3499 1184 3552 secundo
1196 3505 1285 3551 autem
1297 3514 1363 3553 casu

179 3589 245 3641 ritui
252 3587 364 3648 Sancto,
377 3585 448 3652 quod
457 3585 554 3638 iactum
567 3598 620 3637 uon
632 3588 672 3636 est
682 3587 746 3636 dnm
791 3584 916 3650 agebatur
928 3583 1066 3634 dumtaxat
1075 3581 1107 3633 de
1119 3581 1219 3633 delectu
1232 3583 1363 3647 virorum,

177 3672 299 3736 ageretur
321 3668 410 3734 (supra
437 3681 475 3719 vs.
498 3667 541 3732 ht)
559 3665 592 3720 de
612 3666 747 3718 mittendis
792 3670 840 3736 qui
858 3667 1021 3734 praedictum
1041 3667 1175 3719 decretum
1197 3666 1224 3716 in
1245 3664 1364 3719 Concilio

178 3753 281 3804 nuntiis
291 3751 456 3804 Antiochiam
473 3749 506 3802 ad
524 3749 746 3817 promulgandum
792 3753 932 3805 formatum
945 3751 1078 3803 deferrent
1090 3764 1120 3801 nc
1131 3748 1305 3816 publicarent.
1318 3751 1365 3802 Ad

177 3833 215 3885 ibi
227 3837 255 3885 el
266 3833 293 3884 in
303 3833 360 3885 aliis
374 3834 437 3886 locis
449 3833 629 3884 delermlnalis
639 3831 746 3884 Concilll
792 3835 841 3888 hoo
864 3842 951 3887 autem
972 3833 1117 3884 sufficiebat
1137 3830 1292 3897 prudentiae
1314 3830 1363 3883 lu.

178 3916 322 3968 decretum.
337 3915 477 3968 lllicenim
489 3916 546 3968 sine
557 3915 613 3968 ulle
625 3929 748 3981 praeam-
793 3930 867 3981 men,
880 3929 910 3968 ac
921 3916 1013 3967 notitia
1025 3914 1162 3981 probitatis
1173 3917 1199 3965 et
1210 3913 1365 3967 idoneitatis

178 3998 241 4051 bulo
257 3998 353 4052 dicitur
368 3998 493 4052 :Placuit
515 3998 648 4063 apostolis
663 4005 687 4050 et
703 4013 746 4050 ac·
792 3992 909 4053 virorum
928 3997 1128 4050 mittendorum.
1148 3997 1236 4062 hique
1254 3996 1312 4049 ideo
1327 4000 1365 4049 ad

178 4084 298 4136 trieribus
325 4099 384 4136 com
411 4085 484 4136 omni
510 4083 629 4136 Ecclesia
653 4082 747 4149 eli'perc
792 4085 860 4137 hanc
884 4085 1036 4136 electionem
1060 4086 1113 4134 tota
1135 4081 1248 4133 Ecclesia
1269 4081 1366 4136 hahuit

178 4168 266 4229 viros,
278 4169 327 4219 etc.
347 4167 427 4219 Cuius
443 4166 603 4233 disparitatis
616 4167 681 4219 ratio
692 4168 745 4226 est,
792 4172 882 4220 votum
892 4166 1137 4218 consultatorium...
1148 4167 1255 4216 atvero
1266 4164 1300 4216 ad
1312 4163 1365 4217 de·

178 4247 249 4315 quod
261 4248 289 4300 in
309 4249 394 4315 primo
406 4263 466 4300 casu
478 4249 605 4314 agebatur
617 4248 649 4300 de
661 4251 747 4300 mate·
792 4249 929 4302 cidendam
944 4247 1117 4300 conciliariter
1136 4250 1232 4298 motam
1252 4250 1365 4300 contro-

158 4325 161 4332 '
177 4330 216 4381 ria
228 4329 289 4383 fidei
308 4334 336 4383 et
354 4343 471 4392 ntorum,
486 4332 514 4382 in
530 4344 582 4397 qna
600 4330 747 4382 dirimenda
792 4331 919 4392 versiam,
933 4329 980 4382 soli
1000 4328 1116 4394 Apostoli
1132 4332 1159 4380 et
1172 4328 1293 4396 Episcopi
1310 4328 1365 4382 ha-

178 4413 361 4484 requirehatur
389 4415 515 4481 promissa
540 4428 587 4482 per
615 4415 746 4467 Christum
793 4414 910 4467 buerunt
921 4416 1011 4466 votum
1023 4412 1201 4464 deciduum.»
