3074 5054
171 409 236 477 tot
541 409 673 478 ACTUS
697 408 1025 487 APOSTOLORUM,

393 712 563 786 CAPUT
615 713 865 788 bacillum
917 713 1125 789 NONUM.

173 923 483 988 1666661166166166,
498 925 596 978 Galatia
608 932 634 978 61
646 927 757 993 Phrygia
774 930 932 994 peragratis,
946 930 1076 995 Ephesum
1094 927 1175 987 redit,
1195 927 1240 977 ubi
1253 927 1345 979 incidit

203 1006 232 1056 in
251 1008 321 1058 viros
341 1009 481 1073 quosdam,
493 1009 648 1075 baptismate
669 1010 771 1062 loannis
788 1015 888 1061 tantum
906 1011 1063 1077 baptizatos;
1077 1009 1121 1060 sod
1133 1009 1165 1059 ab
1179 1009 1222 1059 illo
1236 1010 1343 1068 moniti,

205 1104 265 1142 mox
278 1092 371 1144 Christi
383 1094 511 1160 baptismo
523 1095 641 1146 mundati
653 1099 723 1148 6661.
738 1096 833 1158 lidem,
847 1111 929 1162 quum
941 1096 1036 1147 Paulus
1049 1096 1213 1161 imposuisset
1225 1094 1276 1144 illis
1287 1107 1345 1144 ma-

207 1189 270 1235 nus,
284 1175 409 1239 Spiritum
431 1178 554 1230 Sanctum
568 1179 712 1244 recipiunt,
727 1180 804 1245 idque
815 1193 874 1230 oum
887 1180 954 1231 dono
973 1179 1122 1242 linguarum
1136 1179 1163 1228 61
1174 1175 1344 1242 prophetiae,

207 1271 245 1306 vs.
261 1258 334 1309 1-8.
353 1259 447 1324 Ephesi
459 1260 596 1326 Apostolus
613 1275 660 1334 per
671 1264 723 1312 tres
735 1275 836 1312 menses
851 1260 925 1312 docet
936 1262 962 1310 in
976 1273 1120 1324 synagoga3
1135 1258 1181 1309 sed
1194 1257 1302 1324 posthac
1313 1259 1345 1310 ob

208 1338 392 1391 nonnullorum
404 1342 573 1406 pervicaciam
593 1346 692 1394 mutato
710 1344 853 1404 auditorio,
866 1358 913 1409 per
928 1345 1064 1396 biennium
1083 1343 1205 1407 deinceps
1220 1343 1247 1392 in
1259 1341 1346 1394 schola

207 1420 353 1483 cuiusdam,
371 1424 475 1475 nomine
494 1425 623 1490 Tyranni,
637 1426 805 1490 Evangelinm
827 1426 971 1492 praedicat,
985 1426 1200 1491 praedicataeque
1213 1425 1346 1476 doctrinae

206 1505 341 1557 veritatem
361 1507 498 1559 confirmat
516 1509 597 1560 multa
618 1508 743 1574 patrando
766 1510 903 1570 miracula,
925 1513 951 1560 61
970 1509 1002 1560 ad
1022 1510 1211 1561 invocationem
1233 1509 1346 1558 nominis

208 1589 265 1640 lesu
276 1590 384 1655 spiritus
393 1604 505 1657 nequam
516 1606 530 1643 6
541 1592 692 1658 corporibus
705 1594 866 1645 obsessorum
878 1595 1016 1656 eliciendo,
1029 1608 1067 1644 vs.
1082 1593 1173 1644 9-13.
1188 1593 1287 1644 Imitari
1299 1592 1347 1644 hoc

207 1674 310 1723 tentant
320 1672 415 1724 Scevae
429 1674 513 1725 ludaei
525 1675 658 1726 cuiusdam
668 1676 729 1737 tilii;
742 1676 811 1741 quod
825 1679 854 1728 ut
866 1676 916 1727 illis
928 1676 993 1726 male
1004 1675 1081 1737 cedit,
1095 1676 1132 1726 sic
1143 1674 1248 1726 aliisest
1259 1675 1345 1730 saluti.

207 1769 245 1806 vs.
259 1755 363 1806 tt-ao.
378 1757 421 1807 His
437 1757 471 1808 ita
489 1759 580 1821 gestis,
593 1759 688 1809 Paulus
706 1759 841 1810 constituit
859 1759 969 1810 transire
981 1758 1155 1810 Macedoniam
1168 1762 1195 1808 61
1206 1757 1345 1817 Achaiam,

209 1837 302 1889 deindo
321 1838 449 1903 proticisci
466 1839 682 1905 Hierosolymam,
696 1844 721 1891 61
738 1855 814 1905 porro
832 1842 909 1892 etiam
928 1839 1035 1891 Romam
1053 1839 1150 1890 videre.
1169 1839 1266 1904 Ephesi
1283 1838 1345 1890 dum

209 1919 294 1971 adhuc
307 1926 430 1984 moratur,
443 1923 576 1986 ingentem
591 1922 732 1973 tumultum
744 1928 834 1974 contra
846 1937 906 1974 eum
924 1923 1036 1974 concitat
1048 1922 1120 1973 saber
1133 1923 1240 1987 quidam
1249 1935 1345 1984 argen-

210 2004 290 2054 tarius
301 2043 307 2064 ,
319 2005 464 2056 Demetrius
477 2005 596 2066 nomine,
610 2005 655 2070 qui
669 2004 885 2070 apraedicatione
903 2004 1034 2066 Evangelii
1048 2004 1150 2069 opificio
1163 2018 1209 2055 suo
1228 2003 1345 2065 timebat,

210 2085 308 2151 quippe
317 2087 362 2152 qui
371 2092 506 2152 argenteas
519 2088 613 2138 Dianae
631 2087 776 2154 Ephesinae
793 2087 923 2139 aediculas
939 2085 1086 2138 conficeret.
1100 2087 1174 2137 Hunc
1187 2086 1345 2146 tumultum,

209 2169 282 2220 irrito
301 2174 392 2222 conatu
411 2172 438 2221 in
457 2171 565 2222 Paulum
582 2172 738 2223 concitatum
750 2211 756 2233 ‚
768 2173 932 2235 magistratus
949 2171 1044 2236 aliquis
1060 2170 1219 2236 EphesinuS,
1231 2173 1347 2223 oratione

209 2249 241 2302 ad
255 2253 456 2305 tumultuantem
469 2255 662 2305 multitudinem
674 2253 761 2306 habita
773 2294 778 2316 ,
792 2255 878 2316 sedat,
892 2269 929 2305 vs.
943 2252 1049 2303 hrt-lt).

226 2457 256 2522 1.
282 2456 724 2540 16616666166161666616
741 2457 854 2538 Apollo
872 2466 950 2520 esset
967 2455 1134 2534 Corinthi,
1153 2455 1243 2544 616).
1262 2457 1346 2522 Dum

178 2579 319 2668 Apollos,
342 2580 372 2645 in
389 2579 537 2647 Achaiam
563 2579 717 2669 profectus
736 2578 827 2667 (Cap.
845 2579 956 2648 XVlll
975 2601 984 2641 ε
1004 2579 1074 2667 17),
1092 2582 1272 2649 versabatur
1287 2583 1346 2648 Co-

179 2702 292 2784 rinthi,
311 2723 389 2791 quae
404 2703 538 2770 Achaiae
554 2703 734 2792 Metropolis
752 2713 815 2780 661,
834 2705 951 2768 occidit
967 2715 1003 2768 61
1017 2705 1157 2787 Poritos,
1177 2704 1346 2792 peragratis

180 2827 271 2894 Asiae
291 2826 421 2894 Minoris
441 2827 616 2914 regionibus
639 2824 870 2915 superioribuS,
896 2825 1054 2914 Ephesum
1078 2832 1216 2907 6661161,
1240 2828 1347 2916 ibique

179 2955 261 3036 [orie
284 2954 404 3045 obviam
424 2954 547 3017 haberet
569 2953 693 3040 (εγενετο
717 2949 840 3014 Παυλον
863 2949 955 3015 611611
978 2976 1028 3014 και
1052 2951 1161 3041 eipso)
1178 2955 1348 3037 discipulos

180 3079 330 3162 quosdam
353 3076 451 3165 (τινας
468 3075 628 3163 phineae).
658 3078 779 3142 111666
805 3076 863 3142 nisi
888 3077 1010 3141 loannis
1035 3076 1186 3164 baptismo
1204 3078 1346 3166 baptizati

134 3232 135 3237 1
181 3199 300 3266 1661661
323 3199 381 3280 (16.
400 3199 451 3284 5);
476 3200 590 3290 Ρ66166
612 3210 730 3277 autem,
752 3198 1347 3279 6666166616,611611616161,6661661

182 3320 296 3388 Christi
314 3322 465 3410 baptismo
480 3321 577 3389 luisse
600 3321 778 3402 mundatos,
797 3331 830 3387 ut
842 3342 880 3387 ex
896 3321 1132 3410 interrogatione
1148 3323 1214 3389 eius
1230 3322 1293 3410 (vs.
1313 3323 1349 3408 1)

183 3444 290 3533 liquet.
306 3445 443 3512 -Solet
466 3447 565 3513 Lucas
590 3446 722 3532 μαθητας
746 3444 937 3528 (discipulos)
961 3465 1157 3522 moecenas,
1185 3446 1236 3534 qni
1256 3445 1348 3512 fidem

184 3568 388 3637 Christianam
417 3570 564 3659 professi,
595 3591 650 3658 per
677 3570 825 3658 Eaptismi
854 3581 1077 3635 sacramentnm
1102 3568 1348 3634 Christianorum

183 3695 283 3762 coetui
308 3696 413 3763 inserti
430 3708 516 3776 sunt;
536 3695 590 3762 sed
603 3695 661 3762 hoo
678 3696 744 3762 loco
768 3698 996 3779 discipulorum
1011 3715 1121 3761 nomen
1139 3694 1240 3760 latiori
1258 3715 1347 3761 66666

184 3818 335 3889 adhibuit.

231 3945 301 4014 Vox
324 3943 524 4018 1116116ςί6
546 3954 653 4032 quarto
675 3946 755 4010 Casu
771 3954 817 4011 est
837 3955 867 4011 et
890 3941 1040 4009 Auollov
1060 3954 1089 4008 61
1112 3938 1265 4023 Απολλω;
1296 3941 1349 4007 sed

184 4068 260 4137 haec
286 4068 384 4136 forma
410 4068 565 4157 antiquior
588 4078 651 4148 est;
678 4087 744 4134 earn
768 4067 908 4136 adhibuit
930 4067 1135 4146 1166611166,
1161 4064 1214 4132 ubi
1244 4067 1346 4135 dixit:

184 4221 201 4270 η
218 4190 503 4275 Αθω,ηΡ616611·
523 4213 562 4259 ex
583 4212 644 4280 quo
660 4192 810 4279 Virgilius
830 4220 837 4260 :
857 4205 911 4259 661
934 4194 1016 4259 Atho
1034 4203 1089 4258 661
1104 4193 1288 4275 Illtodopeh.
1311 4232 1347 4240 —

183 4321 341 4406 Frequens
365 4327 410 4384 661
433 4316 515 4405 apud
542 4317 656 4384 Lucam
682 4316 826 4403 Syntaxis
853 4318 937 4384 verbi
966 4340 1076 4407 εγενετο
1102 4337 1172 4382 eum
1201 4328 1347 4406 sequente

184 4442 338 4525 Infinitivo
363 4452 393 4509 61
408 4441 590 4510 Accusativo
613 4440 763 4507 Subiecti.
785 4439 866 4508 Vide
888 4460 982 4529 supra
1006 4440 1044 4507 ad
1067 4441 1143 4528 Cap.
1164 4440 1209 4507 lV
1229 4460 1236 4502 :
1257 4442 1288 4506 5.
1307 4476 1348 4487 -
