3074 5054
484 366 622 434 CAPUT
660 366 758 447 xlx,
794 365 915 433 VERS.
955 367 1053 432 1-5.
1292 361 1358 429 tttt

189 556 344 645 Ephesum
361 576 504 623 reversus
520 568 567 623 est
581 556 710 638 Paulus,
729 567 763 624 ut
779 556 941 646 promissis
960 555 1024 622 suis
1044 555 1131 644 (Cap.
1147 555 1256 622 XVlll
1273 579 1281 621 ε
1296 552 1356 641 dl)
1448 623 1454 637 p

188 690 289 747 staret.
316 719 359 729 -
380 682 425 744 Τα
449 702 615 771 contepmta
643 703 734 770 μερη,
756 689 867 763 partes
891 681 1088 762 superiores,
1117 675 1246 745 Graccis
1270 651 1358 742 erunt

187 804 254 871 illae
269 804 362 872 Asiae
386 804 517 873 Minoris
534 804 693 891 regiones,
712 822 790 890 quae
806 801 945 868 iacebant
960 821 977 867 a
993 802 1071 868 mari
1090 803 1192 889 Aegeo
1210 800 1356 866 remotio-

160 949 162 953 ·
187 950 250 1010 res3
268 929 351 997 unde
367 950 384 996 e
400 940 505 996 contra
521 950 600 1018 qnae
624 928 697 996 huic
717 929 792 995 mari
810 926 1008 1008 adiacebant,
1024 938 1058 994 ut
1075 925 1231 1016 Ephesina
1247 924 1352 1012 regio,

186 1073 221 1113 τα
237 1073 390 1140 κατωτερα
407 1074 499 1142 papa,
515 1064 623 1134 portes
648 1053 828 1134 inferiores,
847 1049 947 1117 dictae
969 1047 1096 1116 luerint.
1114 1051 1214 1116 Lucas
1232 1047 1282 1115 lrio
1299 1068 1356 1137 per

186 1195 222 1234 τα
237 1196 401 1263 cecropiae
422 1197 495 1265 pepo
518 1174 676 1263 speciatim
698 1174 838 1262 intelligit
853 1173 1004 1243 Galatiam
1021 1184 1050 1240 et
1066 1173 1251 1260 Phrygiam,
1270 1171 1352 1259 quod

188 1321 223 1368 ex
239 1303 316 1390 Cap.
335 1302 443 1371 XVlll
462 1322 470 1362 :
490 1303 533 1369 ιδ
550 1300 726 1368 conficitur.

228 1544 328 1610 2-5.
355 1543 504 1628 Dicitque
518 1543 560 1607 od
576 1562 625 1607 cos
637 1564 646 1602 :
659 1541 696 1607 Si
709 1541 870 1624 Spiritum
884 1541 1050 1624 Sanctum,
1066 1540 1153 1621 etc).
1172 1536 1353 1626 Discipulos

186 1664 254 1733 illos
275 1665 408 1746 Paulus,
435 1675 467 1733 nt
490 1664 642 1743 diximus,
662 1685 718 1752 pro
742 1664 853 1731 talibus
876 1662 1026 1743 habebat,
1045 1663 1097 1752 qui
1123 1661 1237 1728 Christi
1249 1660 1352 1738 ,fidem

186 1789 333 1880 professi,
351 1789 434 1857 illius
451 1789 602 1879 baptismo
619 1789 679 1855 iam
692 1798 794 1855 essent
810 1789 965 1878 baptizati.
981 1788 1084 1873 Quum
1099 1807 1170 1853 voro
1184 1785 1349 1864 dubitaret,

184 1915 380 1981 collatum-ne
402 1913 464 1980 illis
487 1924 567 1979 esset
591 1914 682 1980 etiam
704 1933 808 1980 sacrae
831 1913 1081 1981 Confirmnticnis
1104 1923 1348 1989 sacramentum,

184 2041 258 2108 dixit
280 2038 319 2106 ad
342 2059 394 2105 eos
416 2059 423 2100 :
443 2041 529 2107 Num
553 2045 601 2131 (et)
619 2049 788 2124 postquam
810 2041 994 2115 credidistis
1010 2040 1100 2125 (dor.
1124 2034 1351 2124 πιστευσαντες)

182 2164 203 2230 i.
230 2183 258 2230 e.
285 2162 355 2228 lacti
376 2163 449 2230 estis
473 2161 657 2243 Christiani,
678 2163 836 2247 Spiritum
859 2163 1010 2230 Sanctum
1037 2163 1224 2246 accepistis?
1252 2162 1350 2250 (Lege

182 2288 260 2354 inira
282 2307 328 2353 vs.
354 2289 392 2364 6,
416 2299 446 2353 et
468 2286 574 2353 conler
597 2307 676 2376 quae
698 2288 869 2354 notavimus
892 2287 931 2354 ad
956 2289 1032 2376 Cap.
1056 2287 1158 2355 Vlll:
1185 2289 1247 2364 l7,
1266 2297 1295 2350 et
1310 2285 1348 2350 ad

181 2411 255 2498 Cap.
271 2411 300 2475 ll
316 2435 323 2475 :
343 2410 388 2492 i).
412 2411 471 2476 Illi
494 2431 567 2475 oero
584 2409 627 2497 (ci
643 2406 686 2496 de)
710 2413 862 2477 dixerunt
878 2413 919 2478 od
942 2432 1012 2476 eum
1030 2436 1039 2474 :
1056 2413 1100 2477 At
1116 2433 1154 2475 rte
1170 2411 1349 2505 audivimus

181 2535 320 2616 quidem,
335 2555 377 2598 on
393 2537 435 2598 sit
450 2535 594 2617 Spiritus
610 2535 744 2601 Sanctus
761 2534 806 2625 (ol
819 2557 853 2602 cr
869 2556 924 2602 een
942 2536 1062 2623 Heilige
1080 2537 1173 2604 Gcest
1196 2533 1344 2623 bestaat)!
1414 2582 1421 2596 .

182 2660 260 2723 Tum
282 2661 402 2724 Paulus
424 2686 433 2723 :
455 2661 499 2725 ln
520 2662 596 2743 quid
614 2660 667 2745 (εις
688 2658 727 2737 τι)
751 2682 822 2745 erpo
844 2659 924 2741 (ooo,
948 2662 970 2727 i.
990 2681 1018 2727 e.
1045 2681 1142 2749 quum
1166 2657 1204 2725 de
1225 2659 1343 2746 Spiritu

180 2779 289 2845 Sancto
317 2779 394 2846 nihil
422 2781 656 2871 intumueritis),
681 2784 797 2872 inquit,
823 2784 976 2866 baptizoti
1007 2785 1102 2850 estis?
1126 2783 1187 2848 Cui
1210 2784 1260 2848 illi
1278 2803 1285 2844 :
1305 2784 1347 2847 In

179 2903 330 2984 Ioannes,
348 2904 508 2993 inquiunt,
527 2907 685 2991 baptisma
701 2909 749 2988 (εις
765 2932 798 2971 το
812 2909 943 2971 Ιωαννου
958 2904 1145 2995 βαπτισμα).

224 3028 315 3113 Quod
340 3041 386 3096 cst
408 3031 439 3095 in
456 3031 586 3118 Vulgata
603 3033 752 3121 scriptum
770 3037 805 3098 in
821 3054 897 3119 quc,
920 3032 1103 3100 sumendum
1120 3032 1152 3099 id
1176 3042 1222 3099 est
1238 3053 1298 3099 nco
1316 3033 1346 3097 in

181 3152 351 3232 lilasonlinc
373 3153 513 3234 Genere,
532 3154 587 3221 sed
609 3155 639 3220 in
664 3158 804 3236 Neutro,
825 3177 920 3244 quum
937 3158 1055 3225 Graece
1079 3156 1198 3223 dicatur
1226 3176 1285 3222 non
1308 3179 1348 3230 εις

180 3298 246 3337 τινα
270 3275 324 3342 sed
339 3299 379 3351 εις
395 3302 436 3344 τι.
463 3280 501 3344 Ει
525 3280 639 3347 rectius
665 3282 819 3369 interpres
843 3294 946 3349 noster
962 3281 1140 3365 scripsisset
1157 3285 1191 3348 in
1207 3286 1348 3369 puid‚'ot

181 3419 252 3465 mcx
264 3404 321 3486 (vs.
341 3402 377 3489 5)
394 3406 428 3468 in
444 3405 579 3470 loannis
602 3407 779 3490 baptismo;
797 3426 866 3474 nam
884 3407 914 3472 in
939 3419 1071 3496 utroque
1092 3407 1160 3474 loco
1177 3421 1223 3473 est
1239 3429 1300 3474 troo
1317 3429 1346 3471 εν

177 3545 251 3631 Ὶοιιιιι
274 3525 404 3604 Datino,
430 3529 483 3596 sed
499 3552 539 3604 εις
555 3550 626 3597 oum
643 3532 839 3599 accusativo.
865 3534 1113 3622 Praepositiones
1136 3545 1236 3600 autem
1261 3557 1302 3607 εις
1318 3547 1348 3600 ct

179 3674 207 3714 εν
225 3653 339 3741 passim
356 3653 480 3722 alteram
498 3676 554 3752 pro
571 3656 664 3724 altera
686 3659 778 3746 poni,
797 3657 872 3725 salso
897 3659 1052 3726 statuitur.
1071 3659 1168 3736 Vide,
1183 3659 1208 3725 si
1227 3659 1344 3747 placet,

180 3795 258 3863 quae
274 3774 353 3842 hanc
368 3777 399 3842 in
416 3798 480 3844 rem
498 3780 669 3847 notavimus
692 3781 723 3846 in
744 3782 964 3847 commentario
982 3783 1012 3848 in
1031 3780 1199 3870 Epistulam
1216 3779 1254 3847 ad
1270 3779 1345 3846 Phi·

179 3898 349 3996 lippenses,
374 3899 412 3966 ad
433 3902 508 3988 Cap.
528 3903 581 3970 ll:
602 3907 655 3982 ll,
674 3924 743 3993 pag.
759 3907 814 3972 68.
841 3908 875 3971 ln
901 3904 1086 3972 dictionibus
1111 3917 1210 3972 autem
1235 3900 1344 3988 βαπτι-

179 4020 282 4091 taedet
297 4042 337 4094 εις
353 4045 449 4108 ονομα
464 4047 542 4097 τινος
558 4024 605 4090 vel
622 4048 662 4099 εις
677 4049 762 4108 τινα,
784 4029 937 4096 Graecum
954 4052 993 4102 εις
1010 4028 1197 4095 tantumdem
1213 4028 1293 4095 valet
1308 4049 1344 4095 ac

179 4142 320 4209 Latinum
338 4147 390 4227 tn,
409 4146 435 4210 si
458 4145 542 4213 dicas
560 4169 568 4209 :
588 4152 798 4234 transcriptus
820 4172 889 4215 sum
911 4173 938 4216 ιιι
963 4173 1075 4216 nomen
1096 4153 1285 4239 Pouli5quo
1302 4152 1344 4218 si·

177 4268 340 4355 gnificatur
367 4283 396 4337 te
422 4296 486 4339 csse
511 4277 612 4341 Poulc
631 4279 812 4362 addictum,
839 4280 941 4343 Paulo
968 4282 1202 4364 mancipatum,
1229 4291 1257 4344 tc
1281 4301 1345 4346 esso

177 4392 285 4458 ,Pauli
311 4397 423 4484 ltaque
439 4397 585 4487 baptizari
612 4404 646 4466 in
666 4423 778 4466 rtomen
798 4405 989 4487 coirtspiam,
1015 4402 1063 4469 uel
1085 4406 1119 4468 iu
1141 4406 1340 4489 prtempiom,
