3074 5054
188 371 255 439 tot
526 368 662 436 Actus
691 369 1026 451 APOSTOLORUM,

186 554 293 648 γελλον
312 554 374 622 δεῖν
403 580 512 632 αυτους
535 580 702 663 perornata,
728 570 762 628 ul
785 558 861 628 adeo
883 562 1308 663 Auousatnus‘npuoooowe
1331 563 1372 632 ad

186 707 295 760 αυτους
312 683 475 751 referatur.
494 682 542 750 Cl.
562 682 643 752 diota
656 703 751 774 supra
767 683 805 752 ad
822 687 899 775 Cap.
917 688 997 757 XlV
1017 716 1024 753 ε
1046 690 1098 756 ll.

229 931 377 999 al-at
402 930 492 996 Hueo
515 931 660 1015 loquente
684 951 736 1013 eo,
762 928 848 1011 eto).
868 931 972 1016 Quum
990 931 1060 998 talia
1089 932 1203 999 Paulus
1228 953 1292 1018 pro
1320 935 1374 998 sui

77 1142 81 1152 Ι
183 1057 367 1141 defensione
387 1058 506 1122 diceret
528 1052 797 1145 (απολογουμενου.
822 1055 973 1145 Partiolp.
994 1051 1209 1140 imperfecto),
1237 1058 1368 1135 FestuS,

184 1179 234 1245 oui
252 1176 329 1245 haee
353 1188 459 1266 utpote
484 1176 608 1246 ethnioo
633 1177 835 1245 deliramenta
857 1178 911 1266 (ol.
936 1181 948 1245 l
972 1179 1114 1247 Corinth·
1138 1181 1215 1269 Cap.
1241 1181 1255 1246 l
1279 1204 1287 1247 ε
1309 1179 1372 1266 25)

182 1302 379 1388 ridebantur,
404 1302 556 1371 dicentem
586 1304 770 1393 interrupit,
795 1305 872 1372 elata
894 1325 970 1372 voce
992 1305 1037 1372 illi
1061 1304 1258 1373 acclamando
1284 1332 1292 1374 :
1317 1308 1371 1373 ln-

182 1430 292 1511 sanis¹,
317 1449 335 1495 o
351 1428 464 1497 Paule!
487 1439 517 1495 te
533 1426 628 1496 multa
650 1439 701 1496 tna
717 1427 890 1497 litterarum
906 1427 1007 1497 studia
1023 1428 1061 1498 ad
1074 1430 1224 1497 insaniam
1241 1428 1372 1518 adigunt

61 1594 63 1597 v
180 1551 301 1643 (sanam
319 1553 373 1621 tibi
389 1563 523 1620 mentem
541 1552 706 1641 eripiunt)l
726 1553 783 1620 Cui
800 1552 916 1620 Paulus
936 1577 944 1619 ε
964 1553 1032 1620 Non
1050 1553 1190 1634 insanio,
1209 1564 1369 1641 praestan-

179 1678 299 1746 tissime
326 1680 434 1759 Festa,
465 1675 520 1745 sed
543 1677 679 1745 veritatis
700 1688 730 1744 et
753 1699 850 1744 suone
878 1681 995 1745 mentis
1022 1676 1240 1769 (σωφροσυνης)
1270 1677 1367 1745 verba

180 1804 327 1893 eloquor;
347 1813 378 1870 et
397 1813 506 1869 testem
522 1803 646 1887 appello
663 1823 781 1886 nepem.
804 1802 897 1869 Novit
919 1805 1003 1869 enim
1024 1799 1105 1892 (pap)
1129 1802 1185 1869 ista
1205 1801 1367 1892 Agrippa,

178 1925 328 2015 adquam
351 1924 421 1993 ideo
444 1926 555 2004 etiam,
580 1926 708 1993 minime
732 1937 875 1994 mutuens
899 1937 934 1993 ut
950 1946 1000 1994 me
1017 1946 1073 2015 pro
1098 1926 1206 1993 insano
1233 1925 1367 2009 habeat,

179 2052 293 2133 fidente
309 2053 418 2117 auimo
437 2048 747 2140 (παρρησιαζομενος,
772 2069 847 2117 aveo
863 2049 1041 2131 assuraneu)
1058 2050 1182 2138 loquor,
1208 2061 1367 2139 tamquam

180 2174 220 2244 ad
237 2195 306 2242 eum
321 2176 373 2264 qui
391 2175 451 2243 soit
467 2195 517 2242 me
533 2195 604 2242 vera
621 2174 742 2256 dioere3
762 2194 832 2242 nam
852 2174 1040 2264 persuadere
1056 2173 1133 2242 milri
1156 2195 1216 2241 non
1237 2194 1368 2263 possum

178 2299 230 2390 (on
254 2299 425 2390 πειθομαι),
445 2320 516 2367 eum
539 2299 634 2366 latere
662 2296 831 2386 quidquam
855 2319 982 2376 eorum,
1013 2318 1092 2387 quae
1120 2318 1230 2380 narro;
1262 2320 1366 2389 neque

179 2425 260 2492 enim
279 2445 328 2491 res
344 2423 462 2512 (rouro)
480 2424 509 2490 in
530 2423 642 2511 angulo
660 2433 762 2510 gestae
782 2433 873 2503 sunt,
895 2421 951 2488 sed
965 2422 1220 2509 Hierosolymae,
1238 2423 1271 2489 in
1290 2445 1366 2514 pro-

179 2548 301 2635 patulo.'
316 2545 480 2615 Fidem-ne
498 2546 609 2625 habes,
629 2567 685 2613 rex
701 2547 858 2635 Agrippa,
879 2545 1067 2635 Prophetis?
1090 2548 1169 2614 Novi
1188 2559 1216 2615 te
1233 2546 1363 2617 habere.

225 2670 340 2737 Paulus
358 2681 464 2739 testem
483 2671 618 2760 appellat
646 2690 749 2758 regem
777 2671 987 2759 Aggrippam,
1017 2670 1183 2749 ludaeum,
1214 2681 1247 2738 ut
1271 2675 1365 2741 Festo

178 2797 311 2888 praesidi
330 2797 453 2886 probet,
471 2817 505 2865 se
522 2797 650 2865 minime
671 2797 819 2863 insanire.
839 2798 951 2878 Reete;
977 2818 1047 2865 nam
1067 2819 1169 2886 regem
1187 2798 1283 2868 latere
1301 2822 1363 2869 non

178 2932 319 3012 poterant
339 2943 388 2990 res
407 2924 479 2989 lesu
499 2921 667 3001 Nazareni3
691 2941 825 3009 eumque
847 2920 928 2988 idem
952 2920 1076 3007 legisset
1099 2942 1223 3011 qnoque
1246 2925 1364 3014 scripta

178 3044 423 3135 Prophetarum,
441 3044 564 3113 diffiteri
587 3029 647 3111 non
665 3055 803 3133 poterat,
822 3065 930 3113 eorum
953 3046 1095 3113 ratioinia
1113 3047 1182 3114 lesu
1201 3048 1362 3118 Nazareno

177 3170 355 3237 convenire.
386 3167 448 3236 Sed
471 3167 602 3235 alterum
631 3166 691 3234 hoo
717 3181 931 3259 argumentum
963 3170 1079 3238 Paulus
1107 3170 1227 3260 profert
1256 3173 1359 3262 ipsum

176 3292 345 3382 Agrippam
359 3292 405 3359 sie
419 3289 641 3379 interpellando
657 3314 665 3357 :
680 3293 861 3373 Fidem-ue,
877 3293 989 3383 inquit,
1003 3296 1107 3378 tobes,
1123 3296 1358 3383 reaAprr‘ppn,

179 3415 371 3502 Prophetis?
387 3417 473 3484 Novi
488 3426 516 3480 te
528 3417 659 3483 lrolrere.v
672 3417 741 3502 Qua
758 3417 1004 3506 interpellatione
1020 3419 1113 3486 simul
1130 3419 1195 3486 vult
1211 3419 1361 3489 inducere

174 3559 278 3627 regem
293 3537 331 3606 ad
348 3537 576 3626 agnoscendum
598 3539 628 3604 in
647 3540 717 3606 lesu
733 3540 892 3608 Nazareuo
917 3543 1105 3631 promissum
1130 3543 1291 3612 Messinm.
1316 3581 1358 3593 —

175 3664 224 3730 De
239 3683 315 3731 rooe
330 3668 611 3756 παρρησιαζομενος
624 3665 693 3733 vide
709 3685 806 3751 supra
822 3666 862 3733 ad
873 3668 950 3757 Gap.
971 3670 1018 3736 lX
1037 3671 1116 3736 227.

220 3907 366 3975 28—29.
390 3908 538 3993 Agrippa
555 3920 678 3994 nutem,
699 3909 786 3992 ete).
806 3909 944 3999 Agrippa
965 3923 1070 3978 nutem
1087 3906 1143 4004 (de)
1160 3932 1257 4000 quum
1279 3912 1358 3981 hano

175 4028 263 4095 Pauli
288 4030 579 4120 interpellationem,
609 4033 793 4123 praesertim
818 4033 848 4099 in
872 4032 924 4100 illa
947 4032 1108 4102 homiuum
1137 4055 1251 4102 oorona
1276 4037 1357 4123 (vide

175 4153 251 4241 Cap.
271 4153 365 4223 XXV
392 4180 400 4223 ε
424 4153 479 4237 25)
495 4175 587 4244 aegro
611 4154 721 4238 ferret,
747 4166 782 4225 ut
805 4176 844 4223 ne
859 4155 1018 4225 rideretur
1046 4158 1147 4226 minus
1175 4159 1296 4228 alienus
1319 4158 1357 4226 ab

208 4417 228 4484 ¹)
240 4418 268 4470 S.
280 4417 371 4485 Chrys.
383 4419 456 4472 Hom.
468 4419 604 4473 otinAot.
618 4403 742 4493 Θυμου,
761 4421 862 4488 inquit,
881 4428 916 4482 nr
932 4431 983 4470 και
1003 4430 1090 4498 οργης
1106 4406 1123 4483 ἡ
1141 4431 1235 4499 pann.
