3074 5054
61 383 63 386 ’
181 372 244 440 158
516 370 652 448 herus
688 381 1023 462 apostotorum,

126 582 129 589 ·
177 579 265 640 rum,
294 561 368 650 quia
395 562 441 629 eis
474 564 641 634 obiiciebat
668 580 828 657 peceatum
862 570 1098 658 gravissimum,
1128 572 1212 660 quod
1239 573 1360 641 scilieet

176 681 336 753 Christum
348 685 546 756 occidissent.
564 692 610 758 Ne
623 712 695 780 ergo
708 693 775 761 eius
789 694 911 762 reniam
924 695 1101 784 desperent,
1115 698 1239 778 asserit,
1253 699 1358 766 Deum

177 827 233 896 per
257 807 417 877 Christum
434 812 537 879 omnia
553 815 679 884 omnino
702 829 846 905 peccata,
861 819 953 886 etiam
978 818 1039 886 hoo
1062 818 1273 903 Christicidii,
1291 823 1356 901 eis,

176 931 202 997 si
221 932 397 1020 poeniteant
412 945 440 1001 et
457 935 584 1005 credant
600 938 631 1005 in
648 939 827 1022 Christum,
845 941 1103 1009 condonaturum.
1124 970 1137 1000 »

222 1178 278 1244 ta.
305 1188 335 1243 et
359 1199 415 1244 moe
434 1200 543 1245 eumue
566 1189 658 1245 teetee
680 1180 795 1245 borum
818 1181 1003 1265 uerborum,
1028 1179 1122 1270 etc).
1147 1184 1268 1252 Graece
1295 1209 1356 1248 rou

176 1321 320 1389 ρηματων
346 1323 478 1380 τουτων,
504 1300 588 1391 quod
604 1321 643 1368 en
659 1322 745 1370 more
762 1303 908 1393 loquendi
934 1304 1168 1385 Hebraeorum,
1195 1306 1358 1394 quinem-:1

175 1417 295 1509 (uerbo)
307 1423 457 1491 vocabant
468 1446 531 1510 ree,
544 1423 597 1492 hic
609 1423 791 1493 vertendum
802 1436 849 1493 est
863 1450 871 1491 ε
887 1429 1024 1493 istorum
1037 1449 1160 1493 rerum.
1176 1425 1358 1512 Intelligun-

177 1555 228 1612 tur
243 1557 346 1616 autem
362 1549 434 1616 lesu
449 1549 637 1616 resurrectio
661 1559 692 1616 et
715 1549 746 1616 in
770 1550 892 1616 eoelum
908 1549 1088 1635 adscensio,
1103 1570 1235 1639 quarum
1252 1569 1358 1615 rerum

175 1669 316 1758 Apostoli
341 1681 434 1739 testes
450 1671 571 1739 inerant
594 1671 720 1739 oculati.
744 1675 789 1740 Et
803 1673 948 1758 Spiritus
963 1674 1115 1757 Sanctus,
1143 1674 1282 1754 Graece,
1310 1696 1362 1734 και

179 1817 213 1858 το
229 1816 348 1881 πνευμα
365 1790 398 1858 de
413 1819 447 1860 το
464 1795 567 1885 ἅγιον,
589 1795 673 1885 quod
694 1796 875 1865 vertendum
898 1809 945 1865 est
963 1823 972 1865 ε
990 1807 1021 1864 et
1032 1809 1202 1883 praetereo
1216 1797 1362 1881 Spiritus

179 1917 329 1984 Sanetus.
348 1918 397 1984 De
420 1917 520 1986 isthac
546 1919 576 1984 ri
603 1917 778 1986 Particulae
794 1915 826 1983 de
847 1920 919 1987 ride
942 1920 1175 2008 Hoogevenium
1191 1918 1230 1987 ad
1246 1919 1357 2006 Vigor.

177 2041 254 2131 Cap.
268 2042 366 2121 Vlll,
385 2042 468 2110 Sect.
493 2042 591 2123 Vlll,
609 2044 749 2112 XXVll.
768 2045 876 2133 ltaque
899 2064 1010 2112 sensus
1026 2055 1095 2112 est:
1115 2045 1233 2110 Earum
1250 2063 1358 2110 rerum

178 2176 271 2234 testes
287 2187 396 2236 sumus
412 2187 473 2234 non
490 2178 606 2236 tantum
632 2189 705 2249 noe,
724 2168 825 2237 sedet
844 2169 979 2257 Spiritus
995 2169 1143 2261 Sanetus,
1163 2189 1255 2258 quem
1271 2170 1360 2235 Deus

177 2290 262 2360 dedit
283 2292 322 2360 iis
345 2293 497 2359 omullus*
516 2294 568 2382 qui
586 2294 617 2360 in
634 2292 821 2362 admittenda
842 2293 904 2361 lide
920 2293 1035 2361 Christi
1051 2295 1120 2361 Deo
1136 2293 1296 2361 obediunt.
1314 2331 1360 2342 -

180 2415 350 2484 Veritatem
375 2435 500 2497 eorum,
519 2436 598 2505 quae
614 2416 755 2505 Apostoli
779 2416 999 2507 praedicabant
1023 2427 1057 2484 ut
1080 2428 1189 2497 testes,
1207 2426 1360 2483 contesta-

179 2535 269 2605 batur
285 2537 420 2626 Spiritus
443 2537 573 2606 Sanctus
596 2559 652 2628 per
674 2539 757 2606 varia
781 2539 985 2618 charismata,
1012 2551 1045 2608 ut
1069 2551 1141 2630 puta
1161 2540 1277 2607 donum
1300 2539 1360 2605 lin·

177 2682 329 2752 guarum,
344 2662 459 2731 donum
477 2662 675 2752 prophetiae,
694 2663 810 2732 donum
835 2664 983 2731 miracula
1000 2664 1130 2744 edendi,
1145 2684 1224 2754 quae
1239 2662 1360 2730 charis-

177 2800 257 2855 mata
274 2786 431 2877 hpostolis
452 2787 584 2876 aliisque
605 2785 749 2854 fidelibus
769 2787 880 2854 collata
900 2786 1010 2869 luisse,
1029 2808 1079 2855 res
1101 2786 1261 2855 manifesta
1278 2798 1356 2853 erat.

178 2911 227 2978 Gi.
246 2913 307 3000 Ep.
326 2911 365 2978 ad
381 2910 480 2977 Hebr.
499 2912 576 2999 Gap.
595 2912 625 2978 ll
645 2937 653 2978 ι
673 2913 712 2991 5,
730 2913 764 2978 d.

224 3162 280 3229 55.
307 3159 354 3227 hd
373 3159 452 3227 hano
467 3160 551 3228 Petri
576 3159 746 3227 orationem
762 3158 920 3227 debuisset
944 3155 1142 3245 Synedristas
1166 3153 1359 3222 Christicidii

179 3284 228 3351 sui
256 3284 431 3374 poenitero;
461 3283 517 3352 sed
544 3284 594 3352 isti
623 3295 731 3351 contra
758 3279 817 3371 (de)
843 3282 965 3350 animos
992 3280 1174 3360 obfirmant,
1198 3278 1275 3346 adeo
1304 3289 1357 3361 ut,

177 3409 281 3477 andito
310 3430 346 3477 eo
373 3408 458 3475 Petri
478 3428 656 3498 responso,
686 3408 732 3474 ira
759 3406 1024 3496 dirumperentur,
1048 3416 1078 3471 et
1104 3404 1164 3470 iam
1184 3414 1360 3472 statuerent

178 3530 398 3624 (εβουλευοντο)
419 3533 585 3622 Apostolos
609 3533 764 3600 cecidere.
779 3533 905 3599 —Hoc
929 3551 1023 3598 sensu
1045 3524 1230 3615 βουλευομαι
1246 3528 1360 3615 legitur

102 3643 103 3647 Ἰ
179 3655 259 3724 intra
284 3657 361 3746 Cep.
379 3657 504 3726 XXVII
525 3682 532 3724 τ
552 3660 607 3726 59.
634 3655 683 3724 Ad
698 3652 865 3748 διεπριοντο
883 3655 965 3744 quod
980 3654 1105 3734 attinet,
1124 3672 1181 3741 pre
1199 3671 1260 3741 quo
1284 3650 1358 3718 alibi

178 3780 276 3871 (inire
291 3782 369 3871 Cep.
384 3782 445 3850 Vll
466 3808 473 3849 :
493 3783 547 3864 bh)
571 3781 662 3870 plene
677 3780 789 3869 legitur·
805 3776 970 3870 διεπριοντο
993 3803 1061 3852 ταις
1081 3773 1222 3867 καρδιαις
1239 3799 1356 3854 auree,

178 3905 256 3974 illud
277 3907 404 3996 proprie
427 3907 507 3975 valet
529 3908 765 3973 disserebantur
786 3928 890 3973 aereo.
917 3902 1086 3992 «Simplex
1105 3901 1234 3968 verbnm
1257 3922 1356 3989 πριω,

179 4083 350 4093 n·—

211 4186 230 4252 ¹)
247 4185 313 4238 Vna.
334 4199 404 4237 nncr.
426 4185 534 4252 Vulgata
555 4189 645 4239 nostra
665 4185 744 4238 habet
788 4185 897 4251 antiqq.
911 4182 989 4245 ltala,
1003 4181 1117 4247 Syriaca,
1130 4178 1291 4245 Aethiopica,
1309 4192 1359 4231 neo

177 4268 295 4320 Oramus
304 4267 480 4320 obedientibus
492 4269 559 4331 eibi,·
570 4268 616 4320 sed
627 4281 679 4320 vox
690 4282 744 4320 cm·
788 4267 853 4319 lecta
878 4266 928 4318 fuit
951 4265 984 4317 ab
1007 4265 1132 4323 lrenaeo,
1154 4261 1337 4328 Chrysostoom
1351 4301 1357 4322 ,

178 4351 270 4411 nibus,
285 4350 556 4416 quantumvldeo,in
574 4349 745 4403 nullocodioe
789 4348 980 4415 theophylacto
1013 4345 1180 4399 Oeeumenio.
1224 4342 1358 4396 Glossema

179 4445 270 4498 graeco
289 4431 394 4497 legitur.
416 4432 497 4486 Abest
512 4433 632 4491 ¹etiema
658 4433 744 4487 Verss.
791 4433 854 4486 mibi
879 4433 993 4485 ridetur.
