3074 5054
527 387 666 456 CAPUT
700 389 750 466 ll,
787 389 897 458 VERS
932 392 989 459 23.
1310 392 1348 457 dl

177 575 260 642 citae
284 576 450 644 obiectioui
474 576 548 645 huic
567 602 575 644 :
595 578 628 645 Si
645 577 764 666 legatus
780 578 841 645 Dei
860 589 926 647 erat
949 582 1055 662 lesuS,
1073 580 1186 648 mirum
1202 596 1266 661 est,
1285 602 1356 650 eum

178 720 245 767 mou
266 701 404 790 potuisse
428 722 537 769 manus
562 712 683 769 nostras
705 702 848 770 evadere.
866 741 911 752 -
927 706 1038 772 Petrus
1061 724 1134 792 ergo
1158 706 1260 772 lesum
1283 705 1359 773 dicit

177 820 302 888 εκδοτον
330 827 487 906 deditum,
511 828 647 891 bostiam
673 847 805 891 suorum
825 829 976 910 potestati
992 830 1184 911 permissum
1203 853 1240 916 τῃ
1264 831 1356 919 ὡρισ-

180 970 258 1036 μενῃ
280 944 375 1038 βουλῃ
396 973 447 1012 και
469 971 634 1041 προγνωσει
660 973 715 1013 του
743 947 833 1015 Θεου.
860 949 1022 1019 Genilivus
1045 946 1123 1015 Θεου
1146 947 1198 1016 hio
1225 951 1357 1039 pertinet

178 1083 245 1140 lam
260 1072 300 1140 ad
313 1098 350 1162 τῃ
366 1072 517 1165 ὡρισμενῃ
533 1070 629 1163 βουλῃ
644 1093 736 1162 quam
752 1073 791 1141 ad
814 1096 998 1166 rpoyvooet,
1016 1073 1100 1163 quod
1123 1073 1261 1142 absentia
1276 1075 1359 1142 Arti-

180 1195 247 1263 culi
264 1208 333 1264 ante
349 1218 458 1266 vocem
474 1221 642 1290 apopores
659 1198 720 1265 iam
744 1198 878 1279 iudicat,
895 1208 926 1265 et
947 1196 1019 1265 iude
1043 1196 1257 1277 confirmatur,
1276 1197 1359 1286 qubd

180 1321 244 1389 nisi
260 1325 426 1407 definitum
442 1323 518 1390 illud
530 1326 696 1390 consilium
711 1322 750 1390 ad
765 1322 868 1390 Deum
889 1322 1052 1400 reseratur,
1075 1323 1165 1411 plane
1183 1343 1245 1390 nou
1269 1322 1360 1391 habet

181 1465 248 1534 quo
264 1444 426 1514 reseratur.
439 1446 512 1513 Duo
528 1456 630 1512 autem
643 1445 687 1512 illi
711 1445 827 1525 Dativi,
852 1449 1005 1534 ὡρισμενῃ
1022 1442 1118 1534 βουλῃ
1134 1454 1359 1538 depopularet,

131 1604 136 1614 ι
180 1569 294 1634 Datioi
320 1580 410 1649 suut,
436 1581 469 1636 ut
492 1577 628 1650 vocant,
656 1590 788 1636 normae
814 1567 929 1658 (coar,
956 1567 1108 1654 rotperto).
1139 1569 1264 1637 Dicitur
1286 1589 1359 1656 ergo

184 1693 273 1759 lesus
295 1690 347 1759 hio
372 1695 510 1758 traditos
532 1687 665 1783 (εκὸοτος
686 1689 824 1781 deditus)
849 1689 1020 1759 seeundum
1041 1690 1101 1757 Dei
1123 1661 1288 1775 definitum
1310 1690 1363 1782 (τῃ

183 1815 364 1906 ὡρισμενῃ),
383 1816 618 1884 determinatum
638 1815 777 1905 adeoque
799 1814 992 1883 immutabile
1017 1826 1047 1882 et
1070 1814 1276 1883 irrevocabile
1291 1837 1363 1881 eoo-

184 1941 314 2020 sitiam,
339 1938 372 2017 h,
400 1960 429 2006 e.
453 1939 630 2021 decretum,
654 1960 716 2029 quo
740 1959 852 2028 nempe
874 1940 959 2005 Deos
988 1940 1148 2006 Tri-arras
1171 1940 1210 2008 ab
1237 1952 1363 2008 aeterno

185 2065 363 2146 coustituit,
381 2076 415 2133 ut
430 2065 574 2133 Christus
596 2085 654 2154 pro
675 2064 856 2133 redimendo
878 2063 1013 2132 humano
1035 2084 1148 2152 genere
1163 2075 1294 2136 mortem
1311 2084 1364 2155 pa·

186 2199 315 2256 teretur.
341 2191 381 2255 Et
403 2189 517 2274 dicitur
532 2191 620 2256 lesus
636 2184 755 2262 εκδοτος
770 2191 939 2254 secandum
952 2192 1200 2272 praescientiam
1214 2188 1365 2281 (προγνω-

188 2309 251 2396 σει)
267 2311 346 2392 Dei,
361 2323 511 2400 quatenus
528 2312 647 2380 scilicet
662 2312 749 2379 Deus
766 2333 822 2402 per
838 2333 926 2380 suam
942 2313 1188 2383 ontuisoieutiam
1205 2316 1363 2403 prescivit,

187 2433 346 2502 Christum
365 2455 382 2502 a
401 2435 523 2504 ludaeis
540 2437 678 2504 occisum
698 2437 754 2518 iri,
774 2437 800 2503 si
819 2436 932 2505 horum
944 2438 1085 2526 potestati
1103 2439 1360 2528 permitteretur.

233 2561 311 2626 hem
336 2560 383 2627 sic
404 2559 560 2649 concipite
588 2586 596 2628 ε
621 2560 709 2627 Deus
733 2559 772 2626 ab
791 2571 916 2627 aeterno
938 2559 1090 2649 praevidit
1111 2559 1251 2650 adeoque
1268 2584 1363 2647 proe-

187 2683 295 2762 sciot't,
314 2682 341 2749 si
358 2682 517 2750 Christum
542 2683 648 2773 impiis
672 2682 794 2751 ludaeis
815 2680 982 2764 obiiceret,
1001 2703 1135 2772 eumque
1159 2683 1284 2752 illorum
1307 2705 1363 2774 po-

187 2806 286 2887 testati
311 2807 522 2895 permitteret,
554 2807 691 2875 luturum
715 2817 840 2874 esseut
868 2826 939 2874 eum
967 2806 1155 2876 occiderent.
1184 2809 1279 2898 Atqui
1304 2809 1365 2877 hoc

188 2930 365 3018 permittere
392 2929 548 3012 decrevit,
574 2950 698 3019 unaque
725 2932 880 3014 decrevit,
910 2942 944 2997 ut
971 2930 1114 2998 Christus
1141 2951 1209 2998 eam
1233 2942 1364 3000 mortem

188 3064 343 3143 pateretur
358 3075 415 3144 pro
432 3054 612 3123 redimendo
630 3055 717 3144 lapso
729 3053 864 3122 humano
879 3075 1005 3142 genere.
1023 3056 1158 3123 Decreto
1173 3060 1364 3141 permissivo

187 3177 272 3245 Deus
296 3176 456 3246 Christum
483 3179 626 3268 permisit
646 3179 815 3268 impiorum
840 3177 1025 3248 ludaeorum
1046 3181 1207 3268 potestati3
1230 3181 1287 3249 sed
1309 3182 1364 3250 de·

188 3311 271 3368 creto
285 3302 427 3367 absoluto
442 3300 557 3382 voluit,
575 3313 610 3369 ut
625 3301 768 3371 Christus
785 3313 916 3371 mortem
931 3303 971 3371 ab
986 3303 1025 3371 iis
1042 3304 1231 3372 inserendam
1247 3305 1366 3374 subiret

189 3445 244 3511 pro
262 3423 398 3493 humano
415 3444 528 3512 genere
545 3425 709 3507 salvando,
724 3446 763 3493 ex
778 3445 876 3515 eaque
894 3425 1049 3494 voluntate
1064 3437 1264 3517 praeceptum
1280 3426 1365 3496 dedit

189 3545 310 3615 Christo
330 3546 369 3615 de
390 3547 442 3614 illa
463 3556 562 3615 morte
588 3547 760 3616 subeunda.
785 3549 842 3615 Cui
867 3559 1031 3638 praecepto
1059 3548 1202 3617 Christus
1229 3550 1365 3620 obedivit

188 3666 341 3759 (Philipp.
360 3671 390 3736 ll
411 3695 418 3738 :
437 3671 485 3757 8),
503 3670 588 3737 salva
611 3690 667 3738 sua
684 3671 825 3740 libertate
840 3673 943 3762 (ioan.
962 3673 1017 3738 X:
1040 3674 1094 3751 17,
1123 3670 1194 3760 18),
1212 3673 1279 3740 siue
1303 3693 1364 3762 qua

190 3810 248 3857 uon
271 3791 437 3859 meruisset
460 3790 617 3882 (Philipp.
643 3796 702 3860 11:
728 3794 774 3881 9).
805 3796 909 3862 lesum
935 3804 1098 3882 autequam
1126 3793 1361 3882 crucifigerent,

191 3912 292 3981 ludaei
314 3912 457 3983 occidere
472 3935 566 4005 saepe
582 3918 684 3984 conati
701 3927 773 3984 sunt
791 3917 905 3984 lrustra
918 3917 1011 4005 (Luc.
1026 3915 1072 3983 lV
1090 3935 1098 3978 :
1117 3917 1181 3995 99,
1199 3917 1255 3983 50.
1274 3917 1360 3982 loen.

190 4034 264 4102 Vlll
288 4061 296 4103 :
321 4039 382 4118 59,
404 4037 437 4103 Χ
463 4062 471 4105 :
498 4037 568 4124 59),
593 4039 666 4126 quia
693 4038 826 4104 necdum
854 4037 1026 4125 permissus
1049 4046 1113 4102 tum
1138 4045 1203 4102 erat
1221 4036 1362 4123 potestati

189 4156 344 4246 ipsorum,
373 4176 448 4239 seu,
473 4168 507 4225 ut
530 4158 612 4228 idem
640 4155 750 4249 phrasi
770 4157 950 4247 scripturae
973 4155 1094 4234 dicam,
1118 4156 1196 4240 quio
1223 4157 1363 4222 academ

221 4352 240 4416 ¹)
256 4351 321 4403 Vide
331 4349 375 4402 Gr.
390 4365 450 4418 pag.
460 4353 524 4417 til,
536 4367 576 4420 sq.
589 4353 614 4415 3,
626 4352 653 4404 b.
831 4352 851 4418 ¹)
868 4351 907 4406 Cl.
923 4351 1000 4405 Corn.
1016 4364 1032 4402 a
1048 4351 1110 4417 Lep.
1123 4349 1156 4402 ad
1168 4351 1225 4402 dot.
1238 4349 1261 4402 ll
1275 4364 1282 4402 ι
1294 4349 1326 4401 23
1337 4352 1363 4400 et

799 4437 832 4490 lV
844 4438 902 4489 tt&
