3074 5054
465 399 603 470 CAPUT
642 400 717 482 XV,
756 399 879 470 VERS.
918 398 1065 467 50-38.
1270 397 1336 464 395

151 591 266 660 iactum
282 602 343 673 est,
362 589 504 659 ut'ludas
521 588 673 657 Barsabas
690 589 759 657 sine
781 588 895 656 comite
915 584 1165 673 Hierosolymam
1194 584 1335 652 rediret¹.

197 713 302 780 Horam
330 734 440 805 χρονον
462 711 502 780 de
528 715 734 797 traaoipeido
761 723 882 796 tempas
909 712 1057 795 aliquod,
1084 706 1208 797 phrasis
1231 718 1278 775 est
1305 707 1336 774 in

154 835 243 906 libris
269 837 370 906 sacris
390 857 452 904 non
478 834 678 924 infrequens,
704 833 778 916 sed,
804 844 928 901 notante
951 830 1177 907 Valckenario,
1207 830 1337 899 Graecis

158 960 395 1050 elegantioribus
426 958 582 1039 insolens,
613 977 801 1048 quamquam
832 954 1061 1025 Demosthenes
1093 955 1250 1022 invonitur
1277 953 1337 1021 boc

162 1104 248 1153 sensu
269 1084 367 1152 semel
389 1083 506 1153 dixisse
530 1104 625 1149 aorem
644 1105 766 1174 χρονον.
787 1121 831 1134 -
846 1080 1049 1179 Ατςελυθησαν
1066 1103 1139 1171 προς
1156 1100 1337 1167 praeparans

164 1220 205 1276 est
218 1209 348 1279 locutio.
993 1215 995 1218 ⁴
1098 1218 1101 1225 ’

204 1453 257 1523 ab.
284 1454 525 1531 Portunautera
542 1464 571 1520 et
587 1455 770 1537 Barnabas,
795 1450 886 1541 eta).
907 1449 1023 1518 Paulus
1039 1461 1070 1518 et
1085 1450 1243 1519 Barnabas
1265 1461 1339 1518 tnnc

166 1577 307 1668 temporis
335 1575 518 1646 Antioohiae
544 1581 822 1646 commorabantur
842 1572 1020 1667 (διετριβον)
1044 1574 1161 1642 ibidem
1184 1575 1244 1642 unit
1265 1596 1338 1643 cum

151 1696 227 1769 aliis
250 1700 358 1772 multis
378 1702 410 1767 in
426 1701 639 1789 praedicando
663 1700 830 1789 Evangelio
852 1699 1007 1789 occupati.
1025 1697 1152 1766 Scilicet
1168 1717 1277 1786 magna
1293 1697 1336 1765 ibi

146 1818 250 1890 fucrit
264 1823 377 1893 massis
393 1823 548 1893 iacienda.

207 2069 258 2136 56.
285 2069 362 2134 Post
385 2070 505 2154 aliquot
525 2079 631 2135 actem
651 2068 735 2143 dies,
758 2045 1044 2154 etc.).'Postquam
1073 2063 1188 2132 Paulus
1211 2063 1337 2153 aliquod

114 2185 307 2279 [emporis
327 2191 462 2280 spatium
485 2189 670 2259 Antiochiae
691 2189 722 2255 in
747 2187 955 2278 praedicando
981 2186 1145 2276 Evangelio
1170 2198 1338 2276 occupatus

97 2303 373 2402 transegisset,
403 2315 504 2383 bonus
531 2326 636 2404 pastor
661 2313 701 2382 de
726 2311 847 2380 novello
871 2332 928 2379 suo
944 2331 1036 2401 grege
1063 2313 1094 2377 in
1123 2311 1196 2378 Asia
1223 2311 1337 2380 Minori

83 2437 329 2522 &elicitus²
354 2441 439 2509 huno
466 2441 619 2510 revisendi
648 2441 731 2530 cepit
758 2439 938 2511 concilium.
969 2440 1077 2527 ltaque
1099 2436 1177 2504 dixit
1202 2438 1339 2525 collegae
1389 2509 1391 2512 Α

80 2557 215 2631 Quo
230 2566 390 2633 Barnabae
408 2591 417 2634 ε
435 2567 582 2652 Apertam
597 2563 662 2650 (da)
679 2573 869 2632 revertamus
885 2575 917 2632 et
933 2563 1102 2630 invisamns
1124 2561 1339 2652 (επιστρεψαν-

81 2685 205 2764 {aa
229 2689 459 2778 επισκεψωμεθα
487 2695 607 2758 reversi
631 2688 817 2772 inviscans)
847 2689 1046 2756 Christianos
1071 2686 1152 2768 (τους
1175 2682 1339 2778 αδελφους)

90 2811 215 2885 {aar
229 2832 337 2878 omues
353 2815 496 2879 civitates
511 2811 607 2903 (κατα
631 2834 726 2878 racto
750 2809 868 2898 πολιν),
888 2812 918 2878 in
941 2811 1055 2901 quibus
1075 2809 1178 2879 adhuc
1200 2812 1339 2898 Evange-

107 2908 232 3004 hino
248 2937 509 3026 praedicavimus
523 2948 557 3006 ut
569 2936 728 3006 videamus
741 2939 893 3024 'quomodo
906 2959 970 3003 cose
981 2938 1115 3002 babeant
1128 2932 1203 3014 (πως
1216 2935 1338 3023 εχουσι)

130 3061 240 3149 *pund
255 3062 362 3130 attinet
376 3062 415 3130 ad
432 3061 656 3152 professionem
674 3062 746 3133 fidei
763 3063 973 3140 Christianae,
992 3072 1022 3129 et
1035 3062 1114 3128 vitae
1131 3061 1282 3131 rationem
1299 3059 1338 3127 ad

159 3181 252 3253 buius
268 3184 341 3253 fidei
358 3206 498 3256 normam
516 3187 749 3255 instituendam.

202 3309 283 3379 lllud
303 3332 333 3375 eo
356 3315 403 3385 αἱς
428 3309 561 3378 retertur
582 3308 621 3378 ad
643 3332 746 3375 πασαν
770 3306 859 3374 πολιν
880 3329 937 3398 per
957 3318 1145 3377 structuram
1167 3311 1339 3376 secandam

161 3454 296 3501 nonaum.
325 3434 445 3522 Nempe
472 3456 558 3497 πασα
586 3431 673 3507 nola
701 3431 911 3502 Grammatice
940 3432 1065 3521 quidem
1094 3430 1283 3525 dictumest
1306 3431 1337 3497 in

161 3550 343 3642 Siapalari,
362 3556 417 3625 sed
442 3557 540 3645 logice
557 3560 779 3642 pluralitatem
801 3554 905 3622 insert.
932 3531 967 3622 ln
992 3554 1146 3622 locutione
1174 3551 1338 3640 concerpa-

161 3681 234 3766 μεθα
249 3705 318 3756 τους
334 3677 482 3773 adrianae
501 3705 565 3756 πως
589 3704 694 3768 εχουσι
719 3684 866 3748 attractio
891 3677 1040 3769 quaedam
1057 3689 1122 3760 est,
1137 3678 1175 3747 de
1192 3698 1251 3767 qua
1267 3678 1338 3746 vide

160 3804 215 3871 Gr.
235 3823 305 3893 pag.
325 3805 404 3872 alti.
422 3806 456 3872 lo.
474 3804 523 3871 Cl.
543 3805 635 3872 etiam
651 3804 795 3895 Rapbelii
812 3807 940 3872 Annott.
959 3802 996 3870 ad
1014 3802 1048 3869 b.
1069 3802 1090 3869 l.

202 4034 349 4102 57-58.
376 4034 544 4100 Barnabas
560 4045 681 4114 antem,
699 4031 792 4120 etc).
811 4033 932 4103 Placuit
947 4031 1107 4100 Barnabae
1131 4029 1218 4098 Pauli
1236 4029 1339 4098 consi·

161 4280 242 4333 lacn
263 4281 395 4348 variisque
418 4280 580 4350 Minusculis.
601 4281 726 4334 Eamdem
805 4279 824 4344 ¹)
842 4279 878 4331 lta
890 4290 958 4344 quae
975 4279 1003 4329 in
1015 4276 1125 4342 Vulgata
1139 4289 1217 4327 versu
1231 4273 1262 4326 3t
1274 4287 1340 4327 con-

161 4361 294 4416 lectionem
317 4363 444 4416 exhibent
467 4364 591 4428 Vulgata,
607 4364 726 4431 aliaeque
771 4361 899 4424 timentur,
915 4361 940 4411 in
959 4361 1091 4426 plerisque
1103 4359 1241 4414 Codicibus
1257 4359 1341 4412 Grae-

161 4447 281 4514 antiqune
298 4446 441 4499 versiones.
772 4443 1016 4509 cisnonlcgnntur.
