3074 5054
495 370 634 438 CAPUT
659 369 725 449 lX,
763 370 885 438 VERS.
926 373 1024 440 1-9,
1295 376 1354 442 att

179 561 308 647 solymae
332 558 513 647 gravissima
541 577 683 646 quaeque
711 559 850 646 perpessi
876 559 1016 638 lucrant,
1042 558 1182 646 flagella,
1204 558 1352 646 inquam,

178 703 331 764 arcanea,
350 694 481 749 mortem
498 681 632 769 denique
648 682 747 770 ipsam
765 681 821 770 (cl.
838 683 914 769 Cap.
935 683 1012 749 Vlll
1032 701 1040 744 τ
1065 684 1101 762 1;
1122 683 1217 750 XXll
1238 706 1246 748 ι
1264 684 1299 762 l,
1319 684 1352 764 ὃς

178 811 280 878 xxvi
301 835 309 876 2
327 807 468 896 9-17),
484 826 610 896 operam
627 806 665 873 ad
682 806 743 873 hoc
759 818 934 895 praestante
950 807 1107 896 imprimis
1123 808 1236 886 Saulo;
1252 818 1354 875 tamen

178 931 217 998 xcl
234 930 283 998 sic
306 930 444 998 nondum
467 939 674 996 exsaturatur)
702 941 767 996 crat
795 929 901 996 odium
926 930 993 998 eius
1015 932 1045 996 iu
1069 930 1280 1012 Christianos;
1298 932 1354 998 scd

178 1055 271 1119 oddara
298 1053 371 1141 (ετι)
394 1073 432 1118 ex
453 1050 620 1119 ferociente
641 1069 699 1116 suo
723 1061 848 1139 pectore
868 1052 968 1118 minas
990 1051 1180 1139 caedemque
1205 1051 1355 1119 adversus

177 1176 239 1266 (εις)
254 1196 309 1242 eos
324 1174 499 1242 anhelabat.
519 1174 735 1241 —Graecum
752 1195 871 1258 εμπνεω
888 1194 970 1241 nune
987 1174 1025 1241 de
1044 1177 1252 1258 inspirando,
1270 1195 1354 1241 nunc

177 1297 209 1365 dc
222 1301 415 1383 adspirando
431 1297 557 1365 dicitur.
576 1296 750 1376 listellam,
765 1297 817 1365 ubi
832 1298 1046 1387 Compositum
1061 1297 1121 1365 hoc
1134 1321 1254 1384 εμπνεω
1270 1298 1354 1364 aeci·

177 1422 253 1510 pitur
281 1442 338 1510 pro
366 1420 505 1509 Simplici
531 1442 611 1483 arco
634 1418 720 1508 (vide
742 1420 840 1486 Henr.
866 1418 975 1509 Steph.
1004 1421 1034 1486 in
1057 1421 1155 1488 Thes.
1175 1420 1213 1487 ad
1238 1420 1270 1492 h.
1289 1419 1352 1506 v.),

177 1544 253 1632 quod
276 1554 306 1610 et
329 1544 360 1610 in
384 1542 539 1632 praesenti
556 1543 625 1608 loco
643 1542 755 1608 lactum
770 1562 837 1609 esse
855 1553 970 1632 putem.
996 1545 1104 1633 ltaque
1120 1567 1255 1630 εμπνεων
1273 1545 1352 1612 mihi

177 1666 248 1732 uolet
263 1669 411 1750 spirans,
430 1665 464 1732 h.
483 1685 512 1732 e.
530 1667 700 1742 oolooloos,
719 1687 781 1753 quo
798 1686 891 1733 sensu
909 1667 1019 1734 Cicero
1036 1668 1114 1735 dixit
1131 1668 1211 1753 (Cat.
1231 1672 1270 1749 2,
1290 1672 1321 1750 l)
1341 1695 1349 1738 :

178 1789 315 1854 Catilina
330 1789 482 1855 cadelous
495 1788 614 1871 scelas;
630 1797 661 1852 et
676 1786 749 1854 alibi
767 1788 871 1873 (duct.
886 1788 924 1855 ad
943 1790 1018 1867 Her,
1038 1790 1072 1856 d.
1092 1787 1150 1875 55)
1169 1810 1177 1850 t
1197 1792 1351 1855 onlrclooos

176 1932 210 1976 oo
229 1913 293 1976 imo
319 1921 444 1994 pectore
471 1912 702 1975 crudelitatem.
730 1909 848 1977 Eodem
872 1910 963 1978 modo
986 1912 1098 1979 Graeci
1122 1911 1251 1979 verbum
1274 1936 1354 1976 πνεω

176 2035 285 2121 passim
313 2054 385 2100 cum
413 2032 598 2098 Accusativo
627 2043 821 2099 construunt.
854 2033 907 2100 Sic
928 2034 1116 2101 Theocritus
1140 2035 1244 2103 dixit:
1264 2059 1353 2126 φονον

176 2180 320 2236 avocatam
339 2170 369 2224 et
385 2155 553 2245 Euripides
572 2177 579 2219 :
599 2156 692 2241 dapar
715 2177 858 2222 εκπνεων.
877 2156 939 2223 Sed
964 2157 994 2222 in
1018 2157 1191 2225 istiusmodi
1214 2159 1352 2225 oratioue

176 2305 247 2346 πνεω
272 2283 365 2349 etiarn
387 2280 578 2348 construitur
601 2300 672 2347 cum
695 2279 859 2356 Genitivo,
885 2301 977 2368 quern
996 2285 1172 2364 pascitivam
1197 2286 1352 2349 materiae

176 2419 279 2475 vocant
295 2405 509 2476 Grammatioi.
528 2403 610 2473 Vide
626 2403 812 2471 Kiihuerum
828 2403 847 2492 8
864 2406 942 2472 sat.
964 2404 1017 2472 Sic
1032 2406 1257 2495 Aristophanes
1273 2407 1351 2475 dixit

176 2535 291 2623 (Equit.
311 2520 393 2623 555)
409 2555 416 2596 :
435 2557 542 2606 κακιας
557 2556 609 2595 και
625 2554 828 2622 catapersica
844 2555 922 2596 πνει.
942 2533 1011 2600 Alia
1028 2535 1169 2623 exempla
1184 2534 1287 2622 legere·
1303 2547 1351 2602 est

175 2655 250 2744 opud
262 2656 470 2723 Wetstenium
488 2655 541 2744 (ad
559 2654 591 2721 lr.
611 2654 663 2743 1.).
679 2654 804 2742 Belgice
820 2654 873 2722 hic
887 2656 1023 2724 dicerem
1044 2684 1051 2725 ε
1070 2659 1189 2725 Saralos
1207 2681 1269 2739 oa,
1287 2681 1348 2744 oop

175 2783 268 2846 stoods
283 2780 466 2862 bedreipiop
482 2799 520 2842 cn
535 2780 647 2843 oroord
663 2781 842 2858 adamando,
855 2783 932 2863 play
948 2792 993 2845 tot
1008 2784 1069 2847 dcc
1084 2782 1345 2867 Hoopepriostcr,

175 2921 224 2981 on,
246 2913 307 2968 eto.
337 2939 383 2949 —
409 2901 481 2966 Duo
510 2900 677 2989 Participia
704 2924 838 2986 eparcus
867 2915 897 2969 et
919 2901 1091 2994 apocalipsi
1116 2916 1273 2994 ponuntur
1294 2903 1348 2973 hic

175 3025 364 3111 asyndetice3
390 3023 429 3090 de
450 3042 510 3110 qua
532 3023 679 3108 syntaxi,
699 3026 829 3092 Graecis
851 3036 898 3091 sat
919 3024 1090 3113 frequenti,
1109 3026 1179 3094 ride
1195 3029 1254 3096 Gr.
1273 3047 1344 3115 pag.

175 3150 245 3215 575.
261 3151 295 3226 5,
310 3157 340 3213 ct
356 3145 553 3223 Kiihuerum,
571 3144 679 3233 3676.
700 3147 904 3235 Participium
921 3146 1094 3237 προσελθων
1112 3147 1225 3237 pendet
1241 3147 1294 3215 hio
1307 3148 1346 3215 ab

174 3291 300 3354 εμπνεων
323 3281 479 3355 tamquam
499 3268 627 3335 allectus
643 3289 660 3335 a
677 3289 731 3335 sua
756 3288 848 3336 causa
868 3289 875 3331 :
895 3273 972 3354 poio
992 3269 1160 3336 etiamnum
1183 3269 1347 3338 anhelabat

175 3392 309 3471 caedem,
336 3393 405 3456 idco
420 3390 604 3457 Pontificem
620 3391 713 3470 adiit,
733 3403 762 3458 ct
779 3392 885 3479 petiit,
905 3403 966 3457 etc.

211 3641 243 3706 1.
271 3641 315 3705 Et
332 3640 426 3722 potiit
440 3637 477 3701 ob
499 3659 532 3701 eo
555 3636 704 3719 epistolas
719 3639 753 3699 iro
770 3635 961 3701 Damascum
978 3638 1019 3701 od
1034 3635 1232 3721 Spiropopos,
1253 3642 1341 3725 etc).

174 3759 284 3828 Gallice
299 3759 444 3828 diceres:
463 3762 516 3824 dos
535 3762 641 3824 lettres
655 3779 738 3841 potor
755 3759 873 3836 Damas
891 3761 946 3848 (εις
963 3757 1147 3845 Δαμασκον)
1163 3782 1228 3826 aaa
1243 3761 1345 3850 (claesc

174 3882 233 3968 deo)
247 3881 451 3966 Synapopttes
467 3880 556 3970 (προς
570 3904 624 3954 τας
640 3876 834 3969 συναγωγας)
847 3881 885 3944 de
897 3892 944 3946 cel
955 3883 1092 3947 endroit.
1109 3881 1247 3969 Intelligo
1260 3883 1344 3972 epis-

174 4005 243 4072 tolas
259 4024 277 4071 a
292 4022 415 4070 summo
430 4000 583 4068 Pontifiee
599 3999 771 4089 eodemque
787 4002 928 4091 praeside
947 4003 1120 4088 Synedrii¹,
1140 4003 1233 4070 totius
1250 4003 1345 4072 liuius

173 4125 427 4214 collegii-nominc
442 4125 546 4203 datas,
565 4124 602 4192 ad
619 4124 790 4213 praefectos
810 4127 1039 4214 synagogarum
1057 4128 1340 4208 Damascenorum

176 4291 340 4306 δ-Ἀ

200 4395 217 4460 'l
232 4396 298 4449 Vide
311 4394 486 4447 lokermanui
499 4392 634 4446 Archacol.
648 4392 663 4460 5
675 4393 734 4444 138.
