3074 5054
188 381 252 451 rao
526 384 661 456 lorus
695 389 1033 493 nrosronouuu3
1098 344 1100 347 ⁵

183 572 285 661 iuquit
307 571 418 663 (Hom.
444 575 507 645 XV
529 575 560 642 iu
584 577 687 666 Aut),
707 582 734 643 οἱ
750 580 904 667 Ρωμαιων
920 580 1124 673 απελευθεροι·
1143 606 1220 647 ουτω
1236 580 1366 648 salona--

181 720 244 759 ται.
269 694 303 763 h.
322 717 351 763 e.
376 698 539 764 Libertini
562 700 782 768 Romanorum
807 705 914 770 liberti
941 708 1050 786 erortt3'
1072 709 1115 772 sie
1138 719 1302 774 vocantur.
1320 746 1366 756 -

182 821 330 887 Libertas
346 821 373 888 is
389 832 436 889 est
452 823 505 912 qui
529 823 633 914 aliquo
658 837 748 914 paeto
772 847 805 894 se
828 848 867 894 ex
887 829 1036 897 servitute
1053 831 1084 896 in
1108 830 1281 898 libertatem
1298 831 1366 896 vin-

181 944 306 1012 dicavit.
337 947 521 1014 Le'bertious
548 960 578 1015 et
605 951 767 1034 Libertus,
799 962 922 1018 notante
950 952 1116 1019 Faeciolati
1145 952 1192 1040 (in
1220 950 1364 1040 Lexio.),

180 1067 404 1156 significatione
421 1069 504 1138 idem
521 1082 611 1152 sunt,
631 1072 687 1171 sed
703 1072 851 1141 differunt
874 1094 934 1140 usu
957 1072 1123 1162 loquendi3
1142 1094 1213 1141 nam
1231 1077 1365 1141 libertus·

181 1194 220 1262 ad
253 1207 416 1283 patronum
447 1197 600 1278 refertur,
635 1199 799 1264 libertinus
831 1199 869 1266 od
901 1199 1130 1280 conditionem,
1164 1210 1193 1265 et
1224 1199 1365 1286 designat

179 1329 293 1387 statum
310 1320 396 1403 eius,
411 1321 464 1410 qui
481 1332 569 1388 autea
586 1341 712 1402 servus,
730 1342 813 1388 nuuc
838 1322 917 1389 liber
934 1333 990 1389 est.
1015 1324 1124 1412 ltaque
1148 1324 1268 1392 Graece
1285 1324 1366 1389 sori·
1411 1378 1413 1382 .

180 1442 257 1510 bens
280 1446 381 1511 Lueas
409 1445 518 1512 Latino
534 1465 610 1512 usus
627 1455 673 1511 est
689 1444 853 1512 uocabulo.
878 1446 1048 1531 Sonnqoqu
1075 1468 1153 1532 quoe
1181 1450 1366 1531 appellator

180 1572 435 1648 libertinorum,
454 1591 493 1638 ex
514 1572 620 1639 multis
643 1592 721 1661 quae
744 1573 982 1659 Hierosolymam
1000 1583 1087 1639 erant
1109 1573 1291 1660 synagogis,
1317 1574 1365 1640 in-

179 1697 343 1786 telligeuda
368 1696 490 1765 videtur
516 1717 670 1786 synagoga
698 1697 818 1786 aliqua,
847 1718 939 1786 quam
963 1717 1020 1765 suo
1045 1698 1123 1764 sorte
1152 1708 1278 1786 sumptu
1302 1697 1364 1765 sibi

181 1821 352 1888 struxerint
378 1796 504 1901 ludaei,
530 1822 583 1910 qui
613 1821 673 1889 sub
696 1822 847 1911 Pompeio
875 1821 987 1910 captivi
1013 1823 1145 1888 Romam
1174 1819 1257 1887 dueti
1281 1821 1364 1887 etin

181 1946 360 2014 servitutem
385 1943 517 2026 redacti,
543 1945 655 2014 deinde
678 1966 752 2012 vero
774 1946 957 2013 manumissi
983 1945 1014 2012 in
1038 1945 1168 2034 patriam
1190 1944 1363 2025 redieraut3

179 2088 260 2158 quae
278 2087 432 2156 synagoga
448 2088 531 2134 nune
549 2067 674 2136 illorum
690 2069 824 2157 posteris
848 2068 1036 2135 inservierit.
1055 2067 1243 2135 Huiusmodi
1267 2068 1366 2133 liber-

180 2194 321 2258 tinorum
352 2192 572 2257 Romanorum
600 2191 746 2259 disertam
774 2192 963 2259 mentionem
987 2191 1102 2258 faoiunt
1134 2190 1301 2258 Suetonius
1331 2192 1364 2257 in

180 2302 1365 2407 nummuammmummumaommmmm

179 2446 217 2508 de
232 2443 400 2526 Leontione
415 2444 458 2507 od
474 2441 608 2527 Gaiano,
628 2463 659 2530 p.
682 2445 769 2512 1011
786 2443 879 2532 (apud
895 2439 1023 2530 Kuin.).

225 2568 326 2633 Fuere
350 2565 403 2655 qui
428 2565 635 2646 ooniieerent‚
651 2586 707 2654 pro
724 2563 907 2657 Λιβερτινων
932 2565 1096 2654 legendum
1119 2585 1187 2632 esse
1208 2562 1365 2650 Λιβυστι-

179 2711 250 2768 νων,
276 2687 310 2756 b.
341 2708 370 2755 e.
398 2711 436 2754 eoo
458 2689 558 2774 Libyn
585 2700 730 2755 ortorum
737 2714 752 2772 ;
780 2689 833 2756 sed
864 2689 937 2758 huin
960 2691 1158 2757 coniecturae
1182 2690 1269 2757 loeus
1293 2709 1365 2756 esse

179 2815 306 2903 nequit,
321 2833 434 2903 quum,
452 2813 537 2881 nulla
559 2815 705 2881 varietate
729 2814 887 2893 lectionis,
905 2815 1029 2882 oodioes
1045 2815 1136 2882 MSS.
1156 2824 1186 2879 et
1203 2817 1365 2880 versiones

179 2939 325 3027 antiquae
347 2948 523 3005 constanter
546 2936 712 3005 exhibeant
733 2938 897 3006 lectionem
917 2935 1114 3028 Λιβερτινων.
1138 2936 1224 3003 Alias
1247 2935 1305 3002 hae
1330 2937 1363 3002 in

179 3084 214 3131 re
230 3063 424 3132 eonieetoras
440 3062 552 3151 legesis
568 3062 651 3152 apud
666 3063 834 3130 Winerum
851 3061 1042 3151 (Bibiisohes
1059 3059 1362 3140 Realwdrterbueh,

179 3187 218 3255 ud
235 3208 305 3255 vno.
323 3188 526 3272 Libertiner).

226 3321 256 3376 et
273 3311 518 3396 Cyrenertaium,
537 3321 567 3375 et
590 3311 901 3390 Alexandrinorum,
921 3318 1076 3373 eteorum
1092 3310 1168 3394 qai,
1189 3304 1279 3394 eta).
1299 3306 1364 3373 Ge-

181 3435 268 3503 nitivi
288 3436 463 3525 Kupelternum
491 3460 542 3498 και
567 3431 782 3526 Ἀλεξανδρεων
810 3457 862 3494 και
886 3455 945 3494 των
968 3433 1103 3520 pendent
1125 3453 1142 3499 a
1165 3452 1241 3499 voce
1263 3453 1361 3509 τινες,

180 3580 260 3650 quae
277 3559 499 3647 antegreditur.
517 3559 677 3627 Articulus
693 3569 763 3624 ante
781 3558 956 3646 Κυρεναιων
974 3567 1004 3622 et
1021 3553 1234 3647 Αλεξανδρεων
1250 3555 1362 3623 abesse

184 3695 322 3775 poterat,
340 3695 374 3751 ut
389 3683 481 3752 otiam
496 3704 514 3751 a
529 3682 734 3772 scriptoribus
751 3682 829 3749 bene
844 3682 964 3770 graecis
980 3682 1131 3750 omittitur
1149 3682 1179 3748 in
1197 3702 1362 3748 enumera-

182 3806 335 3888 tionibus,
360 3805 387 3872 si
411 3805 473 3873 iam
497 3805 592 3872 semel
614 3816 666 3872 aut
688 3805 736 3872 bis
759 3806 879 3895 positus
895 3805 964 3873 luit.
983 3805 1037 3874 Sio
1052 3805 1140 3874 Plato
1157 3806 1234 3873 dixit
1252 3825 1259 3867 :
1278 3829 1362 3869 τοτε

103 3952 106 3959 ’
181 3927 297 3996 δίκαιον
320 3956 370 3994 atat
390 3955 423 3995 ‘CO
448 3927 552 3995 ἄδικον
574 3955 625 3994 καί
648 3928 741 3995 κάλον
758 3955 809 3994 nott
825 3953 956 4021 αἱσχρον
979 3955 1031 3993 καί
1056 3931 1168 4020 αγαθθν
1184 3955 1236 3993 καί
1251 3954 1359 3997 κακον.

177 4055 253 4125 Vid.
271 4055 400 4124 Matthia
416 4055 435 4144 S
451 4057 528 4123 268.
544 4057 637 4123 Anm.
654 4059 740 4123 1.-
759 4055 951 4141 Cyrenenses
967 4055 1180 4143 intelliguntur
1197 4055 1302 4122 ludaei
1320 4077 1363 4124 ex

178 4180 313 4266 Cyrene,
327 4179 445 4266 Libyae
457 4179 628 4268 superioris
645 4179 822 4268 metropoli,
838 4179 979 4259 oriundi;
994 4181 1221 4261 Alexandrini,
1235 4180 1361 4248 oriundi

177 4322 217 4369 ex
232 4301 432 4369 Alexandria.
451 4303 563 4390 lugens
580 4301 766 4371 ludaeorum
782 4300 947 4368 multitudo
964 4301 1007 4368 ibi
1024 4300 1129 4367 sedem
1147 4301 1268 4382 tixerat,
1283 4314 1364 4371 teste

174 4423 310 4495 Philone
331 4425 362 4492 in
386 4406 489 4494 Flauo.
515 4447 546 4516 p.
569 4428 631 4494 971
655 4425 738 4514 apud
766 4423 907 4514 Kuin.):
931 4449 984 4490 ουκ
1004 4422 1172 4490 -αποὸεουσι
1201 4423 1363 4516 muniadam
