3074 5054
471 371 610 440 CAPUT
644 372 710 452 Vl,
741 369 862 441 Vnus.
903 371 1001 438 t-t.
1289 373 1354 440 lli

178 585 237 631 non
254 563 373 632 directo
388 562 510 653 petebat
524 564 768 644 distributores,
787 561 842 630 sed
862 572 927 630 erat
944 563 980 628 iu
1004 561 1168 628 Hebraeos
1183 560 1272 654 (προς
1287 587 1356 639 τους

178 681 358 776 ’Ἐβραιουςι

223 934 319 1002 2—5.
340 935 445 1020 Quum
463 945 567 1000 cutem
583 929 648 1021 (ιε)
670 951 761 1019 aegre
777 931 894 998 ferrent
915 930 995 999 hano
1019 932 1101 1000 inter
1123 933 1233 1003 tratres
1249 935 1357 1004 simul·

106 1024 111 1036 ⁰
178 1063 269 1122 tatem
282 1058 447 1121 duodecim
458 1055 600 1143 Apostoli
612 1053 656 1144 (ot
668 1050 787 1118 ιωιεκα
800 1056 838 1119 dc
851 1051 1032 1142 twcolneu),
1046 1058 1088 1122 od
1099 1079 1131 1122 se
1142 1069 1354 1124 couuocoruut

178 1179 472 1268 (προσκαλεσαμενοι
496 1181 526 1246 in
551 1177 648 1266 Αοι.)
663 1181 904 1244 urttltitudiuem
928 1181 1162 1263 discipulorum
1177 1180 1226 1271 (ro
1249 1180 1359 1258 πληθος

177 1327 235 1367 των
258 1305 397 1390 putatur
420 1307 458 1370 de
478 1302 606 1391 geheele
630 1301 953 1389 Claristeu-meuipte),
973 1315 1003 1370 et
1023 1303 1194 1372 dixerunt:
1213 1306 1289 1374 Νοιι
1311 1319 1360 1373 est

178 1448 311 1511 aequum
316 1477 330 1511 ,
346 1427 466 1495 Graece
486 1450 540 1489 ουκ
560 1448 685 1518 αρεστον
707 1449 805 1504 εστιν,
824 1424 858 1493 ιι.
881 1446 909 1494 e.
934 1447 998 1492 uott
1021 1437 1065 1508 ¹cst
1083 1428 1258 1512 placitum,
1275 1450 1304 1518 q.
1323 1429 1355 1496 d.

174 1553 315 1635 placere,
334 1552 464 1637 probuti
477 1553 604 1637 coquit,
621 1550 747 1639 ponitur
763 1552 912 1616 obsolute.
935 1550 1051 1618 Sensus
1068 1559 1115 1617 est
1132 1569 1140 1612 :
1159 1551 1227 1618 Non
1244 1572 1358 1620 oonve·

178 1683 239 1762 nit,
268 1695 301 1749 ut
329 1703 404 1764 noS,
435 1694 541 1772 utpote
568 1681 655 1749 missi
684 1680 723 1749 ad
750 1681 945 1763 docendum,
973 1681 1080 1749 relicta
1107 1680 1223 1771 (aliquo
1250 1674 1360 1766 modo)

178 1807 441 1898 (καταλειψαντας
472 1811 504 1877 iu
536 1808 637 1899 Aur.)
666 1809 822 1896 Evangelii
859 1807 1106 1898 praedicatione,
1139 1808 1361 1873 ministremus

177 1938 308 2000 meusis.
327 1935 448 2002 Graece
466 1954 474 1996 ι
494 1929 643 1997 dianonus
660 1945 820 2024 τραπεζαις
836 1931 903 2022 (om
920 1935 1011 2018 tosets
1029 1943 1057 1997 te
1073 1928 1258 2019 bedieueu);
1275 1926 1359 2019 quod

178 2079 240 2147 quo
267 2079 361 2126 sensu
387 2057 573 2147 capiendum
600 2057 660 2138 sit,
679 2078 718 2124 ex
734 2068 877 2125 contenta
904 2058 1043 2124 oratione
1072 2056 1162 2123 lacile
1189 2054 1356 2142 colligitur.

177 2183 296 2270 Negant
310 2181 452 2270 Apostoli
470 2181 650 2262 convenire,
669 2192 703 2248 ut
718 2181 778 2270 ipsi
796 2201 852 2270 per
868 2201 902 2248 se
918 2180 971 2248 illo
991 2180 1240 2270 dispensatorum
1256 2179 1359 2247 officio

177 2306 357 2393 fungentum
372 2302 429 2372 sed
444 2315 546 2371 tamen
562 2304 681 2384 volunt,
700 2312 734 2370 ut
749 2303 884 2392 amplius
901 2303 988 2370 locus
1005 2322 1044 2369 ne
1068 2302 1158 2370 detur
1182 2301 1357 2369 istiusmodi

178 2429 326 2516 querelis,
343 2431 453 2514 Igitur
471 2429 564 2518 (cuv),
591 2429 719 2510 lratreS,
738 2428 900 2516 inquiunt,
918 2427 1022 2515 eligite
1037 2428 1127 2496 vobis
1142 2425 1360 2517 (επισκεψασθε

178 2552 257 2619 Αοι.
280 2551 365 2620 Med.
394 2554 521 2642 proprie
538 2553 617 2620 valet
633 2552 855 2621 Germanicum
877 2553 998 2617 ersetet
1013 2549 1105 2639 euclt)
1122 2570 1161 2616 ex
1183 2561 1286 2616 vestro
1303 2569 1361 2616 nu-

177 2695 264 2742 mero
291 2674 337 2766 (εξ
364 2676 466 2766 ὑμων)
491 2678 576 2744 viros
603 2686 757 2766 spectatae
785 2675 947 2765 probitatis
976 2675 1264 2764 (μαρτυρουμενους,
1285 2672 1360 2737 betto

178 2804 315 2887 testatos)
329 2812 467 2890 septem,
486 2801 613 2890 plenos,
628 2811 776 2889 quantum
793 2819 831 2866 ex
847 2799 944 2887 signis
960 2797 1095 2865 externis
1112 2795 1214 2883 colligi
1231 2793 1358 2884 poterit,

176 2923 297 3011 Spiritu
319 2925 431 2993 Sancto
459 2936 490 2991 et
517 2924 685 3013 sapientia,
711 2943 807 3011 qum,
832 2920 886 2988 ubi
911 2921 1000 2988 electi
1029 2920 1162 3000 luerint,
1187 2940 1283 3002 super
1305 2920 1362 2983 toc

176 3067 269 3132 opus,
289 3049 408 3116 Graece
424 3072 472 3112 επι
488 3073 539 3123 της
555 3071 659 3140 χρειας
675 3071 803 3125 ruerus,
821 3049 896 3112 inuio
910 3044 1031 3131 officio,
1051 3045 1117 3112 sive
1132 3046 1205 3110 ltuic
1221 3046 1357 3127 uepotio,

177 3168 395 3256 praeficiemus
411 3168 687 3259 (καταστησομεν).
713 3170 871 3257 lnterpres
891 3180 997 3235 noster
1019 3187 1076 3256 pro
1098 3168 1217 3234 Futuro
1241 3163 1363 3233 Indica·

177 3293 231 3360 tivi
253 3319 504 3384 καταστησομεν,
529 3296 642 3384 legisse
666 3295 788 3363 videtur
810 3296 841 3360 iu
867 3293 1071 3362 Coniunctivo
1098 3315 1359 3379 καταστησωμεν,

178 3429 216 3484 ut
231 3421 286 3486 ltos
303 3424 544 3488 constituamus.
558 3421 679 3491 Vocem
695 3442 784 3509 χρεια
796 3418 858 3486 dici
871 3422 909 3484 de
921 3439 1065 3495 mouere,
1084 3415 1201 3502 officio,
1220 3419 1358 3500 coeuntia,

179 3542 231 3608 cui
247 3543 360 3633 uliquis
376 3544 568 3633 praeficitur,
585 3543 681 3612 variis
704 3540 846 3611 adductis
871 3541 1023 3631 exemplis
1040 3539 1150 3630 probat
1166 3538 1361 3609 Wetsteuius

180 3663 220 3731 ad
237 3663 270 3733 Ιι.
285 3666 308 3734 l.

228 3911 260 3976 ι.
288 3910 352 3978 Nos
367 3930 458 3994 vero,
478 3906 568 3997 eto).
587 3908 652 3976 Nos
668 3927 742 3980 uero
760 3905 922 3996 temporali
945 3903 1021 3972 huic
1045 3903 1217 3971 ministerio
1234 3901 1362 3969 minime

184 4033 415 4112 incumbentes,
434 4033 564 4100 orationi
582 4034 629 4121 (τῃ
653 4039 834 4121 προσευχῃ),
854 4040 884 4098 et
897 4029 1070 4097 ministerio
1087 4028 1174 4096 verbi
1191 4029 1242 4118 (τῃ
1259 4023 1361 4091 διακο-

184 4178 232 4240 νιᾳ
247 4182 300 4221 του
317 4155 436 4248 λογον),
455 4157 488 4224 ιι.
504 4177 533 4224 e.
553 4156 775 4246 praedicationi
801 4155 958 4243 Evangelii
979 4157 1139 4221 assiduam
1151 4149 1288 4238 'operam
1306 4154 1362 4217 dct-

184 4281 303 4362 ttmus,
321 4283 442 4349 Graece
459 4301 783 4370 προσκαρτερησομεν,
801 4278 917 4367 deque
940 4298 1016 4345 voce
1036 4275 1152 4344 videsis
1177 4293 1255 4363 quae
1276 4283 1362 4340 notu-

185 4404 283 4473 vimus
309 4424 404 4494 snpra
431 4401 470 4470 ad
498 4404 575 4493 Cap.
603 4404 617 4470 l
643 4428 651 4470 ε
678 4405 733 4470 ιι.
765 4403 870 4488 Quum
897 4401 1018 4469 dicatur
1043 4425 1080 4488 τῃ
1107 4421 1263 4489 προσευχῃ
1290 4416 1361 4465 curn
