3074 5054
178 367 245 434 too
540 364 675 432 ACTUS
706 362 1040 442 APOSTOLORUM‚

176 555 216 622 de
238 556 306 622 viro
333 556 498 638 mopiam,
520 563 555 620 ut
576 552 658 620 idem
682 553 798 621 valeret
821 554 905 643 quud
933 549 1077 639 ευσεβης,
1094 549 1251 640 Θεοσεβης.
1281 553 1366 621 Nun·

177 698 347 769 numquam
371 689 472 745 tamen
488 678 580 745 etiam
605 677 815 767 usurpabatur
837 681 922 744 malo
950 676 1107 745 enneade
1131 698 1168 744 eo
1193 677 1252 766 qui
1276 678 1309 745 iu
1332 698 1365 745 re

176 808 320 896 religiosa
334 805 460 873 modum
475 803 651 872 excederet.
671 803 873 891 Hesychius:
892 799 1160 889 Δεισιὸαιμων·...
1181 799 1281 879 derlee
1298 825 1365 894 περι

175 911 267 1007 denuc.
298 926 542 1017 Aernrdnrpnura·
574 925 730 1021 φοβοθεια.
761 928 873 996 Pollux
901 928 1064 997 Onomast.
1096 930 1128 996 l.
1160 929 1205 996 ot
1232 949 1240 991 τ
1273 927 1308 991 ‘0
1333 923 1364 991 de

175 1060 345 1148 ὺπερτιμων
358 1057 452 1134 team,
467 1049 758 1140 δεισιδαιμων.Νοιι
772 1065 871 1120 tamen
886 1053 1072 1142 putaverim,
1082 1052 1215 1120 Paulum
1226 1052 1365 1121 voluisse

175 1200 282 1248 vocem
299 1179 383 1246 illam
400 1179 452 1246 hie
467 1177 617 1246 adhihere
633 1177 714 1245 malo
731 1176 791 1245 hoe
807 1177 981 1267 eodemque
1004 1178 1107 1244 minus
1129 1175 1224 1245 obvio
1249 1197 1363 1257 sensu;

176 1305 380 1394 nequeenim
405 1302 555 1370 credibile
574 1312 638 1383 est,
657 1322 728 1369 eum
745 1302 881 1369 voluisse
905 1302 936 1367 in
961 1302 1030 1390 ipso
1057 1300 1207 1369 orationis
1233 1300 1364 1369 exordio

174 1429 350 1498 auditorum
383 1447 511 1495 suorum
543 1426 665 1493 animos
692 1425 862 1499 offendere.
893 1427 1000 1514 ltaque
1028 1420 1365 1516 δεισιδαιμονεστερους

175 1553 246 1621 illos
271 1551 385 1620 dixerit
408 1570 480 1617 cum
506 1548 606 1617 laudis
630 1548 763 1637 quadarn
786 1549 909 1638 specie;
927 1559 1021 1637 atque
1043 1547 1121 1615 haec
1143 1547 1244 1615 sancti
1263 1546 1366 1635 Chry·

175 1677 302 1746 snstomi
320 1696 446 1766 quoque
462 1675 614 1743 sententia
629 1675 702 1742 esu.

222 1800 435 1876 Particularia
453 1800 635 1880 siabesset,
654 1799 730 1867 nihil
755 1801 828 1868 inde
851 1811 1023 1870 mutaretur
1046 1801 1212 1869 verborum
1238 1812 1365 1868 senten·

175 1927 229 1994 tia.
248 1926 280 1994 Si
296 1926 359 1993 vim
377 1926 445 1992 eius
466 1923 634 2014 particulae
661 1924 770 1990 Latine
797 1926 973 2014 exprimere
1000 1924 1107 2004 vellis,
1138 1923 1225 1992 dicas
1245 1946 1254 1988 ε
1273 1927 1365 1991 niden

176 2071 229 2116 noa
242 2068 382 2124 raucum
406 2045 472 2138 (ὡς)
492 2048 569 2114 tales
594 2049 649 2132 qui
672 2049 744 2115 estis
767 2048 898 2134 reliquis
925 2049 1054 2115 Graecis
1071 2049 1302 2130 relipioniorer.
1321 2084 1364 2098 -—

175 2173 412 2262 Comparativus
425 2165 755 2262 δεισιδαιμονεστερους
773 2191 834 2238 non
851 2180 899 2239 est
913 2171 1041 2239 Positivi
1056 2171 1139 2250 loco,
1158 2170 1213 2238 sed
1229 2171 1364 2239 alterum

174 2294 421 2384 Comparationis
438 2292 613 2361 membrum
631 2293 792 2372 reticetur,
807 2293 890 2382 quod
908 2314 1140 2383 nonnumquam
1155 2293 1238 2373 lieri,
1255 2306 1363 2364 notum

174 2431 232 2486 est.
263 2417 389 2488 Videsis
417 2419 474 2486 Gr.
504 2437 574 2506 pag.
602 2419 682 2484 250.
702 2419 736 2484 5.
756 2455 800 2466 -
827 2417 1033 2487 Athenienses
1062 2421 1212 2508 religione
1241 2433 1364 2488 eeteros

175 2544 314 2610 Graecos
329 2560 511 2630 superasse,
529 2541 648 2629 antiqui
666 2551 829 2609 testantur.
844 2543 897 2610 Sic
914 2543 1082 2611 Pausanias
1099 2544 1146 2632 (in
1162 2543 1261 2611 Attic.
1276 2543 1360 2630 210:

175 2665 352 2745 Abnueram,
381 2665 498 2753 inquil,
528 2687 740 2755 περισσοτερον
763 2690 793 2729 τι
821 2690 924 2740 ητοις
948 2664 1053 2740 ailoe
1080 2689 1108 2739 ες
1134 2689 1173 2728 τα
1201 2666 1268 2729 θεια
1297 2689 1363 2730 εστι

174 2785 325 2866 emendae,
351 2799 380 2854 et
404 2786 581 2876 Xenophon
607 2789 672 2877 (De
696 2788 831 2878 Republ.
858 2789 989 2877 Athen.)
1013 2788 1126 2867 refert,
1150 2788 1363 2857 Athenienses

175 2935 267 2999 apere
291 2915 356 2979 dies
375 2915 472 2997 sentos
495 2913 592 2995 duplo
613 2915 724 2995 plures
749 2933 844 2996 quom
868 2924 985 2980 ceteros
1007 2915 1102 3003 (αγειν
1124 2909 1227 3004 ἑορτας
1250 2909 1364 2978 διπλα-

177 3063 262 3114 σιους
283 3061 301 3110 η
324 3059 393 3111 τους
418 3032 555 3117 ullove),
574 3073 618 3085 -
635 3034 716 3103 lllud
740 3059 820 3100 κατα
843 3059 943 3100 manent
967 3036 1068 3104 refero
1092 3037 1130 3104 ad
1154 3041 1265 3104 varlas
1292 3061 1363 3116 res,

177 3163 291 3253 quibus
314 3161 521 3229 Athenienses
537 3180 572 3227 se
589 3156 923 3254 ὃεισιὸαιμονεστερους
940 3181 1033 3250 quam
1056 3161 1151 3228 ceteri
1177 3162 1292 3230 Graeci
1309 3163 1364 3231 de-

177 3285 400 3354 monstrabant.
414 3287 506 3364 Puta,
523 3283 730 3352 Athenienses
742 3284 928 3353 excelluisse
939 3285 1057 3352 maiore
1070 3304 1200 3352 numero
1214 3284 1361 3364 deorum,

177 3422 367 3488 statuarum,
386 3409 593 3498 templorum,
611 3427 756 3489 ararum,
775 3408 897 3476 dierum
914 3408 1082 3491 lestnrum,
1100 3419 1161 3476 ete.

223 3655 279 3723 25.
306 3656 511 3722 Praeteriens
528 3657 630 3737 enim,
645 3666 675 3721 et
690 3658 799 3722 viderer
815 3656 989 3721 simulacro
1011 3665 1133 3735 nestra,
1152 3657 1240 3740 ete).
1259 3656 1364 3747 Apos-

179 3781 259 3848 tolus
275 3780 315 3848 ad
338 3779 530 3870 probandum
553 3783 635 3869 (pap)
654 3778 738 3868 quod
759 3777 880 3846 dixerat
896 3778 1145 3867 (animadverto,
1164 3801 1217 3845 nna
1233 3801 1300 3848 esse
1316 3803 1364 3847 re-

178 4045 298 4097 Clemens
318 4039 447 4094 Alexand.
473 4040 579 4103 (Strnm.
605 4040 651 4091 vu
674 4039 745 4107 apud
791 4025 885 4105 ledor,
902 4049 954 4088 και
971 4049 1102 4113 aucupa.

178 4128 325 4186 Summum,
335 4124 368 4176 nd
379 4137 404 4174 v.
416 4103 630 4194 δεισιδαιμων)
642 4124 677 4175 ita
689 4124 746 4176 des·
816 4139 835 4199 ι)
862 4115 977 4207 Ὠσπερ
1005 4120 1202 4207 εγκωμιαζων
1232 4144 1361 4201 αυτους,

177 4217 268 4268 scribit
279 4195 505 4284 derotdoerporor·
521 4194 742 4286 Δεισιὸαιμων,
791 4201 871 4271 doner
885 4202 970 4270 nuder
993 4205 1087 4297 λεγειν
1112 4205 1205 4300 papo.
1225 4208 1278 4285 Ὠς
1304 4207 1364 4276 δει-

178 4307 278 4374 inquit‚
303 4296 318 4356 ὁ
341 4286 447 4364 dedente
473 4312 512 4352 τα
541 4285 744 4375 datpnrra‚b
791 4293 1075 4388 σιδαιμονεστερους
1120 4300 1221 4385 apag,
1268 4325 1360 4393 φησι,

178 4415 278 4455 marra
306 4390 450 4465 Θειαζων,
479 4412 531 4451 και
558 4383 666 4469 Euhoe,
694 4414 745 4451 και
791 4388 903 4480 dempta·
922 4411 1092 4470 τουτεστιν,
1111 4384 1359 4481 ευλαβεστερους.
