3074 5054
180 369 245 438 488
527 367 663 434 ACTUS
697 368 1030 448 dromonorum,

177 561 258 629 tolus
278 562 409 630 dicere:
432 565 534 650 Atque
559 561 599 627 ita
623 560 748 649 quidem
769 561 886 650 Ephesi
903 581 954 629 me
974 563 1068 649 gessi.
1096 565 1135 629 Et
1150 584 1251 643 nunc,
1270 585 1358 644 ecce,

178 688 279 752 aniani
294 689 359 752 mei
375 690 497 770 impetu
514 689 671 769 impulsus
688 680 856 770 (dedspenog
869 711 912 773 τῳ
925 687 1090 773 recupera)
1106 688 1360 776 Hierosolymam

179 807 375 897 proficiscor,
396 828 476 898 qnae
491 809 533 877 ibi
551 808 721 876 obventura
738 807 815 875 milri
833 809 895 874 sint
912 809 1073 897 ignoraus,
1095 811 1154 877 nisi
1179 811 1264 899 quod
1288 813 1360 901 Spi-

179 933 257 1001 ritus
280 944 405 1002 sanctus
421 936 454 1000 in
470 935 607 1018 siupclis
631 934 814 999 civitatibus
831 940 921 1023 (κατα
937 929 1055 1021 πολιν),
1073 953 1150 1021 quas
1174 933 1232 1001 hos
1249 934 1360 1003 itinere

179 1069 376 1148 pertranseo,
395 1057 471 1126 milri
491 1079 546 1147 per
563 1056 730 1147 prophetas
748 1055 823 1123 inibi
842 1066 1069 1124 commorantes
1093 1057 1260 1127 denunciat
1276 1056 1360 1149 (δια-

178 1205 362 1275 poprepercr
376 1207 441 1269 μοι,
459 1184 666 1268 nep'betru‘pt),
684 1184 809 1248 viuculo
825 1193 854 1247 et
870 1181 1092 1247 tribulationes
1109 1181 1357 1266 Hidrosolpmis¹

179 1328 228 1372 me
255 1328 394 1373 mouere.
420 1305 481 1374 Sed
505 1304 582 1372 nihil
611 1304 721 1372 harum
747 1325 850 1371 rernm
874 1299 1002 1394 (ουδενος
1023 1309 1148 1390 τουτων)
1178 1324 1229 1371 me
1257 1315 1361 1372 movet

177 1428 282 1520 (loyor
304 1425 389 1515 εχω),
416 1427 582 1517 quominus
606 1427 715 1514 lungun
740 1425 921 1514 Apostolico
946 1445 1015 1492 meo
1033 1445 1189 1507 munere,
1207 1447 1263 1492 uec
1278 1430 1360 1494 duco

179 1555 278 1620 ullam
305 1573 408 1618 niseum
435 1573 545 1617 curum
571 1552 653 1616 nolli
679 1544 764 1639 (onds
792 1571 939 1633 ποιουμαι
965 1570 1018 1622 την
1041 1547 1140 1636 ψυχην
1166 1572 1225 1634 μου
1254 1573 1359 1635 reprom

177 1674 325 1766 εμαυτῳ’)
340 1674 373 1742 h.
389 1695 418 1742 e.
434 1675 527 1741 vitam
552 1693 651 1741 meam
676 1685 840 1739 contemno
865 1675 905 1737 ool
917 1673 1152 1756 perficiendum
1170 1671 1222 1760 (ὡς
1237 1671 1359 1737 celero-

179 1798 243 1882 σαι)
260 1816 387 1865 cursum
406 1817 529 1874 meum,
548 1800 605 1862 boc
622 1808 667 1862 est
683 1794 747 1877 (και
765 1793 1031 1884 Epexegeticum),
1050 1796 1257 1864 ministerium
1274 1799 1359 1887 quod

177 1919 283 2009 accepi
301 1939 317 1986 a
336 1920 472 1987 Dornino
491 1922 579 2000 lesu,
594 1918 792 2008 praedicandi
810 1919 928 1987 scilicet
946 1923 1156 2004 evcupeliune,
1175 1943 1236 2008 quo
1250 1926 1360 2007 prolia

180 2045 240 2109 Dei
255 2045 451 2110 credentibus
469 2046 606 2128 offer‘lur
621 2043 670 2132 (ro
687 2039 858 2132 snupysleon
874 2067 925 2116 της
941 2066 1064 2135 >perparce
1078 2067 1132 2108 ron
1149 2041 1255 2134 Θεου).

224 2167 365 2236 Verbum
390 2163 464 2231 deam
481 2167 616 2254 antiquis
640 2166 756 2234 dictum
773 2165 830 2232 luit
849 2165 939 2234 etiam
956 2165 995 2233 de
1011 2169 1145 2250 copendo
1160 2154 1226 2234 sire
1245 2171 1359 2254 impel-

178 2292 281 2356 lendo.
296 2289 349 2357 Sic
365 2289 516 2357 Pindarus
533 2289 626 2382 (apud
642 2289 801 2378 Kyplrium
818 2287 856 2354 ad
874 2286 907 2355 b.
926 2288 963 2376 l.)
980 2289 1107 2378 scripsit
1126 2309 1133 2350 τ
1154 2287 1245 2352 Alte
1262 2287 1359 2382 nepber

177 2438 229 2477 και
246 2437 338 2505 coptu
364 2410 502 2491 deberet,
523 2413 555 2480 ln.
582 2434 611 2480 e.
636 2416 691 2479 sed
712 2416 799 2478 lucro
822 2415 917 2478 ctione
934 2416 1094 2496 sapientire
1119 2417 1243 2496 impelli
1265 2417 1355 2480 solet.

177 2577 220 2587 -—
241 2537 339 2629 Aopcn
364 2561 443 2627 εχειν
467 2561 564 2616 τινος,
590 2540 750 2604 rationem
773 2538 886 2602 babere
909 2541 1044 2604 alicuius
1067 2539 1137 2614 rei,
1160 2559 1276 2604 curere
1298 2541 1358 2604 uli·

176 2666 264 2749 quid.
281 2662 458 2730 Herodotus
473 2661 521 2752 (in
533 2660 631 2730 Thes.
647 2663 744 2728 Henr.
759 2661 869 2750 Steph.
889 2660 927 2727 ad
944 2681 1013 2728 roc.
1029 2659 1127 2750 λογος)
1145 2685 1154 2726 :
1173 2662 1238 2725 Και
1255 2685 1309 2726 του
1325 2687 1358 2752 γε

177 2785 266 2877 λογον
287 2784 530 2874 μαλιστααξιον
552 2808 633 2849 εστιν
652 2808 744 2871 εχειν.
767 2784 879 2860 -Ὡς
896 2784 975 2852 valet
996 2785 1086 2851 elium
1112 2788 1178 2864 tra,
1197 2796 1231 2850 ul
1247 2785 1280 2850 iu
1298 2784 1358 2852 hac

175 2911 308 2979 sormula
320 2912 429 2996 (llebr.
441 2913 484 2981 Vl
490 2914 500 2978 l
517 2931 524 2972 :
541 2909 594 2995 9):
610 2915 650 2986 ὡς
662 2934 730 2985 erog
742 2933 845 2976 arceor.
861 2913 1004 2978 Ceterum
1020 2910 1136 2979 etur.
1148 2930 1217 2998 pag.
1230 2913 1309 2978 555.
1321 2914 1354 2978 5.

177 3047 208 3101 et
224 3035 354 3102 Matthia
369 3035 388 3123 S
401 3037 480 3115 698,
495 3057 527 3124 p.
546 3037 644 3111 last,
664 3035 694 3100 in
712 3037 744 3102 2³
762 3034 845 3102 Edit.
865 3035 1006 3123 Lips.—
1021 3036 1079 3109 Της
1091 3058 1215 3125 perparce
1232 3046 1278 3101 est
1295 3036 1357 3104 Go-

177 3157 292 3225 nitivus
308 3157 450 3235 Obiecti,
469 3170 503 3224 nt
527 3178 621 3247 snpra
645 3160 722 3246 Cap.
742 3159 821 3224 XlV
840 3177 847 3218 ε
869 3160 901 3225 3.
917 3196 960 3206 -
976 3157 1069 3243 Quod
1085 3158 1116 3223 in
1132 3157 1265 3244 Vulgata
1283 3157 1356 3244 logi-

175 3288 226 3345 tnr
241 3304 249 3347 ε
263 3281 329 3348 Nec
343 3283 426 3366 socio
444 3285 586 3347 animone
606 3303 708 3346 meum
723 3284 946 3364 pretiosiorem
964 3302 1059 3366 quarn
1075 3302 1138 3363 noe,
1154 3279 1232 3346 illud
1250 3282 1355 3347 Estins

180 3441 375 3453 αι--ι--ιι-

209 3540 228 3606 ¹)
256 3541 321 3592 Vnn.
341 3556 410 3592 unca.
426 3542 486 3594 Post
497 3555 586 3594 vocem
601 3548 742 3613 μενουσιν
789 3539 818 3590 ln
838 3539 900 3591 cod.
920 3541 941 3590 l)
961 3545 1001 3592 est
1022 3520 1140 3598 ουδενος
1162 3548 1291 3588 τουτων.
1314 3565 1357 3574 -—

176 3632 281 3684 additur
293 3638 322 3679 εν
341 3615 562 3707 Ἱεροσολυμοις
581 3633 607 3683 in
625 3631 687 3684 Cod.
711 3632 741 3682 D.
788 3631 996 3683 Tischendorfius
1014 3632 1096 3682 edidit
1116 3645 1121 3679 :
1142 3613 1220 3678 ΑΠ’
1237 3612 1358 3690 bubones

790 3704 879 3796 loyor
902 3730 1049 3792 ποιουμαι
1067 3729 1120 3779 την
1136 3705 1234 3792 slopan
1251 3730 1357 3792 τιμιαν

208 3801 227 3866 ’)
243 3783 743 3861 vnn.nccu.verna:ail'ocbenoe-
789 3820 930 3882 εμαυτῳ,
954 3821 983 3860 κ.
1008 3821 1037 3862 r.
1064 3794 1093 3860 λ.
1118 3812 1250 3876 interpres
1271 3816 1358 3864 noster

175 3899 311 3964 εμαυτῳ,
327 3905 420 3956 magna
433 3893 596 3944 varietatem
608 3892 741 3944 coddle-
787 3903 892 3954 videtur
915 3916 961 3967 pso
985 3909 1090 3973 vipoun
1113 3909 1237 3972 εμαυτῳ
1267 3902 1358 3967 legisse

175 3977 283 4067 genior,
307 3975 342 4066 ita
367 3977 454 4025 tamen
478 3976 508 4025 ul
531 3988 623 4026 sensus
644 3975 742 4042 ubique
788 4000 969 4068 τῑμῑωηραν
997 4000 1147 4059 epotum,
1167 4005 1247 4056 quam
1265 3991 1358 4043 leono-

174 4055 264 4108 eodem
284 4055 389 4107 seffldssl·
412 4054 535 4107 ¹11C0dd·
548 4057 592 4107 ᾹῘ)
606 4058 743 4124 ⁰¹³Vll¹¹0l
789 4091 849 4128 nem
867 4078 893 4128 in
914 4075 1047 4127 nonnullis
1064 4074 1197 4126 codicibus
1215 4088 1244 4126 se
1263 4074 1358 4125 vidisse

176 4141 329 4193 Minuscuus
348 4141 443 4206 legun?
459 4141 497 4192 ⁵³⁰
511 4158 517 4193 ²
531 4121 609 4189 Αλλ,
627 4122 744 4200 ουδενος
790 4164 898 4212 testatur
922 4159 1107 4212 sabbatierius.
1131 4159 1202 4208 lnlcr
1225 4159 1357 4208 variantes

178 4213 265 4305 λογον
293 4240 380 4300 eppo),
415 4212 483 4280 ⁰⁰33
515 4240 661 4303 πθῑθυμαῑ
691 4238 743 4290 fbV
789 4240 1353 4308 lectiones,quasTischendorsruscollegit,

177 4305 277 4392 ψυχην
295 4330 353 4392 pon
374 4329 479 4392 repectu
501 4330 637 4392 εμαυτῳ.
660 4322 744 4384 Quam
789 4324 1058 4399 lectiortprmrepern
1075 4331 1207 4395 εμαυτου
1220 4335 1357 4375 noncom·

178 4402 315 4454 lectionem
341 4403 450 4470 Vulgata
472 4407 560 4457 nostra
581 4405 635 4457 lere
655 4405 742 4458 relcrt.
790 4410 872 4474 purat.
