3074 5054
186 410 252 478 tto
523 402 658 470 ACTUS
696 399 1033 479 apostotorum,

228 600 343 662 Ἰκανον
368 590 551 682 lappaceis,
578 593 661 684 quod
686 593 739 661 hic
763 601 847 660 uetat
863 592 1067 672 Kuino'e'lius‚
1086 591 1216 682 proprie
1237 601 1287 658 est
1302 590 1378 658 lor-

184 721 267 788 mula
288 719 421 788 lorensis
444 718 553 785 Latina
574 720 652 782 satis
681 721 837 800 occipere,
862 717 1101 781 satisdationem
1130 717 1294 799 accipere,
1322 715 1376 781 cui

182 846 351 936 opponitur
373 849 474 908 tranas
497 839 635 922 dederat,
658 845 856 926 satisdare,
883 841 917 909 h.
944 861 973 908 e.
997 840 1128 930 praedes
1149 839 1289 907 sistendo
1320 850 1377 907 aut

181 973 345 1063 pecuniam
361 970 544 1060 deponendo
561 990 706 1037 securum
724 969 854 1037 reddere
870 988 953 1053 eum,
970 968 1023 1056 qui
1040 966 1158 1056 aliquid
1175 987 1192 1033 a
1210 977 1240 1034 te
1258 978 1374 1056 postn-

182 1097 241 1177 lat,
262 1107 293 1162 et
316 1095 499 1185 promittere
514 1106 543 1161 te
559 1094 620 1161 hoc
641 1094 795 1161 iacturum
818 1112 903 1177 esse,
924 1095 1055 1176 Bttrpen
1078 1093 1205 1174 stetten,
1224 1100 1279 1158 ant
1296 1112 1375 1157 aaa·

180 1223 249 1287 tica
264 1222 387 1286 stetten.
404 1257 448 1268 —
460 1218 606 1286 Accuseti
624 1215 853 1305 magistratibus
870 1215 1088 1305 explicuerint,
1105 1214 1206 1303 qualis
1218 1226 1304 1281 esset
1320 1215 1372 1280 in·

180 1342 267 1410 doles
290 1343 376 1431 regni
401 1343 471 1410 lesu
496 1341 648 1421 Messiae,
672 1351 702 1407 et
723 1340 762 1408 de
779 1360 812 1406 se
828 1338 1071 1428 spoponderint,
1090 1359 1124 1405 se
1140 1357 1209 1404 esse
1225 1337 1264 1404 ab
1282 1339 1370 1404 omni

179 1465 330 1533 seditione
354 1484 447 1554 quam
468 1463 706 1531 remotissimos.
726 1462 788 1531 Sed
811 1481 944 1550 quanam
965 1461 996 1527 in
1018 1481 1052 1528 re
1068 1439 1176 1527 eorum
1198 1463 1371 1528 satisdatio

180 1592 371 1670 constiterit,
387 1611 448 1658 non
466 1591 574 1678 liquet.

227 1838 371 1906 to-tt.
399 1836 532 1900 Fratres
551 1855 621 1900 nero
636 1837 818 1919 confestim,
838 1833 929 1921 eta).
954 1834 1121 1902 Christiani
1143 1845 1246 1901 autem
1263 1832 1370 1902 Tires-

180 1961 390 2030 salonieenses
418 1977 514 2047 quum
542 1955 747 2025 nihilominus
774 1959 871 2027 Paulo
896 1970 926 2026 et
952 1961 1034 2028 Silae
1063 1961 1207 2026 timerent
1228 1959 1268 2027 ab
1294 1959 1370 2028 odio

180 2084 384 2162 ludaeorum,
408 2084 491 2148 etto
511 2085 652 2148 coactata·
674 2080 804 2169 (ευθεως)
821 2105 878 2172 per
901 2095 1022 2152 noctem
1046 2086 1258 2172 insequentem
1284 2085 1367 2152 elam

179 2209 250 2276 illos
266 2209 435 2275 emiserunt
451 2209 614 2275 Beroeam.
630 2208 832 2296 —Legenda
856 2221 902 2277 est
925 2209 978 2278 hio
1002 2211 1088 2277 Pauli
1106 2210 1145 2277 ad
1160 2210 1368 2277 Thessaloni·

178 2352 289 2401 censes
315 2332 444 2423 epistola
472 2331 560 2420 prior
586 2332 680 2421 (Cap.
709 2335 820 2423 l-5l‚
845 2334 898 2402 ubi
927 2334 1152 2423 aliquantulum
1176 2334 1367 2423 explicatius

178 2478 282 2526 sermo
300 2469 346 2525 est
361 2456 400 2524 de
416 2469 485 2524 ortu
510 2456 800 2524 Thessalonicensis
824 2459 987 2525 ecclesiae.
1007 2461 1142 2538 Beroea,
1161 2456 1368 2525 Macedoniae

178 2582 272 2661 urbS,
301 2581 339 2649 ad
366 2591 501 2649 montem
529 2581 690 2648 Bermium
718 2583 775 2649 sita
799 2593 882 2662 erat,
909 2603 1007 2672 prope
1031 2580 1165 2661 Pellam,
1192 2579 1367 2647 Alexandri

177 2707 279 2795 Magni
298 2706 441 2795 patriam.
460 2705 542 2774 Vide
562 2705 687 2773 Cellarii
709 2708 813 2774 Nottt.
836 2707 912 2772 Oro.
933 2709 1046 2792 Antip.
1066 2705 1137 2772 Lib.
1163 2705 1241 2793 Cap.
1266 2706 1365 2786 Xlll‚

177 2830 261 2898 Seat.
280 2832 322 2911 2,
341 2828 360 2918 S
376 2829 431 2897 58.

223 2955 288 3032 (lui
308 2975 380 3019 cora
403 2955 584 3036 venissent,
611 2955 646 3018 ia
667 2973 879 3037 spaopopam,
906 2950 996 3040 etc).
1021 2952 1171 3018 Beroeam
1193 2953 1249 3018 abi
1268 2956 1367 3022 adee-

176 3079 300 3143 rtt'ssent
321 3077 585 3167 (napayampeset)
602 3075 717 3142 Paulus
742 3087 772 3142 et
795 3074 893 3155 Silae,
912 3074 1057 3141 abierunt
1077 3076 1243 3164 (απῃεσαν)
1261 3079 1293 3144 in
1311 3099 1368 3166 sy-

177 3220 324 3289 nagogam
337 3201 544 3281 ludaeorum,
559 3220 616 3289 pro
634 3220 720 3266 more
737 3207 795 3290 (vs.
815 3197 846 3279 2)
865 3199 999 3288 primirm
1017 3198 1140 3266 ludaeis
1158 3202 1364 3288 Evangelium

175 3325 395 3414 praedicaturi.
414 3327 603 3392 Beroeenses
616 3336 720 3391 autem
736 3325 853 3389 Iudaei
865 3322 962 3412 (οὑτοι
975 3320 1023 3413 δε)
1035 3328 1250 3408 pereerost‘ores
1267 3325 1367 3416 (eupe-

175 3455 320 3543 rearepat)
337 3463 424 3519 erant
440 3473 535 3539 qaam
558 3453 622 3518 e'tla'¹
645 3453 702 3537 pai
726 3452 964 3517 Thessalonicae
980 3452 1132 3535 tepebant
1144 3449 1215 3533 (των
1232 3475 1262 3516 εν
1279 3451 1365 3519 Θεσ-

177 3577 365 3669 salertam).
383 3581 508 3665 Quippe
525 3583 580 3666 qut
595 3582 711 3666 (οἱτινες
729 3577 832 3645 ludaei
851 3580 1056 3667 Beroeenses)
1069 3578 1243 3646 doctrinam
1260 3582 1365 3649 Evan-

176 3701 306 3790 gelioam
323 3702 387 3789 (ran
405 3700 505 3791 lapan)
523 3710 712 3789 exceperunt
728 3722 797 3766 eam
815 3722 939 3767 sommo
957 3701 1045 3789 (pera
1061 3726 1174 3783 πασης,
1189 3715 1224 3800 ut
1239 3703 1361 3795 Philip.

175 3827 294 3914 1:20)
312 3825 405 3891 animi
428 3823 672 3915 promptitudine
694 3824 742 3913 (lr.
762 3846 790 3893 e.
812 3825 916 3893 avidas
939 3847 1030 3895 aures
1053 3827 1243 3918 praebebant
1262 3830 1362 3897 Paulo

174 3960 204 4017 et
228 3950 311 4018 Silae
335 3949 535 4037 Evarrgelium
561 3947 839 4040 praedicantibus),
866 3951 1004 4039 quotidie
1027 3963 1206 4019 scrutantes
1222 3950 1363 4042 (ανακρι-

209 4204 228 4270 1)
246 4202 346 4254 Eorum
364 4214 412 4268 pro
432 4201 466 4252 iis
486 4200 591 4266 scripslt
612 4202 744 4268 lnterpres
790 4216 844 4256 rem
858 4215 864 4252 τ
879 4203 913 4255 tls
933 4205 1041 4256 avaient
1059 4205 1105 4256 des
1127 4206 1282 4258 sentimenta
1299 4204 1362 4272 plats

176 4290 273 4350 noster,
303 4285 351 4338 hoa
377 4284 433 4338 loeo
462 4285 629 4352 graecismus,
660 4289 691 4338 ul
718 4290 744 4340 el
789 4296 886 4348 rrobtes.
901 4296 1005 4349 Scilicet
1020 4311 1073 4350 non
1087 4298 1240 4350 exaltabant
1258 4299 1360 4352 tumul-

176 4367 187 4420 l
205 4368 262 4420 Cor.
282 4368 340 4419 Xlll
361 4383 367 4419 :
386 4367 428 4417 43.
790 4377 883 4429 tumtn
895 4377 1046 4443 Apostolos,
1060 4392 1109 4431 nea
1120 4378 1302 4434 detrectabant
1318 4394 1360 4434 eos

203 4460 221 4522 ι)
238 4437 449 4524 Eupeeecrepat
481 4447 578 4503 Gallice
608 4449 743 4517 exprime-
789 4459 887 4513 audire,
