3074 5054
478 380 616 448 CAPUT
650 379 748 486 XlX,
786 377 907 445 Vnus.
945 381 1045 445 1-7.
1284 376 1348 442 45³7

184 575 325 657 τανοιας),
343 575 459 658 populo
476 569 530 656 (τῳ
552 568 646 657 loq),
665 569 687 634 i.
706 587 735 634 1.
754 566 817 634 illis
841 588 920 656 quos
936 566 1107 656 baptizabat
1130 566 1255 644 dicens,
1279 565 1349 631 illus

182 717 324 778 monens,
348 708 384 762 ut
404 698 568 762 crederent
588 691 653 782 (ἱνα
675 691 879 777 πιστευσωσι)
896 694 1124 757 invenientem
1149 701 1220 774 post
1246 692 1350 774 ipsum

181 819 229 910 (εις
239 842 291 884 τον
307 840 466 912 ερχομενον
484 817 547 905 μετ’
559 817 675 896 auron),
689 817 721 882 in
735 835 805 883 eum
823 817 876 904 qui
890 827 1036 882 venturus
1049 825 1129 882 esset
1146 825 1215 904 post
1231 813 1347 902 ipsum,

180 944 236 1012 boc
262 956 326 1024 est,
350 945 381 1011 iu
410 946 525 1010 lesum.
549 941 708 1030 -Atqui
738 940 826 1006 lesus
849 939 909 1006 iam
934 951 1023 1006 natus
1047 948 1130 1018 erat,
1157 948 1187 1003 et
1215 935 1348 1024 quodam

179 1068 266 1137 modo
289 1070 320 1136 in
344 1068 445 1135 medic
467 1066 663 1156 popularium
679 1084 807 1131 sucrum
831 1063 1021 1131 versabatur.
1042 1063 1103 1130 Sed
1120 1073 1194 1129 tuuc
1215 1060 1348 1128 necdum

179 1189 290 1258 mundo
307 1190 406 1258 luerat
418 1187 641 1265 manifestatus,
660 1187 743 1276 quod
760 1188 874 1256 laetum
887 1200 933 1255 est
946 1188 1070 1256 demum
1088 1207 1184 1276 quum
1199 1205 1215 1252 a
1234 1188 1348 1253 Ioanne

179 1313 381 1403 baptizaretur
404 1312 529 1402 (Mattb.
557 1314 706 1390 111ε15,
733 1310 834 1402 seq.l;
854 1311 986 1381 necdum
1007 1311 1167 1401 publicum
1190 1308 1348 1397 Evangelii

180 1437 374 1526 praedicandi
397 1457 510 1503 munus
534 1435 747 1517 inchoaverat3
768 1435 916 1503 hactenus
940 1431 1012 1523 ergo
1037 1437 1175 1500 nondum
1197 1445 1345 1515 uenerat,

179 1562 228 1629 sed
243 1573 312 1627 erut
327 1572 489 1628 uenturus.
509 1565 597 1630 lldens
609 1560 697 1628 Pauli
711 1572 757 1629 est
769 1561 874 1629 dicere
889 1588 896 1629 :
912 1563 1058 1629 loannem
1074 1560 1217 1649 baptismi
1232 1560 1280 1626 sui
1293 1559 1348 1626 ad-

180 1686 397 1753 ministratione
414 1685 555 1754 humines
570 1685 736 1753 adduxisse
754 1686 878 1774 quidem
891 1685 929 1752 ad
946 1685 1127 1775 praeteritae
1146 1684 1225 1749 uitae
1241 1683 1348 1772 poeui-

179 1811 299 1876 teutiam
313 1811 468 1898 vitamque
480 1830 589 1876 novam
602 1808 838 1888 instituendam3
853 1809 1011 1876 monuisse
1024 1809 1128 1889 etiam,
1140 1818 1175 1875 ut
1187 1807 1349 1875 crederent

179 1933 205 1999 in
222 1953 294 2001 eum
310 1935 399 2000 cuius
415 1935 482 2022 ipse
498 1953 683 2022 praecursor
699 1945 798 2013 esset,
818 1933 933 2022 quique
949 1933 1035 2000 brevi
1060 1942 1131 2022 post
1147 1933 1249 2021 ipsum
1267 1942 1349 1998 esset

179 2068 345 2135 venturus,
363 2058 472 2143 idest,
491 2060 522 2124 iu
541 2059 660 2138 Iesum,
680 2058 866 2147 promissum
886 2058 1052 2134 Messiam;
1078 2056 1256 2145 neutiquam
1273 2075 1347 2123 vero

177 2180 262 2248 illum
280 2202 318 2249 ec
335 2183 395 2248 ritu
412 2181 553 2249 homines
578 2184 649 2249 lesu
672 2181 796 2249 Christo
813 2183 968 2260 initiasse;
991 2201 1087 2270 quare
1103 2181 1129 2247 si
1148 2180 1344 2264 Christiani,
1414 2186 1415 2189 ’

175 2303 205 2372 11
228 2316 275 2373 est
300 2305 425 2372 Christi
445 2329 509 2372 esse
530 2306 661 2384 vellent,
686 2317 829 2396 oportere
849 2327 903 2373 eus
924 2325 1003 2372 novo
1020 2305 1172 2393 baptismo
1189 2306 1348 2389 baptizari

173 2432 209 2494 in
224 2450 339 2494 nomen
354 2431 485 2496 Domini
499 2432 585 2497 Iesu.
603 2431 708 2517 Pergit
723 2441 823 2497 autem
840 2450 928 2496 sacer
941 2427 1207 2517 historiographus
1223 2426 1347 2494 dicere:

171 2573 272 2642 quum
289 2573 363 2620 vero
379 2553 423 2620 illi
440 2555 498 2620 viri
523 2554 652 2622 Paulum
679 2553 754 2620 baec
778 2565 951 2621 monentem
976 2555 1172 2619 audivissent
1187 2553 1348 2638 (univocu-

166 2679 246 2762 τες),
263 2676 375 2744 deinde
390 2677 479 2766 (puta
495 2688 658 2767 postquam
682 2678 848 2767 praecipua
872 2675 943 2743 fidei
960 2677 1060 2765 capita
1076 2677 1205 2744 luissent
1221 2674 1345 2756 edocti),

167 2797 349 2864 Christiano
367 2799 428 2865 ritu
449 2801 602 2882 baptizoti
623 2802 753 2883 fuerunt
774 2803 807 2865 in
824 2821 936 2865 nornen
952 2801 1083 2865 Domini
1096 2800 1173 2864 Iesu
1190 2795 1347 2884 (εβαπτισ-

166 2924 268 2992 Θησαν
285 2945 326 2996 εις
337 2947 370 2986 το
387 2946 483 3008 ονομα
498 2947 552 2986 του
568 2924 684 3013 Κυριου
707 2922 825 3012 Ιησου).
840 2927 886 2991 Et
897 2947 1011 3009 quum,
1027 2923 1087 2991 hoc
1100 2934 1242 3012 peritum,
1261 2927 1349 2990 Paut-

170 3049 224 3112 lus
247 3050 314 3112 illis
337 3050 533 3130 imposuisset
556 3070 668 3114 munus
691 3052 757 3138 (και
778 3051 922 3124 surbernon
946 3073 1048 3123 αυτοις
1068 3073 1121 3113 του
1144 3046 1270 3112 Παυλου
1294 3074 1347 3123 τας

170 3175 303 3261 χειρας),
330 3170 471 3238 videlicet
491 3172 733 3240 administrando
750 3172 811 3240 illis
835 3173 1084 3240 Confirmaticnis
1100 3184 1345 3250 sacramentum,

170 3297 263 3359 uenit
282 3295 425 3378 Spiritus
447 3297 584 3363 Sartctus
605 3320 699 3382 super
720 3319 771 3363 eos
793 3298 877 3386 (vide
899 3298 938 3365 ad
959 3299 1035 3386 Cap.
1055 3299 1191 3365 litlot
1213 3297 1252 3365 ad
1268 3298 1344 3386 Cap.

173 3419 254 3486 Vlll
271 3439 278 3480 τ
296 3419 363 3501 17),
378 3433 408 3486 et
421 3424 623 3508 loquebantur
636 3426 752 3507 linquis
764 3423 849 3513 (vide
864 3423 903 3490 ad
919 3425 994 3512 Cap.
1011 3425 1040 3490 ll
1056 3445 1063 3486 :
1085 3421 1153 3509 15),
1172 3436 1200 3488 11
1214 3427 1349 3508 prophe-

178 3544 283 3614 tabunt
297 3541 378 3621 (vide
394 3544 433 3614 ad
449 3548 523 3635 Cap.
541 3549 569 3613 ll
586 3572 593 3611 :
612 3550 665 3624 17,
684 3559 714 3614 et
729 3546 767 3614 ad
783 3549 858 3636 Cap.
878 3549 924 3613 Xl
941 3568 948 3609 :
964 3547 1035 3633 77).
1050 3586 1094 3596 -
1110 3548 1222 3636 Liquet
1238 3549 1347 3637 impri-

178 3666 236 3732 mis
256 3686 295 3732 ex
313 3666 373 3735 hcc
388 3670 421 3737 S.
440 3670 618 3760 Scripturae
634 3671 715 3751 loco,
734 3671 920 3760 baptismum
938 3672 1061 3739 loannis
1077 3671 1233 3740 diversum
1250 3673 1346 3740 luisse

178 3806 195 3853 a
210 3787 325 3856 Christi
341 3790 510 3880 baptism03
529 3806 558 3861 et
574 3794 749 3862 Catholicae
765 3795 836 3862 fidei
860 3795 970 3884 dogma
988 3795 1047 3863 boc
1063 3817 1148 3876 esse,
1166 3797 1346 3865 Tridentina

179 3910 322 3997 Synodus
338 3913 476 3980 delinivit
499 3916 595 3997 (Sess.
619 3919 679 3985 Vll
700 3920 746 3983 Dr
761 3919 932 4004 baptismo,
951 3922 1027 3985 Can.
1047 3918 1075 4005 1)
1095 3941 1102 3981 :
1121 3891 1243 4006 Siquis
1259 3923 1348 3986 dina·

178 4038 241 4119 rit,
260 4036 377 4125 inquit,
396 4039 599 4123 Baptismunr
615 4042 750 4107 Ioannis
767 4044 910 4108 habuisse
934 4046 1073 4108 eamdent
1094 4046 1159 4108 oirn
1175 4065 1245 4108 cunr
1261 4044 1348 4128 Bap-

179 4163 269 4224 tiamo
287 4159 421 4245 Christi,
441 4168 608 4230 anathemo
624 4169 678 4230 sit.
702 4202 741 4214 -
754 4166 845 4251 Qucd
861 4178 963 4233 autem
975 4188 1010 4234 ea
1023 4186 1101 4256 quae
1119 4166 1170 4233 bic
1186 4178 1348 4234 narrantur

179 4303 240 4349 nou
252 4283 352 4352 tavent
365 4288 463 4353 errori
477 4289 747 4378 anabaptistarum
760 4289 808 4355 vel
822 4310 859 4356 ex
873 4310 908 4356 ec
923 4289 1100 4372 coniicitur,
1109 4291 1192 4380 quod
1206 4292 1347 4382 baptizati

179 4408 303 4498 quidem
328 4410 484 4489 dicuntur,
511 4413 565 4479 sed
587 4417 649 4479 alio
676 4416 847 4496 baptismo,
871 4414 1014 4482 videlicet
1036 4416 1189 4504 baptismo
1212 4416 1345 4493 Christi3

180 4543 250 4590 cum
268 4543 284 4588 1
301 4535 406 4591 contra
422 4526 639 4615 Anabaptistae
656 4530 798 4593 eamdent
815 4527 999 4615 baptismum
1020 4541 1171 4619 repetunt.
