3074 5054
179 388 223 454 78
514 380 649 450 ACTUS
684 378 1018 463 APOSTOLORUM,

177 575 228 643 die
239 576 437 642 Pentecostes
454 571 691 660 Hierosolymae
707 571 899 653 acciderant3
918 576 1053 640 secundo
1065 593 1157 654 vero,
1174 570 1358 661 Apostolos,

178 712 248 792 post
274 709 435 788 acceptum
463 696 614 787 Spiritum
638 697 804 775 Sanctum,
828 696 924 764 multa
947 707 1084 786 patrasse
1107 697 1277 777 miracula,
1296 716 1360 785 quo

178 822 282 890 divino
302 821 477 890 testimonio
498 819 739 889 confirmabatur
760 819 875 886 veritas
897 818 1055 888 doctrinae
1080 841 1172 910 quam
1196 817 1361 910 praedica·

178 947 261 1016 hant.
281 946 329 1015 Cf.
348 948 409 1036 Ep.
423 947 463 1015 ad
478 946 576 1014 Hebr.
596 947 672 1037 Cap.
688 947 741 1013 11:
758 947 792 1026 3,
810 947 844 1012 4.
863 942 960 1030 Φοβος
976 946 1029 1014 ille
1045 947 1098 1035 qui
1116 945 1243 1038 (εγενετο
1260 944 1361 1035 Aor.)

175 1074 322 1137 universe
348 1072 483 1139 ludaeos
505 1070 606 1159 (πασῃ
634 1067 738 1158 pepp)
767 1068 1005 1156 Hierosolymam
1031 1073 1213 1155 occupavit,
1244 1068 1360 1136 intelli-

174 1196 256 1284 gitur
272 1216 359 1264 sacer
376 1196 502 1284 quidam
526 1215 644 1284 pavor,
663 1193 716 1283 qui
742 1214 804 1261 non
828 1194 921 1260 luerit
940 1194 1008 1261 sine
1032 1195 1202 1264 reverentia
1226 1194 1360 1283 quadam

177 1342 248 1411 erga
274 1320 442 1411 Apostolos
471 1340 648 1409 novumque
675 1328 798 1386 coetum
826 1317 1050 1387 Christianum.
1074 1321 1136 1388 Pro
1165 1320 1276 1388 Datiro
1306 1318 1360 1387 illo

177 1449 366 1514 directionis
381 1470 465 1535 πασῃ
481 1443 562 1534 pappa
581 1445 654 1530 (olle
674 1442 887 1529 pomoederen)
904 1443 983 1510 inira
1008 1441 1101 1531 (Cap.
1120 1444 1151 1512 V
1170 1463 1178 1506 τ
1198 1446 1230 1530 5)
1249 1442 1359 1511 eodem

178 1592 271 1639 sensu
298 1569 413 1638 dicitur
441 1593 489 1634 επι
518 1592 645 1643 nareae.
674 1568 784 1636 Fuisse
812 1567 961 1635 miracula
985 1566 1024 1635 ab
1053 1567 1212 1655 Apostolis
1241 1577 1361 1656 patrata
1413 1575 1418 1584 ’

175 1701 374 1783 frequenter,
405 1694 544 1762 innuitur
578 1694 670 1760 etiam
692 1712 761 1781 per
797 1691 1018 1781 Imperfectum
1051 1714 1176 1780 εγενετο.
1214 1691 1263 1759 Cs.
1298 1692 1358 1761 Gr.

178 1842 248 1910 pag.
274 1821 353 1890 286.
380 1815 415 1904 β.

223 2083 278 2148 tt.
301 2077 461 2168 Superiori
486 2078 652 2146 Versiculo
680 2098 715 2146 ca
740 2077 860 2146 dixerat
881 2077 999 2160 Lucas,
1026 2098 1106 2168 quae
1133 2078 1173 2146 ad
1192 2077 1361 2168 Apostolos

177 2204 327 2284 attinent3
362 2203 462 2292 pergit
492 2201 553 2269 iam
589 2226 597 2267 ε
631 2201 669 2268 ad
696 2222 792 2269 novos
819 2200 1012 2268 Christianos
1043 2212 1150 2267 antem
1180 2196 1247 2289 (de)
1276 2200 1360 2289 quod

177 2329 301 2407 attinet,
315 2337 406 2392 erant
423 2347 532 2399 παντες
548 2329 575 2388 ot
592 2347 779 2400 πιστευοντες
794 2324 880 2414 (tous
897 2326 942 2392 les
955 2323 1076 2410 fideles)
1092 2323 1231 2410 pariter,
1248 2344 1361 2413 graece

176 2475 222 2516 επι
248 2475 281 2514 rc
304 2474 390 2514 aare.
412 2449 513 2535 Quod.
528 2470 623 2538 quum
640 2448 678 2518 de
694 2454 800 2517 eodem
819 2454 882 2517 loco
900 2451 1027 2538 intelligi
1045 2461 1194 2538 nequeat,
1213 2450 1289 2518 illud
1308 2471 1361 2517 re-

176 2577 240 2643 lero
263 2575 302 2643 ad
322 2585 438 2642 arctam
460 2575 739 2655 necessitudinem,
766 2576 930 2665 quainter
955 2595 989 2641 sc
1009 2575 1165 2642 coniuncti
1195 2575 1356 2656 vivebant;

178 2721 269 2789 quam
287 2701 570 2790 interpretationem
593 2700 626 2768 S.
646 2700 889 2788 Clrrysostomus
913 2702 1018 2787 (Hom.
1045 2702 1106 2768 Vll
1123 2701 1153 2767 in
1170 2698 1260 2789 Act.)
1276 2699 1358 2770 mihi

177 2822 298 2891 videtur
317 2824 466 2890 indicare.
493 2824 525 2892 Si
543 2825 574 2889 in
592 2835 675 2892 certa
692 2826 823 2914 quadam
841 2825 928 2892 urhis
945 2836 1032 2914 parte
1046 2797 1248 2896 'domicilium
1266 2817 1358 2893 suum

176 2948 397 3028 collocassent,
417 2959 450 3015 ut
466 2959 614 3035 quantum
631 2947 698 3014 fieri
724 2960 828 3038 posset
844 2950 938 3017 vicini
959 2949 1092 3017 invicem
1109 2958 1211 3016 essent
1228 2968 1356 3029 omneS,

177 3074 327 3162 potuisset
343 3073 419 3141 illud
435 3096 483 3136 επι
500 3096 532 3136 το
549 3097 622 3136 aere
638 3072 723 3162 (scil.
743 3074 857 3162 χοριον)
876 3073 962 3141 reddi
983 3101 990 3140 :
1011 3077 1047 3140 in
1063 3076 1263 3167 ecdemloco.

223 3208 253 3262 et
274 3197 554 3264 antecantamenta
578 3200 784 3285 communic).
811 3198 937 3265 Scilicet
963 3197 1046 3288 quod
1070 3199 1176 3265 attinet
1190 3196 1242 3264 vad
1269 3218 1355 3281 opes.

176 3322 335 3390 Bonorum
363 3321 440 3389 haec
468 3323 672 3389 communitas
700 3325 753 3410 qui
778 3322 882 3402 lieret,
905 3323 1006 3390 statim
1030 3322 1154 3391 additur
1179 3323 1239 3411 (vs
1267 3320 1356 3407 tm:

178 3465 289 3535 nempe
312 3445 392 3512 hona
416 3465 472 3512 sua
496 3446 561 3512 sire
576 3443 757 3534 (και-και)
773 3444 944 3512 immobilia
960 3446 1128 3536 (κτηματα)
1147 3447 1211 3514 siue
1228 3445 1357 3513 mobilia

178 3565 341 3658 (ὑπαρξεις)
366 3569 588 3650 divendelrant,
606 3591 700 3655 enque
723 3571 827 3658 (aare)
852 3569 885 3636 h.
905 3591 934 3637 e.
953 3591 1061 3638 eorum
1083 3571 1218 3660 pretium
1240 3569 1357 3638 collec-

178 3699 241 3758 tum
263 3691 483 3780 dispertiebant
504 3692 665 3771 omnihus,
686 3684 777 3782 pro'ut
800 3693 953 3783 cuiusque
975 3693 1143 3761 necessitas
1166 3691 1353 3782 postulabat.

175 3813 313 3881 Ditiorcs
339 3815 391 3903 qui
416 3827 519 3884 essent
538 3817 618 3883 inter
642 3817 780 3884 novellos
802 3818 996 3886 Christianos
1020 3818 1100 3887 bona
1125 3837 1180 3885 sua
1200 3817 1238 3885 ad
1263 3838 1355 3886 usum

175 3958 372 4006 communem
397 3938 572 4008 divendisse
598 3962 729 4025 prorsus
756 3945 882 4020 cronio,
909 3963 969 4009 non
994 3945 1139 4032 expresse
1156 3942 1209 4010 lric
1225 3942 1353 4024 dicitur,

176 4061 238 4130 imo
261 4063 365 4151 potius
387 4056 574 4131 contrarium
597 4063 804 4152 colligendum
829 4064 950 4134 videtur
973 4087 1011 4132 ex
1035 4065 1139 4134 verbis
1156 4067 1259 4133 Lucae
1274 4067 1352 4157 Cap.

176 4186 222 4254 lV
241 4211 249 4253 ι
268 4188 419 4268 ata-54,
438 4186 491 4254 ubi
513 4186 551 4254 de
574 4187 627 4256 illa
651 4188 804 4256 honorum
821 4191 1041 4258 communitate
1057 4191 1100 4258 ita
1116 4190 1254 4279 loquitur
1271 4209 1279 4252 ε
1299 4211 1356 4256 nec

175 4315 362 4397 quisquam,
381 4313 498 4401 inquit,
512 4334 622 4380 eorum
637 4337 716 4401 qnae
738 4318 916 4398 possidebat
932 4318 1057 4401 aliquid
1074 4337 1168 4382 sarum
1192 4336 1254 4380 erse
1268 4316 1354 4380 dice-

174 4437 242 4516 bat,
257 4439 312 4503 sed
327 4447 418 4504 erant
435 4440 502 4506 illis
518 4441 628 4505 orrenio
644 4441 835 4507 communia.
850 4438 1012 4529 Quidquid
1028 4439 1084 4519 sit,
1104 4439 1181 4508 haec
1198 4439 1353 4508 bonorum
