3074 5054
433 471 444 479 ,
500 395 638 463 CAPUT
674 397 771 475 Vlll,
807 394 930 463 VERS.
968 395 1025 462 at.
1078 393 1082 402 '
1295 393 1360 459 119

180 603 294 672 antem,
322 589 407 680 quod
431 589 470 656 ad
499 587 532 654 b.
564 587 586 653 l.
612 595 695 653 notat
719 585 924 664 ttnincetins,
951 604 1023 652 cum
1051 583 1083 649 in
1099 583 1228 651 Oriente
1248 584 1361 666 variis,

181 717 264 783 ctiam
286 713 480 803 gravissimis
501 710 682 778 muneribus
702 709 959 800 praeficerentur,
987 717 1017 773 et
1041 727 1110 773 esse
1132 706 1268 773 solerent
1289 707 1361 774 inti-

180 861 240 908 mae
264 838 466 907 admissionis
489 835 644 914 ministri,
667 855 774 922 regum
800 833 989 911 consiliarii,
1013 832 1088 899 hinc
1111 831 1225 900 lactum
1246 843 1308 912 est,
1326 845 1361 902 ut

181 985 231 1032 vox
247 987 390 1050 ευνουχος
406 961 497 1028 etiam
515 961 675 1027 denotaret
693 961 883 1024 mirtistrcm
907 961 1048 1022 culicum
1071 956 1276 1044 eumdemque
1298 961 1359 1024 eoi-

180 1101 298 1168 rotum,
318 1097 348 1154 et
365 1085 465 1152 latiori
484 1083 659 1170 significatu
681 1093 782 1148 sumta
805 1084 992 1146 ministrum
1015 1083 1156 1146 aulicum
1177 1100 1238 1146 non
1261 1081 1361 1148 evira-

181 1221 248 1279 tum.
268 1211 322 1278 Sic
343 1206 507 1296 Putiphar‚
533 1204 586 1292 qui
612 1214 713 1270 tamen
736 1223 866 1269 uxorem
889 1202 1035 1282 habebat,
1064 1204 1179 1270 Genes.
1204 1203 1358 1271 XXVII:

181 1338 215 1403 ib
242 1355 259 1400 a
287 1330 487 1421 Septuaginta
515 1339 643 1394 vocatur
671 1322 797 1390 credar
825 1327 957 1415 Φαραω,
985 1337 1014 1393 et
1037 1329 1153 1395 Genes.
1179 1327 1317 1393 XXIV:
1340 1330 1352 1395 l

181 1480 311 1544 ευνουχος
335 1455 469 1544 Φαραω,
495 1451 547 1519 ubi
574 1450 746 1518 Chaldaeus
770 1450 862 1518 habel
882 1456 979 1538 111ᾎῇ
1007 1465 1085 1534 13ξῖ,
1111 1455 1249 1534 dynasta
1273 1455 1358 1520 Pta-

183 1584 302 1658 roocis,
322 1599 383 1644 nnn
400 1587 503 1644 autem
520 1586 600 1658 stas,
620 1595 681 1662 qtto
702 1573 847 1641 Chaldaei
872 1574 948 1640 alias
965 1575 1002 1642 de
1022 1575 1073 1640 tali
1098 1584 1239 1641 utuntur.
1259 1603 1272 1635 »
1296 1578 1359 1642 Ae-

183 1701 275 1792 tbiops
308 1702 362 1769 ille
391 1701 443 1768 hic
470 1699 584 1767 dicitur
618 1695 768 1773 duracina
802 1695 986 1779 Κανδακης,
1020 1698 1053 1765 h.
1088 1720 1117 1766 e.
1148 1703 1357 1783 mccistrotos

185 1827 330 1894 Cocdccis
356 1829 502 1909 reqittoe,
526 1824 591 1889 sive
613 1825 765 1888 minister
784 1827 975 1907 salimurius.
1002 1826 1126 1909 Quare,
1145 1844 1184 1889 ue
1205 1823 1287 1890 idem
1311 1823 1358 1890 bis

184 1949 306 2030 dicatur,
341 1970 400 2016 vox
429 1970 569 2032 ευνουχος
598 1945 659 2012 hoc
687 1945 755 2012 loco
785 1945 867 2012 dicta
894 1946 1015 2012 videtur
1047 1967 1107 2013 non
1136 1947 1175 2014 de
1205 1950 1357 2012 miiaistro

183 2078 290 2154 colico,
321 2073 377 2140 sed
403 2076 440 2137 de
467 2074 626 2155 spadone5
656 2072 709 2158 qui
735 2081 835 2139 tamen
865 2092 925 2138 non
956 2071 1110 2159 putandus
1138 2071 1178 2137 sit
1206 2071 1357 2138 Gandacis

184 2200 399 2281 orbiculariter,
415 2217 510 2284 quum
529 2217 601 2262 mox
617 2196 739 2263 dicatur
755 2194 850 2262 fuisse
867 2195 1006 2262 eiusdem
1024 2199 1246 2262 thesaurarius
1261 2196 1307 2283 (ὸς
1323 2220 1356 2270 ην

183 2345 222 2387 επ(
242 2349 342 2399 πασης
366 2349 418 2398 της
438 2327 530 2413 γαζης
557 2327 673 2408 eurus).
700 2323 886 2390 ludaettS-tte
909 2343 947 2388 att
971 2323 1093 2409 genlllls
1118 2322 1228 2402 suelli,
1248 2322 1355 2411 dispu-

183 2457 263 2515 tatur.
282 2425 375 2514 Certe
395 2447 461 2514 fieri
479 2448 578 2536 potuit
595 2457 629 2513 ut
645 2458 726 2513 esset
742 2447 883 2534 gentilis,
904 2465 963 2511 non
983 2457 1082 2511 tamen
1100 2444 1280 2524 idololatra,
1298 2447 1354 2514 sed

182 2572 264 2638 unitas
288 2571 354 2636 veri
378 2571 437 2637 Dei
460 2571 578 2650 cultor3
606 2580 639 2636 ut
660 2570 782 2656 gentilis
803 2580 868 2635 erat
891 2569 942 2634 itte
962 2569 1121 2649 centurio,
1136 2569 1261 2634 nomine
1278 2570 1355 2635 Gor-

181 2696 271 2762 uelius
298 2695 394 2782 (inira
422 2695 499 2782 Cap.
525 2692 585 2781 X),
610 2703 662 2760 aut
690 2693 796 2780 quales
823 2703 910 2758 erant
933 2692 1063 2778 gentiles
1088 2690 1149 2771 illi,
1175 2691 1213 2757 de
1239 2691 1353 2778 quibus

180 2837 274 2885 sermo
303 2829 350 2884 est
375 2817 443 2884 lob.
475 2819 536 2884 ΧΠ
558 2838 565 2879 :
589 2820 644 2886 20.
676 2817 733 2883 Cui
759 2817 927 2882 sententiae
954 2837 1015 2882 non
1045 2814 1146 2882 obstat
1168 2815 1252 2902 quod
1279 2814 1355 2883 dicit

179 2941 345 3020 baronius,
370 2941 490 3008 scilicet
513 2940 573 3007 hoc
596 2953 736 3029 tempore
758 2939 894 3006 noandum
920 2940 1016 3006 luisse
1040 2938 1192 3007 Gentibus
1213 2949 1353 3028 apertum

178 3064 347 3154 ingressum
370 3066 400 3131 in
427 3066 618 3144 Ecclesiam,
644 3065 699 3132 sed
726 3064 851 3131 demum
880 3074 949 3152 post
973 3062 1123 3129 visionem
1148 3062 1250 3140 illam,
1276 3083 1354 3152 quae

177 3190 209 3256 tt.
236 3193 329 3258 Petro
352 3190 496 3276 contigit,
519 3209 675 3277 quamque
698 3190 799 3256 Lucas
821 3187 916 3255 refert
937 3186 1016 3254 inira
1038 3189 1115 3276 Cap.
1142 3189 1186 3254 X.
1211 3188 1291 3254 Nam
1314 3187 1353 3255 ad

177 3310 232 3381 boc
248 3314 432 3403 responderi
449 3325 550 3402 potest
566 3334 637 3380 cum
660 3313 833 3390 Lintnensi‚
860 3312 1016 3379 «licuisse
1038 3311 1097 3378 iam
1116 3310 1187 3377 inde
1203 3330 1219 3376 3
1237 3309 1354 3399 Christi

177 3437 400 3504 resurrectione
423 3439 610 3504 annunciare
636 3439 854 3525 Evattgelium,
872 3438 962 3503 etiam
980 3436 1150 3513 Gentibus,
1169 3436 1253 3502 iuxta
1270 3455 1355 3503 man-

176 3560 276 3630 datnm
304 3563 431 3629 Domini
455 3563 565 3630 blattb.
592 3564 756 3642 XXVlll,
788 3575 817 3628 et
840 3564 938 3631 Marci
967 3564 1058 3630 XVI.
1085 3561 1147 3628 Sed
1170 3561 1244 3647 quia
1270 3561 1352 3628 idem

176 3685 327 3754 Dominus
359 3687 498 3754 Saloator
532 3688 654 3755 volebat
687 3688 809 3754 initium
841 3688 1000 3754 doctrinae
1034 3688 1072 3754 de
1103 3686 1244 3766 Christo,
1274 3707 1353 3774 quae

176 3809 372 3896 Evangelium
397 3809 523 3890 dicitur,
546 3808 615 3874 fieri
638 3810 883 3895 Hidrosolymis,
910 3809 1021 3877 deinde
1049 3832 1105 3899 per
1128 3810 1279 3898 reliquam
1304 3812 1354 3876 lu·

177 3929 279 3997 daeam
303 3940 334 3997 et
356 3951 412 4019 per
436 3931 625 4011 Samariam,
645 3943 678 3998 ut
702 3942 784 4019 patet
804 3952 843 3996 ex
867 3933 969 3997 Lucae
992 3932 1069 4020 Gap.
1095 3930 1153 3998 ult.
1177 3941 1207 3996 et
1226 3933 1298 3997 Act.
1320 3933 1352 4007 1,

177 4051 291 4120 idcirco
327 4052 387 4119 hoc
422 4065 577 4141 tempore,
613 4075 675 4142 qun
712 4054 892 4121 acciderunt
925 4075 961 4120 ea
989 4075 1067 4144 quae
1095 4054 1147 4121 hic
1174 4066 1351 4136 narrantur,

176 4175 313 4263 Apostoli
338 4175 476 4243 nondum
500 4177 676 4245 Gentilibus
699 4178 900 4265 Evartgelium
916 4181 1236 4258 communicaverant,
1255 4180 1352 4248 multo

178 4301 275 4369 minus
302 4321 356 4367 eos
379 4302 408 4367 in
433 4302 605 4368 Ecclesiam
628 4314 828 4391 receperant,
854 4324 891 4369 an
917 4304 1032 4371 diutius
1055 4325 1108 4372 eos
1135 4304 1257 4372 ludaeis
1277 4307 1352 4373 solis

180 4443 282 4492 vacare
312 4426 401 4492 vellet
431 4427 532 4506 Deus,
563 4427 693 4508 incerti,
719 4448 819 4514 usque
842 4427 915 4496 dum
944 4430 982 4497 B.
1001 4430 1092 4496 Petro
1119 4430 1171 4496 illa
1196 4430 1274 4498 visio
1298 4429 1356 4501 luit
