3074 5054
483 397 624 466 CAPUT
659 397 710 480 X,
747 395 870 465 VERS.
895 397 1042 464 11-11.
1274 393 1343 460 283

177 603 204 659 ot
217 602 243 658 te
257 600 429 659 arcesseret
451 589 579 658 domum
602 607 707 668 suam,
725 597 757 654 et
779 585 901 654 audiret
921 585 1084 675 quaepiam
1100 584 1249 678 (ρηματα)
1266 602 1284 649 a
1299 592 1340 649 te.

178 718 216 784 Ex
240 717 294 795 iis,
324 736 403 805 quae
430 716 519 804 legati
549 713 685 782 Cornelii
718 712 904 792 retulerant,
934 724 1027 801 atque
1054 713 1145 779 etiam
1173 731 1212 778 ex
1238 709 1342 777 divino

178 839 208 906 de
221 839 445 928 proficiscendo
473 859 544 906 cnm
573 837 660 905 hisce
688 837 764 903 viris
792 835 954 916 mandato,
980 839 1092 903 Petrus
1116 837 1177 903 iam
1194 834 1283 901 facile
1300 833 1347 898 in-

180 963 293 1046 tellexit,
312 963 388 1053 quid
412 961 535 1030 tandem
558 960 747 1050 significaret
768 965 889 1051 ὁραμα,
912 961 994 1048 quod
1012 961 1056 1027 illi
1074 962 1172 1028 inerat
1189 959 1345 1038 oblatnm3

182 1108 276 1178 nempe
292 1110 354 1156 non
371 1108 439 1155 esse
455 1086 572 1155 diutius
587 1085 806 1154 abstinendum
821 1086 1055 1152 aconversione
1071 1106 1143 1153 oum
1156 1084 1346 1162 Gentilibus

185 1221 258 1299 atque
273 1211 421 1301 deinceps
437 1212 528 1278 etiam
548 1209 615 1292 his,
634 1230 695 1277 non
718 1229 810 1276 secus
832 1230 868 1276 ac
892 1208 1034 1290 ludaeis,
1060 1209 1252 1297 evangelium
1280 1227 1349 1274 esse

187 1333 419 1422 praedicandum.
446 1336 605 1402 Invitavit
625 1330 911 1422 (εισκαλεσαμενος)
935 1354 1009 1417 erpo
1031 1329 1115 1421 (ooo)
1138 1333 1249 1398 Petrus
1265 1330 1349 1397 viros

190 1457 242 1526 illos
269 1459 399 1548 gentiles
429 1470 464 1527 ut
493 1459 532 1528 ad
563 1480 597 1526 se
629 1457 876 1546 ingrederentur,
914 1477 1031 1546 eosque
1062 1459 1182 1541 eccepto
1212 1459 1347 1541 hospitio

190 1577 318 1671 (clerice).
356 1583 504 1673 Sequenti
543 1593 645 1650 autem
680 1582 731 1650 die
765 1604 898 1668 autperto
931 1586 1092 1668 prosector
1123 1592 1168 1646 eat
1197 1577 1348 1669 (αναστας

191 1701 279 1780 ciuile.
298 1708 380 1775 Vide
395 1728 491 1797 supra
506 1708 545 1775 ad
562 1710 609 1775 lX
629 1733 636 1774 :
656 1706 715 1797 59)
742 1727 814 1774 cnm
842 1706 916 1773 illis.
947 1706 1084 1773 Comites
1112 1702 1233 1769 itineris
1261 1712 1348 1768 erant

195 1827 349 1899 ditristioni
383 1835 556 1917 Ioppeoses
591 1832 682 1921 (τινες
709 1854 769 1895 των
798 1827 937 1922 adripuit
965 1853 1024 1894 των
1054 1853 1114 1892 arro
1142 1852 1194 1901 της
1221 1826 1350 1916 Ιοππης)

194 1974 235 2018 rea
256 1955 340 2045 (Vid.
369 1958 445 2047 Cap.
464 1959 512 2024 Xl
532 1979 540 2021 ε
562 1956 632 2045 li),
662 1957 781 2045 origine
808 1959 926 2022 Iudaei
951 1954 1048 2045 (intra
1076 1975 1123 2020 vs.
1145 1955 1215 2040 tt).
1241 1954 1350 2019 Testes

195 2070 220 2137 hi
242 2097 301 2146 esse
328 2090 470 2170 poterant
500 2080 738 2170 locupletissimi
773 2100 882 2147 eorum
919 2080 1056 2169 quaein
1085 2078 1177 2145 domo
1212 2076 1348 2145 Cornelii

196 2215 365 2282 gererentur.

232 2447 276 2516 11.
304 2453 416 2522 Altero
453 2463 560 2520 actem
594 2455 659 2535 die,
690 2451 781 2541 eto).
815 2454 976 2518 Postridie
1007 2453 1058 2541 (τῃ
1086 2474 1245 2541 occuparo,
1279 2447 1350 2516 soil.

196 2564 289 2662 ἡμερᾳ)
303 2576 370 2643 eius
393 2575 454 2644 diei
480 2597 541 2666 quo
566 2597 600 2644 se
622 2578 652 2643 in
679 2577 737 2643 iter
760 2575 886 2643 dederat
909 2574 973 2665 (vs.
992 2575 1064 2665 25),
1079 2576 1217 2665 adeoque
1242 2585 1352 2663 quarto

197 2687 236 2757 die
256 2713 318 2786 post
333 2706 436 2794 ὁραμα
455 2700 600 2769 Cornelio
625 2701 762 2768 oblatum
777 2699 834 2790 (of.
855 2698 925 2790 50),
951 2702 1062 2803 Petrus
1084 2720 1155 2767 enm
1173 2700 1238 2766 suis
1254 2700 1351 2766 comi-

198 2811 262 2886 tibus
280 2826 460 2894 Caesaream
483 2827 618 2893 intravit.
638 2828 677 2892 Et
700 2824 863 2892 Cornelius
884 2824 1009 2914 quidem
1032 2828 1068 2890 io
1090 2847 1125 2890 ec
1148 2835 1216 2889 erut
1232 2845 1352 2908 exoper-

197 2941 297 3012 lotione
308 2950 356 3039 (ην
373 2946 586 3040 inpericior),
605 2960 638 3016 ut
654 2961 738 3016 certo
756 2962 896 3038 speraret
911 2948 1098 3016 domesticos
1115 2969 1189 3015 snos
1204 2948 1265 3014 und
1280 2968 1352 3014 cum

195 3055 272 3134 Petro
287 3091 320 3139 eo
337 3072 388 3141 die
405 3093 472 3140 esse
489 3094 681 3141 reversuros.
701 3076 807 3163 ltaque
827 3073 866 3141 ad
890 3072 973 3140 hune
994 3073 1075 3140 diem
1099 3076 1140 3139 od
1155 3095 1188 3138 se
1206 3093 1353 3139 convoco-

195 3195 574 3288 11111(συγκαλεσαμενος)
590 3207 735 3286 cognatos
748 3218 822 3266 suos
839 3209 868 3263 et
882 3201 999 3264 anticos
1015 3200 1147 3264 intimos
1162 3196 1246 3286 (τους
1263 3219 1355 3285 αναγ-

195 3324 282 3394 καιους
296 3319 410 3414 piltona.
424 3323 506 3391 Vide
519 3323 679 3412 Kyplium
696 3323 734 3391 ad
752 3322 785 3389 h.
800 3321 848 3401 1.).
863 3322 1019 3391 Nimirum
1032 3321 1176 3412 cupiebat
1192 3320 1356 3388 Cornelius

197 3463 336 3495 N.

196 3589 386 3666 χρηματιζειν.
411 3600 547 3667 Nusquam
565 3601 592 3650 in
613 3598 687 3650 libris
700 3613 743 3650 ve·
790 3600 1041 3653 Oracutolromioem
1051 3587 1357 3672 admonenaDeoqupqin

197 3679 267 3746 lorum
278 3695 525 3772 xpapetsignificat
541 3692 745 3745 monitnmdtni-
790 3691 932 3744 dicebatur.
958 3691 1041 3755 Vulgo
1069 3694 1096 3741 et
1123 3689 1219 3740 eximie
1252 3696 1357 3763 χρημα

197 3776 473 3842 nanctoacum,
486 3775 746 3843 nequeaGramma·
790 3789 845 3827 rem
871 3773 977 3826 notabat
1002 3774 1099 3825 utitem.
1127 3773 1166 3824 11)
1188 3771 1237 3824 hac
1260 3772 1359 3822 virtute

199 3850 243 3912 licis
258 3865 304 3918 ista
320 3866 392 3917 vocis
408 3866 523 3930 potestas
544 3861 593 3913 luit
611 3863 744 3912 annotata.
792 3853 988 3942 χρηματιζειν
1005 3861 1075 3928 apud
1093 3860 1203 3911 Graecos
1223 3857 1358 3922 signitica-

198 3935 250 3996 Qlld
266 3948 373 4014 ilique?
392 3945 536 3998 ommium
552 3943 630 4006 VUlg⁰
650 3941 746 3994 Graece
791 3950 837 4001 hat
863 3961 905 3998 res
934 3947 1010 3998 utiles
1039 3951 1169 4007 tractore,
1190 3947 1217 3994 et
1244 3939 1359 3993 Medium

197 4016 746 4107 diciturpqpuoptoq.Attendentimoxpatc·
792 4015 1030 4108 χρηματιζεσθαι
1048 4029 1174 4094 patriotae
1194 4026 1359 4076 corrodendo

196 4100 233 4175 hil,
245 4114 366 4182 idipsum
380 4113 527 4179 antiquitus
540 4109 687 4175 Slssfllfffiffl'e
698 4123 746 4175 ΡΟ·
792 4126 849 4176 scis
860 4123 1002 4174 commodis
1012 4120 1150 4173 inservire.
1164 4119 1217 4170 Hac
1233 4119 1360 4183 potestate

196 4191 260 4250 llliffl
270 4207 393 4275 χρῆμα,
410 4196 508 4262 quippe
527 4198 613 4245 Ortum
629 4193 661 4243 ib
675 4193 747 4243 elus·
793 4206 970 4258 adhibuerunt
982 4204 1168 4255 Historieornm
1180 4203 1359 4264 ueternmop-

195 4275 242 4333 dem
261 4283 339 4335 Verbi
360 4279 502 4333 Praeterito
521 4278 618 4328 Passio.
636 4276 749 4327 diversi·
793 4290 850 4342 timp
874 4287 1054 4353 Thucydides,
1078 4284 1261 4349 Theopompus
1282 4279 1360 4345 (apud

192 4362 749 4438 ωθᾰθβΐθῦὓῦὓῑᾶῖθκῑχρημαθῑκεχρησ·
794 4361 1362 4435 Athenaeuml‚etxenophon.nCl.Valcko-

192 4466 262 4528 μαιε
282 4455 355 4507 illinc
372 4462 497 4529 χρημα,
518 4452 578 4503 hinc
596 4459 745 4525 χρησμοί·
795 4455 899 4509 narium
913 4453 984 4506 adh.
998 4452 1015 4503 1.
