3074 5054
505 378 644 447 CAPUT
678 381 762 460 XX,
801 377 922 446 Vnus,
960 379 1003 445 28
1290 377 1356 444 495

179 571 258 639 multi
285 571 425 660 episcopi
447 580 550 637 essent
573 570 666 636 unius
687 569 819 636 civitatis
844 577 1001 656 pastoros;
1027 576 1061 633 ut
1084 563 1202 654 liquido
1230 574 1350 653 pateat,

178 694 373 783 presbyteros
396 714 450 761 eos
472 693 588 774 inisse,
614 712 693 781 quos
715 692 884 759 nominarit
906 691 1084 780 episcopos.
1109 690 1237 755 Beatum
1261 707 1356 775 porro

177 816 420 909 Epaphroditum
442 817 473 883 in
495 815 626 906 epistoia
649 816 717 905 ipsa
738 835 848 882 eorum
868 813 1037 903 appellavit
1056 811 1230 900 apostolum
1253 836 1261 876 :
1285 812 1357 876 Ves-

177 952 279 1025 trum,
310 941 393 1008 enim
422 938 540 1028 iuquit,
571 942 747 1024 apostolom
775 949 804 1004 et
830 939 1026 1003 necessitatis
1052 957 1140 1002 meuc
1164 937 1354 1001 oditrtoreot.

178 1066 289 1155 Aperte
312 1085 385 1152 ergo
407 1063 514 1131 docuit
540 1063 718 1153 episcopale
741 1082 854 1130 nonnus
874 1061 934 1152 ipsi
952 1061 1048 1128 fuisse
1071 1059 1241 1141 creditum,
1259 1079 1355 1147 quum

176 1187 412 1276 appellationem
429 1185 560 1256 haberet
574 1187 720 1277 apostoli.
739 1215 753 1246 a
773 1252 775 1257 .

217 1309 303 1377 idem
329 1311 390 1378 iam
407 1310 481 1378 alibi
498 1311 545 1401 (in
561 1313 638 1402 Gap.
659 1315 692 1380 5.
711 1313 773 1401 Ep.
795 1314 808 1379 i
829 1311 868 1379 nd
885 1308 1027 1380 Timoth.
1045 1309 1084 1376 ad
1102 1330 1146 1374 vs.
1168 1308 1197 1390 i)
1217 1304 1356 1372 eamdem

179 1452 238 1500 rem
263 1432 413 1500 docuerat
429 1433 480 1501 his
496 1433 599 1501 verbis
619 1455 627 1499 :
654 1435 760 1507 «Τους
776 1456 886 1507 aurove
903 1428 1029 1496 εκαλουν
1047 1451 1118 1493 ποτε
1135 1422 1356 1516 πρεσβυτερους

178 1579 223 1619 και
250 1579 445 1632 επισκοπους·
474 1581 544 1632 τους
567 1553 600 1622 δε
623 1580 674 1621 νυν
702 1554 908 1642 καλουμενους
936 1576 1135 1633 επισκοπους,
1165 1548 1355 1624 αποστολους

180 1681 351 1765 proprior.
380 1681 440 1743 Tou
468 1676 501 1744 δε
521 1702 633 1768 χρονου
656 1686 830 1770 προϊοντος,
854 1702 887 1742 το
910 1700 964 1763 μεν
988 1701 1039 1751 της
1065 1671 1236 1747 αποστολης
1259 1695 1356 1759 ονομα

179 1826 232 1878 τοις
256 1801 373 1879 αληθως
394 1801 577 1878 αποστολοις
598 1801 773 1867 rotehonen·
788 1825 841 1877 την
858 1797 890 1866 δε
906 1826 957 1876 της
974 1822 1137 1873 επισκοπης
1155 1820 1356 1889 npoopyoprcu

178 1952 234 2004 τοις
265 1928 363 1994 παλαι
396 1929 594 2018 καλουμενοις
628 1929 810 2004 accersitore
845 1929 999 1994 επεθεσαν·
1031 1928 1111 1991 οὑτω
1147 1923 1356 1998 ottramnus

178 2052 342 2130 αποστολος
369 2059 384 2121 ὁ
411 2051 623 2147 Επαφροδιτος
650 2075 696 2128 ην·
725 2054 811 2140 ripun
838 2075 915 2143 γαρ,
944 2073 1055 2142 φησιν,
1082 2046 1273 2124 antonios,
1303 2070 1356 2108 και

179 2200 315 2269 ouoeppor
331 2201 383 2252 της
395 2200 499 2268 χρειας
517 2201 589 2264 μου·
606 2178 684 2241 οὑτω
701 2178 829 2267 Κρητων
846 2179 861 2239 ὁ
876 2177 963 2249 Τιτος
975 2222 984 2252 ,
998 2198 1050 2237 και
1067 2171 1213 2236 Aaronom
1231 2174 1245 2233 ‘o
1260 2172 1356 2255 Τιμο-

178 2303 234 2378 tog
249 2299 429 2367 αποστολοι·
453 2303 533 2367 οὑτω
553 2326 613 2367 orno
636 2325 696 2367 των
718 2299 938 2392 Ἱεροσολυμων
958 2323 1020 2372 τοις
1036 2321 1065 2362 εν
1082 2295 1247 2381 Αντιοχειᾳ
1267 2316 1356 2383 cypa-

179 2425 234 2513 ψαν
251 2431 278 2491 οἱ
295 2424 463 2494 αποστολοι
479 2451 530 2491 και
555 2430 583 2490 oi
600 2423 812 2518 πρεσβυτεροι.
827 2423 860 2491 h.
880 2445 910 2492 e.
935 2451 949 2483 «
967 2421 1101 2490 Eosdem
1118 2418 1192 2487 olim
1210 2417 1359 2485 vocabant

179 2551 377 2640 presbyteros
400 2563 430 2620 et
450 2553 632 2642 episcopos;
662 2571 716 2619 eos
740 2562 842 2617 autem
866 2547 920 2637 qui
942 2568 1024 2616 nunc
1048 2554 1195 2612 vocantur
1218 2542 1356 2631 episcopi

179 2675 333 2765 apostolos
350 2674 561 2743 nominabant.
581 2674 772 2742 Procedente
788 2682 890 2739 autem
908 2682 1066 2760 tempore,
1084 2669 1287 2750 Apostototus
1304 2687 1359 2733 no·

179 2817 244 2865 men
267 2798 462 2887 reliquerunt
485 2798 543 2878 iis,
567 2797 620 2887 qui
644 2817 716 2864 vere
737 2805 824 2863 erant
846 2792 1008 2884 Apostoli;
1026 2794 1237 2876 Episcopatus
1257 2799 1360 2855 autem

178 3001 339 3064 documento,
352 3001 621 3068 eomeseperquetto
639 3003 745 3053 dooesse
791 2996 969 3062 Stapietonius
991 2995 1027 3061 (iu
1050 2993 1169 3046 Antidot.
1191 2990 1306 3058 Apostol.
1333 2991 1359 3041 in

178 3083 203 3134 ic
214 3085 345 3150 quistione
355 3085 491 3136 rimaoere
505 3086 669 3149 pieoomcote
679 3083 744 3149 defi·
791 3080 848 3129 Eoi.
866 3077 962 3143 Apud
980 3075 1007 3127 h.
1021 3075 1052 3134 ht
1073 3076 1192 3126 Maiores
1213 3080 1294 3134 coto,
1315 3073 1360 3122 in-

178 3164 247 3227 uito;
268 3165 316 3216 dui
338 3165 383 3229 che
405 3180 557 3234 novemporto
580 3168 632 3218 due
653 3165 745 3216 maii:
791 3159 1091 3225 quit‚seupresbpteros
1104 3155 1361 3222 Ephesinospositos

178 3245 245 3297 t'orto
256 3247 455 3300 relatioomeote
471 3250 497 3298 a'
516 3248 633 3313 sempiiei
652 3247 744 3311 fedeli,
790 3244 873 3308 fuisse
889 3243 1024 3306 episcopos
1043 3227 1217 3313 (επῑσκθπθς
1229 3234 1262 3285 ab
1274 3244 1361 3284 ΕΜ·

177 3332 247 3384 molti
255 3332 376 3398 de'quali
384 3333 541 3385 motomente
549 3334 573 3385 si
579 3346 745 3399 preoeopono
791 3340 903 3396 κοπεω,
921 3330 1045 3398 inspicio)
1066 3345 1110 3382 seu
1132 3330 1311 3396 speculatores
1333 3330 1361 3380 iro

177 3420 266 3466 contro
283 3427 395 3479 persone
411 3429 427 3466 o
444 3422 566 3466 senteoze
583 3415 744 3466 innocentis·
790 3429 868 3482 prope
885 3416 1031 3476 dominico,
1044 3416 1162 3480 affirmet
1182 3413 1223 3464 hic
1241 3411 1359 3475 Paulus,

177 3495 279 3557 sime‚e
299 3494 323 3547 ie
341 3498 473 3562 poppone,
493 3510 506 3546 e
520 3496 656 3548 rihuttooo
676 3509 746 3546 rome
791 3498 856 3564 quia
866 3498 1023 3562 speculandi
1036 3502 1059 3548 et
1071 3494 1305 3561 superintendootti
1317 3494 1361 3558 of-

177 3579 323 3644 sospettedi
333 3577 414 3639 reitoi,
428 3581 495 3630 orote
504 3580 528 3630 si
539 3579 618 3630 turbo
629 3579 656 3629 to
666 3592 745 3642 paee,
791 3581 878 3646 ficium
906 3586 961 3632 tom
988 3580 1094 3644 pastori
1120 3578 1254 3644 parocho,
1282 3591 1362 3643 quom

176 3661 206 3711 ert
215 3660 343 3711 armonia
356 3661 403 3724 [ra
417 3659 553 3721 Cuttoiiet;
566 3659 656 3711 l’aitro
671 3660 746 3711 reia·
792 3663 938 3713 multorum
950 3663 1087 3713 ciuitatum
1107 3660 1238 3726 Episcopo
1255 3661 1362 3711 incum-

176 3741 317 3793 tioomente
331 3741 388 3807 opti
403 3741 519 3804 Eristos,
533 3743 552 3793 o·
569 3741 644 3807 quati
655 3743 691 3792 (to
708 3740 747 3792 oio
792 3746 844 3807 hit,·
857 3747 901 3797 sort
918 3747 1028 3810 proprie
1045 3746 1129 3796 dictos
1146 3744 1292 3809 Episcopus
1302 3742 1362 3794 iilos

174 3824 313 3886 prertdooo
332 3825 429 3876 motivo
452 3825 481 3877 di
502 3825 667 3889 rinfaeciore
690 3822 747 3873 otto
791 3827 891 3891 fuisse,
906 3839 1019 3893 quorum
1031 3827 1177 3892 quispoeiro
1189 3824 1362 3890 ottpuoeioi·

178 3905 272 3956 Chiesu
293 3905 424 3959 Cottolico
443 3908 471 3958 di
490 3912 576 3958 tenere
594 3905 677 3971 puelle
698 3904 748 3956 toli
791 3915 845 3960 tote
862 3910 966 3973 primos
988 3913 1099 3968 teneret,
1122 3921 1169 3958 nec
1192 3904 1293 3956 Paulus
1314 3910 1363 3957 out

176 3992 297 4040 sentence
305 4003 357 4054 per
367 3989 473 4041 orticoii
484 3991 512 4040 di
522 3991 588 4054 fede,
601 4004 614 4040 e
625 3990 653 4040 di
666 3987 747 4039 rivol-
792 3990 878 4041 Lucas
900 3989 1033 4055 affirmat,
1056 4002 1104 4039 neo
1123 4002 1185 4039 oero
1207 3986 1286 4054 affine
1305 3992 1361 4047 est,

175 4082 236 4134 pere
250 4076 342 4122 contro
354 4072 382 4122 di
393 4085 453 4123 essa
464 4072 484 4123 il
495 4072 652 4136 caotopptm
665 4070 710 4122 chc
722 4070 747 4120 si
792 4086 872 4139 quum
887 4073 966 4124 utrius
978 4072 1094 4123 civitatis
1104 4065 1207 4135 'Ephesi
1215 4068 1363 4134 presbyteri

176 4153 291 4205 eredooo
308 4167 388 4205 avere
404 4155 463 4206 reelt'
475 4155 634 4220 impupoore
650 4155 674 4205 te
690 4167 747 4204 me·
791 4153 819 4204 hi
837 4159 932 4205 essent.
947 4172 960 4198 a
971 4181 1003 4190 -
1014 4151 1174 4213 Timotheus,
1194 4150 1240 4220 qui
1260 4150 1362 4216 primus

176 4234 287 4297 decime,
307 4237 374 4287 orode
391 4238 472 4289 riesoe
486 4237 544 4288 loro
559 4236 607 4302 piri
624 4236 702 4301 facite
719 4236 748 4286 di
792 4236 893 4288 exstitit
920 4234 1093 4302 Ephesiorum
1121 4233 1264 4300 Episcopus
1292 4231 1362 4298 apud

177 4317 326 4369 aatootroe
346 4318 453 4383 cieppiit
472 4333 522 4371 coc
545 4319 598 4371 tate
627 4319 749 4384 inparue
792 4316 903 4368 Paulum
921 4321 993 4379 erat,
1004 4330 1086 4382 quum
1098 4314 1142 4366 hic
1156 4313 1304 4380 Ephesinao
1316 4326 1362 4365 ec·

177 4400 314 4453 t'auroruct
341 4416 434 4467 presso
460 4405 470 4453 i
497 4402 554 4455 toro
580 4404 747 4467 sepirent-
792 4398 885 4451 ctesias
897 4398 1064 4464 presbyteros
1075 4399 1224 4449 arcesserat.
