3074 5054
174 383 240 452 378
519 379 655 448 AGTUS
701 378 1035 462 APOSTOLORUM‚

176 575 299 655 Petrus,
317 582 475 661 tamquam
491 589 658 658 supremus
674 569 834 637 Ecclesiae
849 570 972 649 Pastor,
986 569 1170 638 senteutiam
1187 589 1276 638 suam
1292 571 1363 640 dic·

176 705 263 764 turus
291 698 472 763 assurrexit
499 695 671 780 (αναστας),
701 704 793 783 atque
822 695 853 760 in
882 694 966 761 huuc
986 694 1113 763 modum
1137 693 1260 762 locutus
1282 706 1360 763 est:

176 821 246 889 Viri
273 820 402 898 iratres,
426 841 478 886 oos
499 821 563 904 ipsi
584 818 693 906 (ὑμεις)
715 819 820 897 scitis,
844 818 928 908 quod
949 818 1037 886 Deus
1067 821 1131 885 iam
1153 820 1274 885 dodum
1296 819 1364 912 (αφ’

175 946 293 1037 ἡμερων
310 945 460 1035 apparot)
476 948 561 1012 inter
584 966 641 1011 nos
663 944 830 1034 Apostolos
846 946 886 1026 (ev
903 943 990 1031 ήμιν)
1010 944 1069 1009 sibi
1088 945 1181 1028 eleqit
1196 940 1363 1025 (εξελεξατο

177 1068 254 1135 hor.
279 1067 391 1156 bled),
410 1077 444 1136 ut
468 1087 524 1157 per
547 1088 583 1135 os
606 1087 711 1134 meum
727 1066 867 1136 Gentiles
890 1066 1034 1135 audirent
1050 1064 1267 1154 Evangelicam
1284 1065 1363 1133 doc·

177 1192 307 1274 trinam,
325 1202 418 1281 atque
433 1191 474 1259 ita
491 1190 552 1259 fide
575 1212 642 1260 eam
666 1191 800 1281 amplexi
825 1191 993 1259 Christiani
1019 1191 1140 1259 fierent.
1158 1230 1203 1241 -
1218 1191 1364 1280 Respicit

177 1319 288 1384 Petrus
317 1327 516 1407 praeceptum
544 1315 621 1384 illud
649 1315 806 1397 divinum,
832 1336 894 1404 quo
919 1316 1023 1385 iussus
1050 1315 1149 1384 luerat
1175 1317 1363 1386 Caesaream

177 1440 223 1507 ire
242 1440 282 1508 ad
305 1441 482 1508 Cornelium
503 1439 734 1518 centurionem,
761 1438 920 1506 hominem
944 1440 1119 1522 Gentilem,
1137 1451 1171 1507 ut
1194 1439 1239 1507 illi
1257 1443 1364 1507 Evau-

175 1562 290 1652 gelium
306 1562 511 1653 praedicaret.
530 1562 579 1629 Gi.
594 1563 671 1652 Cap.
685 1563 718 1629 X
734 1587 741 1628 :
760 1563 998 1645 o-t8,etx1
1018 1588 1027 1631 ε
1048 1565 1169 1630 l-l8.
1188 1563 1228 1629 tn
1242 1562 1363 1630 videsis

178 1707 257 1777 quae
273 1687 445 1754 notavimus
461 1686 499 1754 ad
516 1687 592 1775 Cap.
611 1687 644 1753 X
663 1710 671 1752 ε
689 1687 746 1753 22.
1225 1672 1241 1701 ⁸
1261 1698 1264 1704 ·

223 1807 426 1875 Locutionom
446 1811 497 1898 αφ’
518 1807 636 1899 ἡμερων
658 1828 796 1897 appetant
812 1804 920 1895 (Vulg.
938 1807 975 1872 ob
995 1808 1135 1892 obliquis
1154 1802 1275 1884 diebus)
1298 1803 1363 1873 hoo

178 1927 246 1995 loco
262 1927 403 1995 adhiberi
427 1928 466 1996 de
491 1949 525 1996 re
549 1941 619 1996 ante
638 1929 758 2018 aliquot
772 1949 869 1997 annos
894 1941 1035 2019 peracta,
1054 1929 1086 1997 id
1111 1928 1236 2018 quidem
1261 1929 1362 2019 liquet

177 2051 249 2119 inde
265 2052 348 2141 quod
373 2053 503 2122 lacobus
527 2053 619 2137 (inira
642 2075 689 2123 vs.
711 2054 763 2135 ll)
782 2054 843 2124 hoc
857 2076 951 2123 sensu
968 2054 1119 2123 intellexit
1135 2053 1220 2143 quod
1237 2054 1361 2123 dictum

176 2177 276 2245 luerat
295 2198 313 2245 a
336 2181 449 2259 Petr03
472 2199 542 2247 nam
567 2180 707 2248 recolens
729 2199 808 2269 quae
832 2179 884 2247 hic
907 2179 1046 2261 dixerat,
1077 2199 1133 2268 pro
1162 2177 1212 2269 αφ’
1239 2179 1361 2269 ipseper

177 2326 331 2397 αρχαιων,
349 2314 479 2394 usurpat
495 2309 553 2389 (vs.
575 2304 626 2385 ld)
644 2327 762 2395 πρωτον
779 2304 960 2395 (Adverb.),
975 2303 1007 2372 h.
1028 2324 1057 2370 e.
1074 2305 1246 2388 primitas,
1266 2315 1358 2393 puta,

176 2428 207 2495 in
225 2429 379 2518 principio
395 2428 562 2518 praedicati
577 2429 749 2516 Evangelii.
767 2467 812 2477 -
827 2429 994 2498 Obieotum
1011 2428 1096 2496 verbi
1113 2424 1265 2506 εξελεξατο
1283 2440 1332 2496 est
1349 2455 1358 2497 ε

176 2546 229 2614 dett
256 2574 309 2615 του
337 2573 488 2637 σωματος
516 2573 576 2638 μου
604 2575 735 2615 ακουσαι
761 2575 800 2614 τα
823 2551 932 2627 edna...
961 2576 1014 2615 aet
1037 2574 1211 2616 πιστευσαι.
1238 2551 1360 2620 Graeco

176 2671 300 2760 Belgice
323 2672 547 2762 explicaveris,
574 2673 600 2740 si
622 2673 708 2742 dicas
735 2698 743 2740 ε
772 2675 840 2740 God
862 2677 938 2741 deed
961 2677 1061 2740 ortder
1084 2696 1140 2740 ons
1162 2677 1238 2741 deza
1260 2676 1358 2753 bens,

176 2799 231 2863 dat
246 2800 324 2863 door
339 2801 456 2880 mq'nen
471 2799 569 2862 moad
584 2799 621 2863 de
636 2797 818 2876 Heidertert,
836 2806 897 2862 etc.

220 3045 321 3112 8-9.
346 3045 392 3111 Et
415 3047 580 3131 quinovit
603 3046 699 3110 eorda
723 3045 828 3125 Deos,
854 3043 946 3132 eto).
971 3044 1076 3111 Nexus
1097 3042 1149 3110 hic
1173 3052 1245 3110 est:
1272 3043 1362 3111 Deus

175 3189 236 3236 non
253 3179 370 3237 tentum
388 3168 564 3238 mandatum
581 3167 657 3235 mihi
676 3167 761 3235 dedit
777 3166 815 3235 de
832 3166 1039 3257 praedicando
1063 3165 1241 3235 Gentilibus
1257 3168 1362 3241 Evan-

175 3292 254 3381 gelio
266 3343 275 3373 ,
289 3291 344 3360 sed
356 3301 387 3358 et
403 3291 477 3376 (και)
494 3291 574 3359 iacto
591 3290 757 3359 declaravit
773 3291 1028 3371 incircumcisos,
1048 3309 1108 3378 qua
1125 3288 1218 3371 tales,
1237 3289 1362 3380 ineptos

83 3397 85 3401 ¹
177 3433 237 3480 non
262 3434 331 3481 esse
346 3413 384 3481 ad
401 3413 598 3481 obtinendam
616 3390 746 3482 salutem
762 3434 780 3481 a
796 3413 921 3482 Christo
938 3413 1077 3495 allatam,
1095 3413 1122 3481 si
1139 3412 1233 3480 tidem
1250 3411 1362 3480 Chris·

178 3539 290 3606 tianam
307 3540 428 3606 sincero
445 3539 540 3607 corde
555 3540 833 3629 amplecterentur;
853 3541 885 3609 id
910 3540 994 3630 quod
1018 3550 1101 3607 reete
1125 3540 1209 3607 novit
1230 3538 1284 3606 ille
1306 3540 1361 3629 qui

178 3672 224 3729 ost
247 3665 349 3729 cordis
369 3665 512 3747 coqot‘tor
527 3664 555 3751 (ὁ
578 3659 838 3756 καρδιογνωστης)
858 3664 957 3730 Deus.
976 3701 1021 3712 -
1037 3663 1142 3750 Pergit
1160 3663 1273 3729 Petrus
1293 3687 1302 3730 :
1321 3663 1362 3729 Et

177 3787 317 3874 cognitor
344 3786 448 3854 cordis
475 3788 562 3856 Deus
593 3790 679 3864 illis,
708 3787 778 3856 scil.
807 3811 870 3862 τοις
903 3788 998 3851 adreci
1026 3787 1087 3875 (vs.
1119 3789 1151 3866 7)
1181 3787 1361 3853 Gentilibus

177 3908 297 3999 (Dativ.
324 3913 506 3977 commodi:
524 3912 555 3977 iu
577 3910 713 3979 savorem
739 3909 921 3990 Gentilium)
939 3915 1121 3997 testificatas
1146 3920 1193 3977 est
1215 3913 1361 4003 (εμαρτυ-

179 4034 278 4126 ρησεν)
295 4032 367 4115 hoc,
382 4035 451 4102 scil.
467 4035 607 4104 Gentiles
622 4056 681 4103 nec
697 4036 900 4104 circumcisos
912 4056 970 4103 uec
981 4035 1151 4104 Mosaicam
1169 4035 1267 4122 legem
1286 4056 1361 4124 pro·

178 4158 277 4226 lessos
304 4158 543 4250 haudquaquam
572 4159 642 4228 ideo
669 4180 738 4228 esse
765 4163 887 4251 ineptos
909 4160 947 4229 ad
969 4160 1167 4228 obtinendam
1194 4159 1360 4227 salutema

176 4280 301 4351 Christo
325 4283 458 4351 allatam.
487 4285 557 4363 Quo
578 4304 653 4351 vero
673 4285 765 4350 modo
789 4285 876 4351 Deus
901 4282 962 4351 hoo
977 4283 1158 4351 testificatus
1174 4283 1241 4349 estt
1256 4284 1360 4351 Testi-

178 4406 288 4476 fioalus
312 4406 373 4476 hoc
396 4417 442 4475 esi
462 4402 532 4482 dooq
554 4429 658 4481 αυτοις
677 4431 710 4471 το
736 4406 864 4493 Πνευμα
887 4430 921 4471 το
943 4407 1049 4497 ἅγιον,
1071 4406 1169 4482 καθως
1190 4431 1241 4470 και
1266 4407 1357 4493 ἧμιν,
