3074 5054
178 410 244 476 532
534 410 668 477 turus
698 409 1032 489 APOSTOLORUM,

173 600 307 664 subiecto
334 602 468 685 Africo,
499 603 652 685 Africani
680 603 743 666 sibi
770 623 885 666 nomeu
913 605 1099 684 assumpsit,
1132 613 1161 666 et
1190 602 1363 685 Metellus,

175 724 270 791 Creta
286 728 392 791 insula
408 726 594 809 subiupata,
610 729 734 810 iusipue
761 725 883 792 Cretici
903 748 977 792 suae
997 728 1141 810 familiae
1164 730 1364 810 reportavit,

174 864 205 917 et
219 852 434 936 Imperatores
451 873 535 916 nuuc
560 875 657 938 usqete
683 853 823 917 Romani
846 874 885 916 eac
906 854 1052 917 subiectis
1076 853 1239 935 pentibus,
1261 855 1368 920 Adia-

174 975 292 1050 beuici,
310 976 474 1054 Parthici,
493 975 672 1041 Sarmatici
688 978 1001 1059 nuncuparemur
1023 986 1053 1039 et
1077 975 1193 1040 Saulus
1210 978 1251 1040 atl
1263 997 1368 1059 prae-

176 1099 369 1162 dicationem
387 1099 536 1164 Geutium
548 1102 680 1178 missus,
699 1103 840 1182 oprimo
857 1099 1018 1163 Ecclesiae
1030 1099 1149 1181 spolio,
1168 1099 1369 1163 Proconsule

176 1221 288 1304 Serpio
304 1223 419 1304 Paulo,
439 1225 592 1288 uictoriae
608 1245 683 1288 sucre
708 1225 859 1305 tropbaeo
879 1225 991 1288 retulit
1006 1225 1168 1307 erexitque
1185 1224 1341 1287 vexillum
1349 1273 1363 1305 ,

176 1355 211 1408 ut
227 1346 349 1410 Paulus
371 1347 567 1410 dicereture
590 1346 700 1411 Scuto.
727 1373 740 1403 »
769 1347 871 1433 Atque
895 1344 975 1412 bano
998 1346 1133 1412 nominis
1157 1345 1363 1411 mutationem

177 1466 202 1533 si
228 1467 297 1555 quis
321 1469 470 1557 Apostolo
495 1470 554 1557 ipsi
575 1470 615 1537 ob
638 1490 705 1537 eam
728 1490 852 1538 eausam
876 1469 1012 1536 tribuere
1040 1470 1134 1546 notit,
1165 1469 1279 1557 poterit
1308 1482 1363 1536 aut
1419 1528 1423 1533 .

176 1592 343 1659 comitibus
359 1594 426 1659 eius
443 1613 510 1660 eam
526 1595 723 1674 adscribere,
742 1606 794 1662 aut
810 1595 869 1682 ipsi
886 1595 994 1681 Sergio
1011 1593 1119 1660 Paulo.

221 1719 359 1798 repletus
372 1717 499 1801 Spiritu
514 1718 644 1802 Sancto,
664 1718 754 1808 etc.).
769 1720 874 1805 Quum
892 1739 953 1785 non
966 1718 1087 1785 dicatur
1101 1715 1212 1807 πληρης
1226 1719 1358 1800 plenus,

178 1859 257 1926 quac
281 1861 340 1907 vox
360 1855 478 1909 statum
499 1854 583 1910 notat
606 1845 815 1923 habitualem,
838 1843 893 1910 sed
917 1842 1176 1931 alsaciam-quod
1199 1846 1363 1908 actionem

178 1975 333 2045 connotat,
349 1965 543 2034 referendum
561 1970 703 2057 estquod
721 1969 772 2036 bic
785 1970 899 2036 dieitur
915 1970 953 2037 ad
966 1985 1230 2054 praesentaneam
1247 1990 1362 2057 quam-

178 2088 246 2154 dam
272 2088 407 2177 Spiritus
428 2091 529 2158 Sancti
557 2095 798 2176 impulsiomm‚
817 2113 878 2182 qua
901 2092 1092 2159 excitabatur
1115 2092 1230 2158 Paulus
1253 2092 1293 2158 ad
1312 2093 1363 2158 in-

177 2213 296 2302 trepide
309 2213 474 2282 dicendum
488 2215 716 2297 olfaciendum,
732 2217 815 2305 quod
832 2216 947 2284 dixisse
960 2227 990 2283 et
1005 2216 1117 2283 fecisse
1134 2215 1185 2281 bio
1198 2227 1360 2281 narratur.

177 2375 221 2385 -
244 2338 293 2403 De
317 2341 459 2412 ατενιζειν
489 2341 557 2407 vide
582 2360 676 2429 supra
703 2341 741 2407 ad
764 2343 840 2429 Cap.
866 2343 878 2407 Ι
907 2362 914 2402 :
944 2345 998 2409 to.
1023 2341 1094 2409 Duo
1115 2313 1284 2428 Partioipia
1308 2339 1364 2406 bic

178 2462 356 2548 asyndetiee
372 2477 614 2553 conspouuntur,
634 2475 666 2530 ut
683 2485 778 2554 supra
794 2468 870 2555 Cap.
892 2468 937 2532 tx
957 2491 964 2531 ι
986 2469 1016 2532 t.

226 2705 278 2771 10.
308 2702 336 2767 0
361 2707 453 2786 plene
474 2709 561 2770 outrti
580 2708 650 2772 dolo
673 2720 702 2772 et
726 2710 816 2772 omui
835 2706 994 2792 fallacia).
1018 2709 1096 2773 Puta
1120 2706 1244 2794 Belgica
1267 2706 1361 2774 dici:

181 2828 285 2909 opp,
315 2829 364 2892 ool
392 2850 454 2893 oou
481 2833 603 2896 allerlei
628 2834 742 2916 orplist
769 2853 808 2897 eu
836 2853 898 2897 nou
925 2833 1050 2896 ollerlei
1076 2831 1201 2913 bedrop.
1232 2830 1366 2898 Scilicet

180 2970 239 3016 vox
266 2947 444 3042 poitooppa
473 2954 504 3019 in
532 2953 591 3020 boo
618 2956 756 3021 oratioue
783 2954 923 3021 babendo
952 2955 1073 3022 videtur
1097 2975 1153 3042 pro
1176 2954 1363 3041 Synonymo

180 3083 373 3160 antegressae
396 3075 481 3143 vocis
496 3072 596 3150 ὃολος.
620 3077 760 3144 'rhomae
782 3078 930 3164 Magistro
959 3076 1193 3165 Lexicograpbo
1216 3073 1365 3170 palaeop-

181 3221 233 3286 για
250 3201 344 3262 etium
369 3198 557 3266 tantumdem
582 3199 660 3266 valet
681 3220 717 3266 ac
733 3201 750 3274 ἡ
768 3195 903 3274 iolcum
923 3203 1155 3284 (ratimarum.
1179 3201 1218 3264 Et
1235 3200 1265 3265 in
1285 3203 1365 3289 Ety-

182 3321 334 3409 tnologieo
351 3323 462 3410 Magno
479 3318 667 3413 padtouppem
688 3323 845 3402 definitur,
864 3334 897 3389 ut
915 3323 954 3389 sit
977 3347 1011 3385 ro
1036 3345 1112 3408 pera
1128 3344 1318 3412 πανουργιας
1334 3350 1365 3388 τι

182 3444 432 3538 διαπραττεσθαι.
451 3448 642 3536 —Proprie
662 3444 837 3538 puitooppoc
852 3446 886 3535 (a
901 3443 1004 3538 pudice
1025 3459 1055 3514 et
1078 3446 1174 3539 oppon)
1192 3446 1309 3513 dicitur
1328 3453 1366 3515 iu

182 3594 305 3637 omrtem
323 3593 389 3636 rem
411 3582 504 3654 optus
521 3584 550 3637 et
563 3583 719 3654 paratus;
736 3571 791 3638 sed
813 3591 888 3637 usus
912 3571 1026 3649 voluit,
1047 3582 1079 3637 ut
1100 3566 1278 3662 padroappoc
1296 3574 1366 3661 ple-

185 3717 315 3785 rumque
332 3708 498 3784 poneretur
515 3695 545 3761 iu
559 3695 710 3783 vituperio
723 3707 753 3762 et
769 3695 926 3762 bominem
943 3705 1063 3761 notaret
1078 3698 1119 3760 od
1130 3698 1216 3760 molo
1233 3701 1367 3780 qataeois

180 3831 375 3904 promptum.
394 3819 427 3885 Si
445 3818 503 3885 beo
523 3819 647 3885 notione
667 3818 815 3885 sumenda
840 3817 891 3884 bic
915 3829 995 3884 esset
1020 3839 1079 3885 vox
1095 3815 1275 3910 ρᾳόιουργια
1293 3841 1367 3888 ver-

184 3942 308 4010 tendum
332 3941 444 4008 foret:
477 3942 505 4007 0
530 3945 622 4026 pleae
649 3947 739 4008 omui
766 3946 836 4008 rlolo
863 3954 893 4008 et
913 3947 1054 4026 proiecta
1079 3946 1119 4008 atl
1147 3965 1239 4008 omne
1263 3949 1368 4013 scelus

183 4068 334 4136 audacia!
349 4067 423 4148 sed,
441 4078 474 4134 ut
486 4067 566 4148 dixi,
586 4079 686 4157 potest
702 4066 879 4160 ρᾳδιουργια
897 4071 988 4137 etiam
1007 4070 1067 4136 dici
1085 4070 1122 4137 de
1138 4072 1368 4154 fraudulentia

182 4195 422 4284 sivesollooim
450 4211 542 4279 quam
566 4212 673 4260 vocem
699 4196 855 4282 interpres
883 4204 987 4260 noster
1007 4192 1067 4259 boo
1093 4192 1161 4258 loco
1186 4195 1364 4281 usurpavit.

227 4319 276 4402 pti
298 4317 436 4399 dioboli,
464 4319 592 4382 inimice
613 4321 718 4385 ortuis
737 4318 905 4404 iustitiae).
930 4317 1211 4405 Quum·impostor
1231 4317 1290 4383 iste
1312 4337 1367 4407 ap-

185 4445 353 4535 pellaretur
376 4446 532 4528 Boriesu,
553 4444 574 4509 i.
596 4464 625 4510 e.
644 4448 730 4530 silisis
753 4446 847 4529 Iesu,
867 4445 934 4510 beri
952 4452 1063 4532 potest,
1082 4452 1115 4507 ut
1132 4439 1282 4528 pectiliari
1300 4461 1367 4510 em-
