3074 5054
178 373 243 442 ltu
535 375 677 459 ‚turus
705 376 1033 456 APOSTOLORUM,

221 568 277 633 96.
306 568 487 633 Audieduut
503 587 571 648 ece,
590 569 647 651 qui
671 568 707 631 iu
729 568 871 632 custodia
895 577 1000 631 eruut.
1017 565 1131 632 Suditd
1146 589 1222 632 uero
1239 578 1360 633 terrue-

176 700 297 770 mctus,
315 691 403 774 etc.).
420 690 458 753 ot
479 685 615 775 decutet,
634 691 733 754 uincti
754 687 896 776 (Vulgata
916 713 924 755 :
942 691 1001 773 qui
1025 692 1061 755 iu
1084 692 1224 756 cuutudiu
1247 687 1360 774 eruut)

176 810 364 898 intelligendi
389 822 478 891 suut,
505 822 538 878 ut
562 811 693 900 opinor,
719 813 836 897 reliqui
860 815 978 895 captiui
1000 811 1078 903 (ol),
1106 813 1159 901 qui
1185 832 1300 897 nempe
1326 812 1358 878 iu

176 936 333 999 exteriori
352 953 478 1000 carcere
504 933 658 1013 iacebaut3
674 953 744 1000 uam
769 932 884 1000 Paulus
909 944 939 1000 et
963 933 1042 1000 Silas
1066 933 1145 1012 seli,
1164 945 1197 1000 ut
1211 933 1357 1012 videtur,

177 1058 207 1123 iu
236 1060 385 1123 interiori
406 1076 532 1124 carcere
560 1059 618 1143 (vs.
645 1055 705 1145 aa)
729 1067 827 1123 eraut.
854 1059 936 1145 Ergo
959 1056 1032 1125 dum
1057 1055 1090 1124 hi
1113 1056 1202 1129 laetis
1225 1055 1359 1126 vocibus

176 1184 282 1247 laudes
306 1182 371 1246 Dee
395 1181 544 1246 ceuedcul
565 1178 693 1269 (ὑμνουν
709 1203 759 1244 rou
786 1177 889 1264 Θεον),
908 1191 937 1247 et
961 1180 1004 1247 illi
1030 1190 1175 1253 canentes
1198 1183 1357 1255 ausculta·

174 1306 248 1369 deut
264 1302 491 1393 (επηκροωντο),
517 1301 620 1370 subito
649 1312 852 1369 terraemotus
875 1302 973 1369 lactus
998 1312 1046 1370 est
1068 1300 1297 1388 adeotugens,
1324 1312 1359 1368 ut

176 1426 310 1493 carceris
338 1425 535 1493 iuudamcuta
564 1436 816 1493 concuterentur.
847 1427 948 1511 Quem
981 1435 1201 1492 terraemotum
1228 1423 1260 1490 iu
1293 1423 1358 1491 illis

175 1570 280 1617 rerum
293 1549 535 1617 circumstantiis
547 1568 837 1617 uemusauecausae
846 1550 982 1639 cuipiam
995 1549 1125 1618 naturali
1138 1547 1355 1637 adscripserit.

176 1675 282 1763 ltaque
299 1694 356 1762 pru
373 1675 559 1741 miraculoso
577 1672 737 1741 habendus
753 1684 812 1754 est,
828 1675 1010 1758 praesertim
1025 1693 1121 1762 quum
1137 1672 1222 1740 aliud
1238 1672 1357 1761 duplex

174 1799 357 1866 miraculum
374 1799 482 1867 ecdem
500 1810 639 1887 tempore
653 1797 812 1865 acciderit.
831 1799 910 1865 Nam
926 1798 1027 1864 statim
1046 1808 1076 1863 et
1091 1797 1227 1864 carceris
1244 1797 1358 1863 ianuae

174 1944 281 1992 omues
308 1934 432 2012 apertae
458 1932 548 2002 suut,
579 1933 609 1989 et
640 1921 857 1989 universorum
885 1923 1060 1990 vinctorum
1088 1921 1212 1989 vincula
1239 1921 1353 1988 seluta.

220 2172 276 2239 27.
303 2171 552 2253 Experuesuclue
577 2181 681 2236 cutem
705 2181 805 2235 custos
825 2171 979 2249 curreris,
997 2175 1085 2258 eled.
1105 2169 1151 2235 Ec
1167 2178 1357 2235 terraemotu

175 2305 206 2362 et
221 2295 342 2383 fragore
357 2317 374 2359 e
389 2312 496 2360 cernuo
520 2297 672 2360 excitatur
688 2290 826 2381 (εξυπνος
843 2291 1015 2382 γενομενος)
1031 2291 1242 2373 carcerarius,
1258 2313 1354 2379 quum

174 2418 212 2486 ad
229 2438 385 2485 carcerem
401 2418 607 2498 accurrisset,
629 2427 660 2484 et
676 2420 793 2484 uideret
816 2411 918 2504 (ιὸων)
935 2417 1041 2484 ianuas
1057 2415 1193 2482 carceris
1209 2425 1353 2504 apertas,

177 2555 260 2610 ratus
288 2543 432 2632 effugisse
460 2543 598 2624 vinctos,
627 2543 762 2631 gladium
797 2543 921 2610 strinxit
951 2561 1048 2630 seque
1080 2541 1147 2630 ipse
1177 2539 1356 2615 interlicere

175 2669 308 2737 volebat.

221 2908 277 2975 28.
306 2908 460 2974 Clamauit
483 2920 590 2975 aurem
611 2911 732 2975 Paulus
755 2931 825 2976 uuce
850 2933 985 2996 uacuum,
1004 2912 1093 2997 etc).
1119 2912 1223 2997 Quum
1247 2932 1354 2979 carce·-

176 3032 276 3100 rarius
297 3034 366 3097 siue
391 3036 518 3099 lucerua
538 3031 595 3122 (cl.
624 3054 670 3101 vs.
698 3033 758 3123 29)
778 3035 883 3103 videre
906 3037 1041 3126 potuerit
1065 3036 1123 3116 (vs.
1149 3039 1209 3123 27)
1231 3049 1355 3125 apertas

175 3174 244 3222 esse
264 3156 400 3222 carceris
428 3155 553 3234 ianuas,
581 3156 720 3245 prolecto
744 3158 835 3225 etiem
860 3158 993 3236 Paulus,
1020 3159 1076 3227 etsi
1103 3169 1255 3227 nocturno
1277 3169 1354 3226 taru-

176 3297 269 3366 pore‚
294 3278 368 3345 satis
393 3277 571 3346 discernere
595 3281 731 3368 potuerit
753 3281 981 3363 carcerarium,
1007 3282 1038 3349 iu
1055 3282 1200 3349 exteriori
1225 3301 1354 3350 carcere

174 3400 282 3468 stricto
297 3400 399 3490 gladio
415 3422 522 3469 uecem
547 3402 607 3470 sibi
632 3403 747 3471 iulerre
771 3404 937 3471 volentem.
965 3406 1033 3472 Hoc
1057 3424 1129 3492 ergo
1154 3424 1225 3473 cum
1249 3426 1288 3473 ex
1309 3407 1356 3472 iu-

176 3525 280 3592 teriuri
308 3546 433 3594 carcere
456 3525 574 3594 videret
595 3529 730 3609 Paulus,
760 3531 826 3595 ulta
853 3549 923 3593 uoce
949 3529 1050 3620 (φωνῃ
1074 3526 1204 3618 usuale)
1233 3526 1354 3597 homiui

175 3650 348 3719 inclamavit
363 3673 371 3716 :
385 3655 432 3720 Ne
456 3651 532 3740 quid
554 3652 626 3719 mali
651 3652 707 3720 tibi
733 3652 859 3720 leceris!
884 3672 974 3719 nemu
997 3653 1081 3719 euim
1105 3653 1227 3740 effugit3
1247 3675 1356 3720 omues

174 3798 283 3842 tumus
300 3799 347 3843 ute
363 3777 505 3860 (ἅπαντες
528 3799 618 3863 εσμεν
643 3773 776 3864 cuderim!
795 3815 839 3826 -
851 3775 1078 3866 Etnphasls—esl
1094 3777 1125 3843 iu
1142 3797 1219 3844 voce
1236 3774 1354 3856 ενθαδε,

175 3918 254 3988 quae
270 3898 339 3968 ideo
355 3918 371 3966 a
385 3900 446 3966 fine
461 3899 630 3967 sententiae
647 3899 746 3989 posita
763 3908 821 3966 est.
837 3899 992 3968 Nimirum
1009 3899 1196 3988 putaverim,
1216 3900 1354 3980 vinctus,

174 4026 228 4114 qui
253 4026 284 4091 iu
307 4028 458 4093 auteriori
480 4045 607 4092 carcere
630 4024 810 4102 manebant,
829 4022 919 4101 iude,
937 4024 1053 4113 apertis
1073 4024 1178 4103 ostiis,
1197 4025 1356 4112 ingressus

174 4149 270 4217 luisse
294 4150 325 4216 iu
349 4152 534 4216 interiorem
558 4168 733 4230 carcerem,
759 4148 811 4215 ubi
837 4160 924 4215 eraut
943 4148 1059 4216 Paulus
1083 4158 1113 4215 et
1137 4147 1234 4216 Silas·
1258 4151 1356 4217 luter-

175 4274 268 4341 ficere
291 4294 325 4340 se
350 4272 471 4341 volebat
492 4273 685 4340 carcerarius
707 4272 840 4342 necdum
872 4272 1052 4340 interiorem
1077 4291 1236 4338 carcerem
1260 4272 1356 4341 iutro·

175 4417 317 4486 gressus,
336 4407 371 4464 ιιι
386 4417 423 4466 ex
440 4395 642 4488 sequentibus
659 4396 768 4488 liquet.
1165 4368 1173 4381 ⁴
