3074 5054
181 395 246 463 iot
520 394 654 464 ACTUS
692 396 1027 482 APOSTOLORUM,

179 586 329 651 dubitans
346 607 462 671 quaero
479 596 509 651 ct
525 588 696 671 inoestipo,
710 598 744 655 ut
760 587 843 677 apud
862 589 1028 678 Polybium
1046 593 1090 680 (p.
1109 589 1185 670 472)
1205 612 1213 653 ε
1232 592 1288 654 Διο
1304 616 1357 655 και

179 732 245 801 περι
270 732 324 796 μεν
350 731 465 773 τουτων
492 711 672 774 σκεπτεσθαι
700 735 751 773 και
775 706 928 801 dianopam
956 711 1049 787 αλλος
1078 713 1206 803 o‘tppooen
1235 736 1375 803 nnepog,

177 830 295 921 μαλλον
310 857 363 898 του
379 855 430 896 νυν
447 855 623 911 ενεστωτος,
642 833 703 901 hoc
721 844 768 901 est
786 859 794 901 :
808 836 831 900 I
832 847 921 921 toqne
945 838 1008 902 ista
1024 838 1248 902 considerandi
1262 845 1292 900 et
1307 839 1356 900 in-

176 959 355 1042 oestipondi
372 959 436 1023 erit
456 959 542 1023 olins
566 963 816 1044 convenientior,
835 981 930 1046 qnam
946 963 996 1026 ieic
1013 982 1097 1026 nnnc
1113 962 1173 1045 ait,
1194 962 1292 1026 ioons.
1312 962 1356 1027 ita

176 1081 351 1172 Stephanus
367 1085 401 1148 t'n
419 1083 582 1149 Thesauro
599 1084 672 1150 oiiai
691 1109 698 1151 :
717 1079 919 1175 dennopouper
940 1106 1008 1175 περι
1028 1107 1138 1162 auena,
1157 1087 1195 1151 de
1211 1107 1247 1150 eu
1263 1107 1357 1170 qnae-

177 1210 297 1288 mentes,
317 1209 352 1272 in
374 1209 589 1292 quaestionem
613 1211 711 1275 venit.
734 1208 787 1275 Sic
810 1209 900 1275 etiam
924 1209 1003 1275 inira
1027 1208 1179 1297 accipitur
1202 1210 1273 1276 Act.
1297 1211 1353 1276 X:

181 1334 236 1400 17.
260 1331 402 1400 Verbum
428 1354 552 1423 propat
573 1332 689 1422 passim
713 1331 774 1399 dici
798 1353 854 1421 pro
875 1355 958 1418 ειμι,
982 1341 1103 1400 certum
1125 1342 1183 1398 est.
1208 1331 1257 1398 ct.
1281 1333 1353 1399 Act.

177 1456 270 1524 XX:
291 1458 347 1537 18;
366 1458 460 1524 Rom.
485 1457 531 1522 iil
550 1475 558 1518 2
578 1457 698 1536 mxii
720 1475 727 1518 :
751 1458 806 1524 to.
830 1458 851 1525 2
875 1457 948 1523 Cor.
968 1456 1083 1535 1:18,
1110 1457 1167 1536 193
1192 1456 1253 1524 Vll
1274 1483 1281 1524 :
1300 1458 1353 1524 ie.

177 1579 333 1668 Interpres
349 1589 530 1647 nosternon
546 1577 668 1645 ridetur
684 1590 752 1667 post
766 1599 880 1667 γενοιτο
901 1577 1014 1664 legisse
1028 1596 1138 1643 vocem
1154 1600 1255 1640 τουτο.
1275 1577 1357 1644 Ver-

178 1702 258 1771 sioni
275 1723 349 1770 suae
369 1728 377 1770 ε
395 1705 593 1787 ambipebnnt
608 1705 644 1768 de
659 1704 726 1767 iliis
743 1703 893 1787 quidnam
908 1702 1013 1785 ficret,
1034 1721 1126 1788 quem
1143 1720 1268 1767 sensum
1285 1699 1357 1768 sub-

178 1828 303 1907 iacent,
330 1850 390 1897 non
416 1829 580 1919 perspicue
603 1839 697 1919 patet.
717 1828 780 1895 Alii
799 1839 993 1917 praesentem
1016 1827 1120 1895 locum
1137 1828 1179 1894 ita
1195 1826 1354 1894 reddunt:

177 1953 374 2037 ombipebont
388 1956 425 2018 de
445 1952 511 2018 ntis
530 1951 610 2034 (scii.
629 1950 814 2040 Aposioiis),
838 1952 974 2037 quinum
995 1953 1051 2015 boc
1075 1971 1243 2017 eooanrnm
1259 1961 1354 2029 esset,

176 2079 224 2146 vel
247 2081 325 2164 qnid
349 2081 473 2144 tandem
497 2080 553 2143 boc
573 2079 635 2143 sibi
656 2079 767 2161 redet,
787 2087 821 2143 ut
841 2063 923 2143 idem
945 2075 997 2142 bic
1020 2075 1141 2143 dicatur
1157 2074 1241 2163 quod
1262 2095 1356 2164 supra

176 2200 268 2290 (Cap.
284 2202 314 2268 ll
330 2221 338 2263 ε
356 2199 413 2289 ii)
426 2220 434 2262 ε
449 2225 479 2265 τι
494 2223 531 2263 αν
548 2198 626 2264 θελοι
641 2223 728 2264 τουτο
745 2219 838 2277 etrum
858 2219 908 2266 me
923 2219 990 2265 rem
1005 2217 1063 2264 acu
1079 2197 1226 2280 tetigisse,
1246 2196 1357 2264 dicere

177 2346 239 2393 non
265 2326 378 2393 ausim.
407 2326 455 2391 De
482 2328 674 2409 inopistrotn
702 2325 830 2408 Templi
854 2323 880 2404 (ὁ
899 2346 1065 2414 στρατηγος
1089 2345 1141 2385 του
1168 2322 1256 2410 ἱερου)
1285 2321 1358 2387 vide

177 2469 273 2539 supra
289 2449 327 2516 ad
343 2449 419 2538 Cap.
438 2449 484 2518 IV
503 2474 511 2514 ε
533 2452 570 2526 1,
589 2469 659 2538 pag.
678 2450 734 2516 99.
753 2447 814 2533 Qui
832 2446 885 2514 hic
907 2446 1053 2514 dicuntur
1077 2450 1105 2508 oi
1127 2467 1291 2534 αρχιερεις,
1310 2429 1357 2512 in-

178 2574 333 2662 telligendi
361 2572 504 2640 videntur
531 2574 705 2639 sacerdotes
728 2574 892 2656 principes
918 2571 1025 2658 viginti
1051 2580 1183 2658 quatuor
1210 2569 1356 2637 classium

125 2779 127 2782 y
177 2697 384 2766 sacerdotum.
399 2699 531 2765 Causam
547 2718 607 2763 non
628 2698 797 2786 perspicio,
811 2717 869 2763 cur
885 2695 916 2762 bi
935 2695 992 2762 soii
1010 2694 1104 2763 atille
1121 2715 1288 2783 στρατηγος
1305 2694 1358 2761 bio

179 2832 402 2900 memorentur,
426 2840 521 2907 quum
547 2840 597 2885 res
620 2839 636 2884 a
661 2819 812 2886 ministris
833 2819 872 2886 ad
896 2819 1075 2884 universum
1098 2813 1285 2903 synedrium
1310 2838 1357 2882 re-

176 2947 254 3028 lata,
273 2950 365 3017 etiarn
382 2947 502 3035 reliqua
518 2946 656 3014 eiusdem
673 2944 811 3013 membra
828 2945 951 3013 afficere
967 2944 1120 3013 debuerit.

220 3170 337 3236 25-26.
357 3169 476 3234 Interea
492 3165 565 3234 dum
581 3167 813 3248 consultabant,
835 3167 958 3234 advenit
975 3172 1245 3258 (παραγενομενος,
1260 3166 1356 3255 Aor.)

177 3292 282 3359 nescio
303 3291 373 3381 quis
394 3290 478 3372 (τις),
505 3291 713 3372 annuncians,
736 3293 820 3360 viros
844 3292 933 3373 iilos,
956 3312 1035 3380 quos
1052 3291 1119 3358 heri
1144 3292 1174 3357 in
1197 3312 1356 3358 carcerem

174 3415 388 3496 coniecerant,
412 3435 495 3482 nunc
518 3428 599 3483 stare
620 3417 651 3483 in
674 3415 826 3506 Templo,
851 3427 880 3483 et
900 3415 1052 3505 populum
1076 3414 1201 3483 dooere.
1221 3415 1285 3479 ‘Ort
1310 3427 1357 3482 est

178 3539 231 3607 bic
253 3541 454 3605 recitationem
461 3590 473 3623 ,
493 3550 527 3606 ut
547 3550 673 3622 vocant3
692 3540 726 3608 h.
751 3561 780 3607 e.
807 3540 936 3607 inservit
957 3538 996 3606 ad
1018 3537 1223 3606 inducendam
1246 3538 1356 3604 recita-

177 3664 291 3731 tionem
311 3661 478 3730 verborum
494 3663 632 3731 alterius.
651 3663 819 3753 Participia
835 3659 960 3736 ἑστωτες
977 3673 1006 3728 et
1023 3658 1234 3739 διδασκοντες,
1253 3662 1356 3729 iuncta

175 3785 270 3854 verbo
301 3784 498 3854 Substantiro
525 3809 619 3864 εισιν,
649 3786 809 3874 designant
836 3796 942 3851 actum
972 3795 1129 3873 tamquam
1157 3788 1352 3850 continuum.

176 3909 257 3979 Vide
278 3910 335 3978 Gr.
366 3929 436 3999 pag.
461 3912 539 3977 580.
557 3909 695 3976 —Sine
715 3913 764 3989 oi,
783 3910 902 3978 Graece
922 3935 929 3976 :
949 3932 982 3973 oo
1001 3933 1077 3996 μετα
1095 3906 1181 3995 βιας,
1200 3912 1267 3974 niet
1293 3924 1357 3975 mee

173 4033 310 4117 peweid,
325 4034 445 4098 zonder
459 4033 577 4116 pemeid
592 4042 621 4097 te
635 4033 818 4116 pebrniiren.
837 4032 927 4099 Ratio
953 4032 1030 4113 fuir,
1049 4032 1121 4122 quia
1138 4031 1287 4099 timebant
1302 4052 1356 4120 po-

174 4155 301 4246 pulum,
319 4176 356 4224 ac
380 4157 573 4238 metuebant,
592 4177 630 4223 ne
651 4157 676 4224 si
700 4157 771 4246 quis
796 4157 945 4225 tumultus
970 4157 1078 4225 suisset
1102 4168 1245 4234 exortus,
1263 4157 1302 4224 ab
1319 4178 1355 4224 eo

174 4280 396 4370 lapidarentur.
424 4282 527 4349 Voces
549 4284 597 4345 ira
623 4307 665 4369 μη
688 4279 870 4346 iciacensis
892 4281 1026 4372 pendent
1048 4302 1109 4350 non
1134 4281 1173 4349 ab
1194 4279 1355 4373 εφοβουντο

173 4430 231 4499 γαρ
247 4428 298 4470 τον
315 4403 402 4483 icor,
417 4425 496 4494 quae
512 4427 569 4495 pro
583 4406 759 4496 parenthesi
773 4405 913 4474 habenda
929 4416 1013 4486 sunt,
1032 4406 1086 4474 sed
1099 4406 1138 4475 ab
1149 4406 1351 4494 antegressis:

178 4555 212 4595 ov
230 4554 306 4617 μετα
324 4527 407 4616 fitne.
425 4532 500 4602 Vid.
519 4533 577 4601 Gr.
599 4553 669 4623 pag.
691 4535 769 4612 506,
787 4535 893 4604 adnot.
912 4534 945 4599 5.
