3074 5054
451 406 589 474 CAPUT
625 404 750 483 XXIV,
789 402 909 470 VERS.
947 404 1092 470 ili-27.
1297 403 1359 469 ddi

176 597 352 689 (απεκριθη)
369 622 377 664 :
396 599 439 663 In
454 599 619 681 praesenti
635 597 678 677 (ro
691 617 743 657 vor
761 593 842 680 εχον)
859 591 969 660 abeas!
990 603 1112 678 tempas
1128 603 1231 659 actem
1247 613 1362 677 oppor-

177 731 290 787 tunam
303 725 416 812 (carpor
433 717 478 802 de)
495 731 607 786 noctus
625 714 764 805 (ladon),
779 737 934 785 arcessam
949 728 990 799 te,
1005 720 1102 784 sirncl
1118 721 1215 784 etiam
1227 740 1362 802 sperono

176 844 259 935 (ἁμα
276 869 328 908 και
344 841 490 930 eluctor)
507 843 586 921 lore,
605 853 639 909 ιιι
657 842 788 931 pecunia
805 841 864 908 sibi
882 841 1009 909 daretur
1025 862 1042 909 a
1059 843 1156 911 Paulo
1173 862 1230 932 pro
1248 841 1362 910 libera-

178 972 259 1038 tione
276 970 344 1051 sui;
367 989 458 1061 quam
477 970 568 1037 etiam
585 969 625 1036 ob
641 988 766 1037 causam
787 973 985 1054 frequentino
1003 979 1192 1062 (πυκνοτερον
1210 989 1267 1058 pro
1286 993 1361 1033 nor.-

178 1103 312 1189 νοτερως)
330 1117 401 1164 eum
418 1096 594 1165 arcessebat
611 1116 745 1185 cumque
762 1116 798 1163 eo
816 1095 1064 1184 colloquebatur.

222 1222 473 1314 Παραγενομενος
496 1234 530 1290 ut
554 1243 649 1312 supra
676 1224 752 1312 Cap.
773 1222 802 1290 V
829 1224 908 1290 :ab
941 1261 984 1271 —
1008 1224 1056 1288 De
1084 1223 1224 1290 Drusilla
1248 1223 1362 1291 videsis

177 1349 225 1416 ΡΙ.
257 1348 382 1440 loseph.
413 1350 542 1439 antiqq.
573 1349 644 1416 Lib.
675 1350 752 1416 XX.
783 1350 859 1438 Cap.
891 1350 952 1416 Vll
984 1375 991 1416 :
1025 1352 1056 1417 l.
1082 1371 1131 1440 sq.
1158 1389 1201 1399 —
1230 1350 1360 1418 Paulum

177 1473 265 1541 Felix
285 1473 463 1551 arcessivit,
487 1473 633 1540 incitante
657 1473 736 1541 forte
757 1473 897 1540 Drusilla
914 1493 1027 1552 tinore,
1055 1492 1154 1563 qnae,
1181 1495 1252 1542 cum
1281 1484 1364 1542 esset

177 1597 301 1678 Iudaea,
316 1617 354 1665 ex
366 1596 545 1664 curiositate
560 1596 668 1663 audire
684 1597 829 1678 volucrit,
844 1617 995 1686 quaenam
1013 1609 1094 1664 esset
1110 1617 1188 1665 nova
1204 1598 1360 1679 doctrina,

177 1742 288 1811 quasa
305 1722 418 1790 ludaeo
436 1721 532 1789 Paulo
551 1721 797 1811 praedicabatur.
816 1721 925 1789 Studio
942 1733 1045 1790 autem
1062 1723 1177 1790 Pardus
1190 1723 1229 1790 de
1246 1724 1362 1791 iustitia

177 1857 206 1912 et
222 1845 360 1913 castitate
382 1845 570 1926 disserebat;
595 1845 712 1912 sciebat
728 1845 809 1914 euim
826 1845 963 1914 Felicem
985 1867 1053 1914 osse
1075 1846 1249 1915 adulterum
1268 1859 1298 1914 et
1315 1848 1361 1914 in-

177 1971 304 2040 iustum.
330 1971 425 2038 Corn.
450 1990 467 2037 a
489 1970 606 2059 Lapidc
630 1969 667 2037 ad
684 1968 717 2036 b.
738 1969 760 2038 l.
779 1971 827 2036 Cl.
846 1972 948 2038 Tacit.
975 1972 1055 2038 llist.
1075 1971 1144 2038 Lib.
1166 1973 1206 2039 V.
1226 1974 1305 2063 Cap.
1325 1976 1359 2053 9,

177 2107 206 2163 ot
234 2095 346 2163 Annal.
377 2096 448 2162 Lib.
478 2096 540 2163 Xll
571 2122 579 2163 ε
610 2098 664 2163 dl.
684 2134 728 2144 -
747 2097 795 2163 De
823 2098 978 2165 locutione
1005 2121 1039 2161 το
1068 2121 1119 2160 var
1148 2122 1218 2184 εχον
1246 2099 1363 2166 videsis

176 2220 328 2287 Zeunium
357 2219 394 2286 ad
423 2219 530 2306 Vigor.
561 2220 637 2307 Cap.
663 2221 676 2286 l
700 2219 718 2308 S
741 2221 799 2288 Vl.
830 2221 970 2287 Conlerri
1001 2231 1102 2309 potest
1128 2223 1319 2289 Nostratium
1349 2246 1356 2287 :

176 2365 252 2410 ooor
267 2347 315 2411 ols
333 2367 390 2411 aar.
409 2381 453 2392 -
472 2343 676 2432 participium
700 2340 828 2418 ελπιζων
855 2344 967 2432 pendet
983 2344 1021 2412 ab
1041 2345 1239 2412 antecedente
1264 2345 1360 2413 verbo

177 2468 279 2533 Finito
317 2467 478 2558 απεκριθη,
518 2466 601 2555 quod
636 2466 821 2535 sumendum
851 2479 897 2535 est
929 2489 965 2535 eo
998 2489 1113 2547 sensu,
1149 2490 1210 2560 quo
1243 2466 1357 2560 s'upra,

177 2592 319 2680 Cuplll
348 2594 429 2659 :lb
1286 2588 1289 2593 ’

224 2842 279 2907 rt.
305 2840 443 2904 Biennio
459 2849 564 2904 catena
582 2840 716 2922 expleto,
732 2838 819 2923 etc).
841 2837 955 2927 Elapso
970 2847 1071 2907 autem
1088 2837 1227 2921 biennio,
1244 2859 1282 2907 ex
1297 2860 1359 2931 quo

178 2966 292 3032 Paulus
305 2965 444 3055 captivus
467 2966 600 3032 venisset
617 2965 819 3046 Caesaream,
844 2965 932 3031 Felix
950 2965 981 3030 iu
999 2965 1217 3055 procuratione
1235 2967 1362 3055 provin-

177 3091 243 3157 ciae
259 3109 473 3157 successorem
494 3087 615 3177 accepit
631 3089 775 3156 Porcium
801 3091 944 3173 Festum3
964 3110 1121 3175 parumque
1144 3091 1236 3155 vellet
1252 3087 1361 3177 (ealon

177 3215 224 3307 τε)
240 3217 402 3286 discedens
425 3238 490 3284 rem
513 3229 628 3305 gratam
643 3217 744 3285 lacere
766 3217 906 3298 ludaeiS,
926 3238 1004 3307 quos
1027 3218 1132 3286 multis
1152 3217 1254 3284 modis
1270 3238 1361 3286 vexa-

178 3352 278 3426 verat,
305 3340 434 3410 Paulum
459 3342 489 3408 in
514 3341 645 3408 vinculis
668 3341 805 3430 reliquit.
831 3381 875 3391 —
900 3337 1064 3428 Aedepevor
1084 3351 1130 3408 est
1154 3342 1359 3411 Accusativus

179 3464 376 3529 Praediccti.
