3074 5054
176 362 243 430 952
520 361 655 430 ACTUS
694 362 1031 444 APOSTOLORUM,

174 570 301 629 eorum,
329 571 408 639 quae
424 551 560 639 legebat,
583 552 642 620 nisi
666 553 787 621 doctior
811 554 881 642 quis
904 554 988 620 hunc
1014 553 1059 621 illi
1087 553 1235 623 declaret.
1255 555 1363 640 Quare

175 672 358 763 Philippum
383 685 488 763 rogat,
507 673 559 743 liic
575 687 608 744 ut
631 677 705 744 velit
721 698 754 744 se
773 677 815 744 illi
844 688 1000 766 praestare
1017 677 1189 744 doctorem.
1208 715 1252 725 -
1269 678 1364 744 Notat

176 795 215 864 ad
237 795 322 864 hunc
344 797 447 864 locum
472 799 561 886 Hugo
585 800 740 867 Grotius:
769 829 781 858 o
805 801 875 867 Non
899 799 1043 889 putabat,
1063 802 1181 884 inquit,
1204 809 1266 865 tam
1291 818 1363 886 per-

176 919 316 1008 spicuam
348 919 465 1008 ubique
492 941 560 987 esse
587 921 780 1009 scripturam
809 933 839 989 et
867 923 1043 1009 expositum
1072 920 1216 987 omnibus
1245 919 1364 988 habere

175 1062 320 1123 sensum,
342 1054 375 1109 ut
402 1064 484 1110 nunc
513 1043 628 1110 faciunt
652 1064 712 1110 uon
734 1043 883 1113 sellularii
917 1056 1052 1124 tantum,
1077 1043 1184 1110 sedet
1208 1042 1361 1123 feminae3

177 1166 230 1255 qui
247 1167 362 1234 rectius
385 1166 538 1247 lacerent,
564 1169 589 1233 si
610 1167 689 1234 duce
709 1168 767 1235 sibi
796 1189 874 1256 opus
896 1188 964 1235 esse
984 1176 1231 1255 agnoscerent.»
1257 1167 1364 1251 Parti-

177 1290 245 1358 cula
261 1315 318 1382 γαρ
332 1292 363 1358 in
378 1292 532 1360 locutione
549 1317 612 1368 πως
627 1317 685 1384 perp
703 1320 738 1356 otu
757 1291 906 1381 durcaptum
923 1293 1016 1361 inseri
1031 1315 1160 1359 causam
1177 1290 1364 1358 subauditae

176 1414 346 1502 negationis
364 1415 402 1500 ad
420 1417 630 1503 quaestionem
648 1417 807 1506 Philippi;
830 1441 861 1506 q.
882 1417 913 1484 d.
934 1420 1144 1501 iratelliqio-ae
1166 1438 1244 1500 quoe
1261 1416 1365 1498 lepis?

176 1540 250 1607 Non
279 1542 443 1624 intelli905
470 1533 547 1605 atam
570 1542 585 1630 (
606 1540 657 1630 up)
686 1544 838 1625 quomodo
862 1543 938 1605 laceo
961 1542 1140 1622 intelliperc
1165 1541 1285 1622 possim
1310 1536 1364 1625 (αν

178 1659 356 1751 desurper),
387 1667 453 1729 nisi
479 1668 570 1749 quis,
601 1675 663 1730 etc.
689 1664 737 1730 Gt.
758 1667 835 1731 Luc.
855 1667 966 1731 XXlll
987 1685 994 1726 ε
1015 1667 1077 1744 223
1107 1663 1176 1730 lch.
1195 1662 1257 1731 Vll
1278 1687 1285 1727 :
1305 1665 1361 1730 ut.

225 1916 280 1983 52.
307 1917 408 1984 Locus
430 1929 536 1983 cutem
558 1920 743 2004 Scriptcroe
767 1943 862 2007 quom
888 1923 1020 2004 lepebot,
1040 1920 1131 2008 etc).
1156 1921 1277 1988 Graeca
1297 1940 1365 1987 ver·

180 2051 304 2107 terem:
325 2045 536 2108 locaaoutem
558 2043 764 2127 Scriptus-ae,
787 2066 879 2130 quem
908 2048 1031 2128 lepedot.
1052 2045 1123 2112 Vox
1149 2066 1275 2133 περιοχη
1297 2064 1366 2110 sae·

156 2191 159 2196 ·
183 2165 253 2255 pius
278 2165 402 2253 quidem
428 2167 566 2234 occurrit
588 2188 624 2234 eo
649 2189 762 2247 sensu,
780 2179 813 2235 nt
836 2168 933 2235 valeat
949 2169 1031 2236 idem
1049 2189 1085 2235 ac
1101 2170 1259 2247 ὑποθεσις,
1280 2168 1364 2257 quod

182 2287 221 2356 de
238 2298 426 2373 urpttmeato
441 2291 573 2358 alicuius
590 2290 663 2360 libri
679 2292 811 2371 dicitur;
827 2291 881 2358 sed
899 2295 981 2358 etde
999 2293 1064 2357 loco
1079 2291 1184 2379 aliquo
1201 2291 1366 2379 scriptoris

183 2432 416 2501 nonnumquam
432 2413 546 2482 dictam
565 2414 661 2482 luisse
681 2435 790 2482 vocem
814 2438 957 2505 περιοχη,
977 2435 1038 2481 uon
1064 2414 1185 2481 videtur
1201 2434 1295 2503 posse
1312 2435 1366 2480 ne-

181 2540 259 2628 gari.
278 2539 327 2606 Cf.¹
346 2542 444 2607 Henr.
463 2542 572 2630 Steph.
593 2543 623 2608 in
641 2542 739 2610 Thes.
758 2544 796 2610 ad
819 2543 850 2610 lr.
873 2565 903 2610 v.
923 2553 952 2610 et
969 2543 1210 2610 Valckenarium
1227 2542 1266 2609 ad
1286 2541 1320 2609 la.
1342 2542 1363 2609 l.

183 2665 316 2754 Legebat
333 2677 434 2733 autem
458 2667 610 2756 Aethiops
635 2671 733 2735 Isaiae
755 2671 831 2757 Cap.
858 2670 930 2736 till
951 2689 957 2730 :
977 2672 1016 2748 7,
1035 2669 1068 2734 8.
1085 2670 1155 2753 Qua
1171 2688 1244 2734 vero
1263 2667 1367 2756 lingua

184 2786 265 2856 hanc
291 2789 476 2878 scripturam
505 2788 630 2876 legerit,
660 2803 744 2858 certo
773 2791 833 2859 dici
863 2791 981 2880 nequit.
1014 2793 1111 2857 lsa'iae
1140 2789 1284 2856 locus-ut
1313 2788 1366 2856 hic

185 2914 305 2981 Graece
326 2933 344 2978 a
368 2914 452 2980 Luca
469 2914 626 2995 recitatur,
650 2915 691 2983 ita
708 2916 797 3004 planc
814 2916 924 3004 legitur
941 2913 1131 2981 inversione
1148 2912 1366 3000 Septuaginta-

186 3036 286 3104 virall.
305 3041 414 3107 Sermo
430 3047 532 3105 autem
549 3038 592 3104 ibi
610 3049 673 3120 est,
692 3039 839 3129 Philippo
862 3041 930 3129 ipso
955 3039 1140 3126 interprete,
1162 3035 1199 3102 de
1217 3055 1253 3102 co
1272 3055 1365 3123 quem

188 3159 344 3250 Propheta
368 3171 457 3229 vocat
480 3184 607 3229 servum
630 3165 693 3229 Dei
715 3166 805 3252 (πῂ-η
828 3163 924 3248 ⁵1:33),
943 3164 965 3230 i.
984 3183 1013 3229 e.
1032 3161 1070 3228 de
1087 3161 1200 3228 Messio
1220 3171 1365 3236 venturo,

189 3296 220 3354 et
236 3284 361 3373 quidem
377 3285 415 3352 de
431 3297 531 3353 morte
546 3308 638 3374 quam
655 3288 708 3354 hic
723 3287 872 3355 innocens
889 3305 1096 3376 perpessurus
1112 3295 1192 3350 esset
1209 3303 1266 3373 pro
1284 3282 1368 3351 redi-

190 3407 302 3477 mendo
320 3407 454 3476 hnmano
470 3430 594 3496 genere.

238 3535 415 3618 Tamquam
442 3538 506 3600 ouis
533 3572 577 3584 —-
604 3557 638 3600 os
665 3533 790 3622 autom).
825 3532 979 3600 Hebraica
1008 3535 1104 3599 lsaiae
1131 3530 1225 3598 verba
1252 3541 1327 3596 sunt
1359 3551 1367 3591 ι

188 3669 327 3740 aaron
359 3655 407 3741 eq
438 3653 529 3744 naara
574 3661 663 3742 arara
707 3654 767 3742 aaa
810 3655 898 3741 aare*
944 3653 1007 3738 aar*
1053 3651 1132 3739 caea
1175 3656 1265 3739 rue,
1292 3674 1373 3742 oure

191 3777 319 3846 liberius
342 3777 461 3845 reddita
490 3778 530 3845 ita
558 3788 696 3844 sonant:
722 3781 805 3843 siout
832 3781 896 3842 ocis
922 3779 963 3841 cd
990 3779 1218 3860 iupttletiorcem
1243 3780 1373 3844 ducitur

191 3907 313 3970 nullom
332 3925 436 3970 vocem
458 3907 568 3982 ederes,
587 3914 616 3967 ct
638 3907 720 3969 sicut
743 3925 844 3986 opatu,
863 3923 933 3967 cum
959 3904 1115 3977 tonditur,
1144 3911 1238 3979 tacet,
1258 3903 1305 3966 ito
1322 3904 1374 3967 illc

191 4049 224 4093 os
250 4049 343 4093 cirtem
370 4049 434 4092 acac
461 4028 577 4110 operit.
612 4031 701 4111 qaqqia
731 4022 792 4110 app}
823 4033 870 4090 est
905 4046 1011 4090 norom
1050 4023 1246 4090 tondentibus
1281 4046 1374 4108 eom;

193 4172 286 4241 quem
307 4150 463 4217 Pluralem
488 4151 578 4216 LXX
602 4149 678 4215 scite
703 4169 758 4238 per
785 4149 978 4236 singularem
1001 4147 1069 4237 (roa
1093 4169 1241 4236 κειροντος
1266 4145 1374 4232 aaron)

194 4273 407 4344 reddiderunt.
433 4275 559 4343 Scilicet
579 4273 713 4341 Pluralis
736 4273 797 4341 hoo
817 4274 906 4370 loco2
926 4272 1186 4362 quemadmodum
1209 4282 1238 4338 et
1255 4273 1373 4340 Genes.

195 4402 274 4473 XXl
291 4422 299 4462 ι
315 4403 349 4480 7,
370 4401 497 4468 inservit
521 4421 581 4467 non
605 4399 643 4467 ad
669 4397 863 4465 iudicandam
886 4400 1107 4482 ptati-ottranni
1126 4394 1375 4474 tonsorum,sed
