3074 5054
180 373 243 440 ll8
540 369 675 438 ACTUS
713 370 1040 453 APOSTOLORUM‚

61 548 68 566 ⁴
176 564 267 643 Pota,
286 562 403 629 Lucam
420 560 472 628 hic
488 560 632 628 similiter
651 561 817 649 scripsisse
835 587 844 628 :
862 587 914 624 και
934 559 1051 652 populu
1075 559 1202 647 δυναμει
1223 587 1360 649 σημειων

175 712 225 751 και
247 707 377 778 repertor
399 680 581 761 unedtdoor,
600 710 629 747 κ.
656 708 685 749 τ.
712 682 742 746 λ.
765 685 897 752 Dalivus
918 685 971 752 ille
994 683 1111 775 μεγαλῃ
1137 682 1262 772 ὃυναμει
1277 687 1362 776 (mel

175 821 282 900 groote
305 807 563 897 wonderltraoht)
583 807 661 875 mihi
687 818 734 875 est
754 809 886 876 Dativns
910 810 1089 888 societatis,
1107 808 1223 896 dequo
1241 809 1361 876 videsis

177 935 380 1015 lliihnerum,
398 934 417 1023 S
433 934 516 1014 568,
534 935 574 1012 2,
599 932 631 1000 b.

222 1071 252 1125 et
266 1061 374 1143 pretio
390 1079 525 1141 moeno,
541 1055 628 1137 eto).
648 1055 757 1122 Sermo
774 1067 820 1123 est
835 1056 873 1123 de
889 1056 1059 1145 Apostolis.
1077 1057 1126 1122 De
1143 1057 1214 1122 lesu
1230 1055 1361 1126 Christo

175 1185 207 1251 in
225 1181 391 1270 Evangelio
415 1201 471 1247 suo
494 1183 595 1247 Lucas
620 1181 788 1268 scripserat
810 1181 902 1269 (Cap.
921 1182 975 1247 ll:
997 1179 1057 1268 tn)
1076 1205 1084 1246 :
1102 1204 1155 1242 και
1171 1203 1261 1271 χαρις
1278 1178 1362 1244 Θεου

176 1329 209 1382 ην
226 1310 271 1370 επ’
287 1330 360 1369 noro
386 1303 469 1389 (soil.
487 1329 521 1368 ro
542 1300 695 1390 natdtor);
714 1303 858 1370 similiter
875 1303 927 1371 hio
943 1302 1021 1370 dixit
1036 1327 1085 1366 erre
1101 1326 1217 1377 παντας
1233 1327 1361 1380 aurove,

175 1456 273 1520 super
296 1457 348 1502 eoo
370 1457 490 1500 ornnes.
516 1435 586 1519 Qua
611 1432 757 1522 loquendi
775 1433 893 1500 ratione
916 1431 993 1499 mihi
1017 1431 1139 1499 ridetur
1162 1431 1360 1518 significare,

178 1558 284 1626 multis
312 1556 413 1624 modis
440 1557 645 1645 conspicuum
673 1556 787 1633 luisse,
817 1557 1020 1644 praecipuum
1053 1553 1208 1642 quoddam
1236 1553 1362 1621 divinae

179 1683 294 1772 gratiae
316 1680 467 1748 auxilium
491 1680 637 1748 omnibus
660 1680 819 1769 Apostolis
846 1682 992 1747 continno
1015 1679 1135 1747 adesse.

228 1929 284 1996 dd.
310 1927 419 2013 Neque
443 1929 529 1990 enirn
556 1927 725 2010 quicquum
751 1944 859 2006 epens)
886 1927 973 2009 cto).
998 1923 1152 1990 Particule
1177 1945 1255 2014 pap,
1280 1943 1364 2010 qnae

182 2063 251 2119 nota
264 2062 311 2118 est
327 2071 365 2117 ex
380 2074 414 2141 γε
430 2061 460 2116 et
475 2073 554 2142 αρα,
574 2047 645 2130 hie,
662 2068 730 2115 mea
747 2047 871 2137 quidem
888 2048 1056 2128 sententia,
1073 2047 1264 2115 tantumdem
1280 2050 1365 2116 valet

180 2176 264 2264 qnod
281 2179 401 2260 initum
424 2174 462 2242 do
478 2194 539 2262 qua
555 2181 704 2262 potestate
720 2170 893 2238 Particulae
914 2195 972 2261 γαρ
997 2171 1107 2260 legesis
1126 2193 1205 2261 qnae
1221 2173 1364 2262 disputa-

181 2299 225 2366 vit
236 2301 377 2367 Klotzius
390 2298 429 2366 ad
440 2298 567 2365 Devarii
581 2297 696 2364 librum
708 2299 746 2362 de
761 2297 897 2362 Graecae
910 2299 1037 2381 lt'npuoe
1050 2299 1224 2364 Porticulis
1237 2297 1316 2386 (vol.
1325 2301 1362 2378 ⁶2,

183 2446 215 2512 p.
241 2426 327 2505 not,
350 2422 453 2512 sqq.).
481 2425 587 2511 ltaque
615 2423 733 2490 Graeca
762 2419 950 2488 reddiderim
971 2446 979 2488 :
999 2425 1100 2505 ipttur
1127 2444 1225 2507 oreque
1247 2444 1366 2506 coenus

179 2551 345 2634 quisquam
360 2559 429 2613 erut
449 2550 536 2612 inter
557 2567 626 2625 eos‚·
643 2555 673 2610 et
693 2543 878 2610 Particulam
898 2566 956 2633 γαρ
979 2542 1031 2610 hic
1055 2543 1154 2612 habeo
1179 2565 1236 2633 pro
1258 2547 1363 2614 Parti-

180 2671 250 2739 cula
268 2674 479 2738 concludentis
497 2692 533 2737 ex
551 2669 642 2737 dictis
658 2688 705 2735 vs.
725 2671 768 2736 tn
787 2693 795 2734 ε
814 2690 870 2734 nec
885 2672 1288 2754 quicquum-contutante.

228 2797 387 2882 Quotquot
406 2801 507 2877 enirn,
526 2794 616 2884 ete).
643 2795 744 2861 Causa
759 2813 816 2860 our
832 2794 936 2862 nullus
956 2807 1038 2862 esset
1053 2796 1133 2862 inter
1149 2816 1202 2863 eos
1226 2818 1360 2884 egenus,

178 2921 355 2988 summatim
379 2922 439 2987 iarn
464 2920 596 2988 indicata
619 2919 718 2985 luerat
741 2938 797 3007 per
820 2918 937 2987 verba:
955 2931 1047 2985 erant
1064 2923 1131 2986 illio
1147 2924 1259 2987 onrnio
1275 2943 1362 2987 eom-

178 3025 302 3110 rnunr‘o.
319 3044 380 3110 Hie
391 3064 464 3110 vero
477 3042 584 3110 eadem
601 3062 694 3109 causa
705 3044 886 3108 distinctius
899 3043 1074 3131 exponitur.
1090 3046 1197 3132 ltaque
1210 3043 1270 3112 hoe
1287 3046 1360 3113 loeo

178 3169 333 3235 Particula
354 3193 412 3260 pap
435 3168 593 3256 vulgarem
614 3187 702 3235 suam
726 3166 882 3233 notionem
905 3166 1033 3234 obtinet.
1059 3172 1229 3235 Vendentes
1245 3172 1361 3253 offere·

180 3293 273 3376 bortt,
300 3295 420 3362 Graece
442 3290 611 3366 πωλουντες
633 3291 794 3380 (Particip.
819 3292 1019 3381 imperfecti)
1041 3315 1161 3385 epepov,
1186 3293 1219 3361 h.
1238 3316 1267 3362 e.
1286 3318 1362 3360 oen-

180 3416 343 3483 detentet
366 3418 558 3501 afferebant,
576 3440 631 3489 τας
651 3439 743 3501 ropac
766 3439 826 3478 των
850 3438 1103 3506 πιπρασκομενων
1115 3465 1123 3494 ,
1143 3416 1176 3484 h.
1199 3438 1228 3484 e.
1252 3424 1362 3503 pretio

181 3559 289 3604 rerum
314 3543 553 3607 diuenditornnr
560 3590 573 3623 ,
593 3558 691 3628 eaque
706 3537 789 3626 apud
804 3539 971 3627 Apostolos
990 3539 1201 3629 deponebant,
1219 3543 1250 3608 in
1267 3563 1360 3611 nsum

182 3682 378 3729 communem
410 3662 448 3731 ad
480 3683 586 3729 eornm
617 3661 781 3728 arbitrium
821 3663 1032 3750 expendenda.
1074 3666 1204 3732 Locutio
1239 3688 1362 3750 ponere

181 3789 306 3872 aliquid
327 3799 401 3853 onte
418 3790 513 3871 pedes
536 3789 672 3853 alicuius
695 3784 773 3852 nihil
794 3785 878 3852 alind
895 3785 1016 3854 ridetur
1038 3800 1144 3855 notare
1167 3808 1260 3877 quam
1277 3812 1361 3856 cour-

182 3914 326 3991 nn'ttere,
356 3913 540 3976 concredere
567 3912 690 3996 aliquid
717 3911 814 3976 elicui
824 3937 840 3994 ,·
868 3910 975 3977 confer
1003 3912 1079 4000 Cap.
1109 3913 1171 3980 Vll
1195 3937 1203 3977 ε
1227 3915 1268 3980 57
1287 3935 1360 3981 oum

180 4034 276 4099 XXll
296 4054 304 4095 τ
324 4036 380 4101 20.
398 4035 607 4100 Diuidedotur
625 4046 732 4100 nutem
753 4037 909 4118 ainpulc‘s,
927 4045 987 4100 eto.
1011 4034 1094 4103 Vide
1113 4055 1209 4123 supra
1224 4034 1264 4102 ad
1279 4037 1357 4126 Cap.

179 4159 209 4223 ll
229 4183 236 4224 :
256 4160 310 4227 ld.
330 4157 514 4248 lmperlecta
534 4181 635 4250 corpor
658 4169 688 4224 et
709 4159 821 4222 ετιθουν
850 4159 932 4227 dieta
954 4170 1026 4226 sunt
1048 4159 1087 4226 de
1109 4180 1163 4239 eo,
1183 4159 1268 4248 quod
1289 4160 1358 4228 fieri

180 4285 307 4351 solebat.
325 4283 407 4353 Vide
422 4285 481 4352 Gr.
500 4304 570 4373 pag.
589 4286 667 4353 286.
687 4281 701 4370 l
711 4335 718 4350 .
