3074 5054
499 385 638 454 CAPUT
674 385 739 466 tv,
771 386 892 455 Vnus.
932 388 1033 456 1-3.
1324 386 1367 452 99

186 588 259 645 tunc
274 575 474 645 incumbebat
488 574 636 644 excubias
652 595 743 664 agere
763 575 795 644 in
819 575 952 666 Templo
976 573 1065 666 (Vld.
1091 571 1234 642 Mishnae
1257 577 1364 643 Tract.

187 699 339 782 bliddoth,
361 701 440 789 Cap.
466 698 505 783 l).
531 697 738 768 Excubitores
762 699 793 765 in
816 699 921 766 uarios
945 696 1120 785 manipulos
1144 707 1233 764 erant
1254 696 1368 777 divisi,

186 822 377 914 singulisque
400 822 568 912 manipulis
592 831 734 913 praeerat
756 821 869 911 aliquis
884 821 1077 889 Praefectus.
1096 820 1138 888 lli
1154 821 1307 889 Praefecti
1324 821 1369 887 ri·

186 947 295 1016 dentur
313 968 384 1016 esse
408 947 453 1014 illi
479 947 532 1037 qni
554 966 573 1014 a
592 949 677 1015 Luca
693 948 782 1036 (Cap.
808 946 906 1014 XXll
925 969 933 1013 :
953 941 1008 1027 52)
1033 954 1184 1012 vocantur
1205 966 1368 1034 caparnyot

185 1095 236 1136 του
258 1075 336 1164 tepeo
357 1071 465 1159 (Vulg.
489 1072 698 1156 magistratus
722 1071 858 1156 templi).
882 1068 1084 1157 Singulorum
1109 1079 1212 1136 autem
1238 1067 1367 1137 illorum

186 1199 413 1288 manipulorum
435 1197 604 1264 Praefectis
626 1207 768 1285 praeerat
789 1195 970 1263 Praefectus
994 1195 1109 1284 aliquis
1131 1213 1292 1275 summus,
1311 1194 1366 1283 qul

184 1323 355 1412 (Middoth,
365 1323 427 1391 loo.
437 1319 642 1402 citivooatur
653 1337 731 1384 nana
745 1335 785 1382 an
797 1334 857 1380 cru
866 1370 875 1402 ‚
884 1324 1059 1388 airmoatis
1068 1323 1201 1407 Templi,
1210 1332 1303 1410 atque
1315 1321 1368 1389 hic

184 1448 388 1517 videturesse
404 1447 457 1515 ille
473 1448 527 1537 qui
551 1448 582 1515 in
601 1448 754 1537 praesenti
771 1447 841 1516 loco
857 1447 972 1515 dicitur
988 1451 1003 1513 ὁ
1019 1469 1186 1538 στρατηγος
1203 1470 1258 1511 του
1275 1450 1366 1538 ἱερου.

183 1572 281 1639 Porro
298 1571 383 1661 quod
403 1573 510 1640 attinet
530 1573 568 1641 ad
590 1572 755 1641 nonnullos
771 1572 842 1640 illos
864 1571 1061 1642 Sadducaeos
1083 1573 1137 1662 qui
1161 1572 1214 1641 hic
1229 1593 1368 1641 comme·

185 1707 355 1780 morantur,
364 1718 425 1766 non
438 1698 536 1787 liquet
548 1702 601 1787 qni
614 1698 727 1767 factum
740 1698 793 1777 sit,
808 1711 842 1767 ut
854 1699 984 1767 comites
996 1698 1140 1768 adessent
1152 1695 1368 1767 sacerdotibus

184 1813 415 1888 excubitoribus
428 1841 599 1911 eorumque
611 1822 784 1902 Praefecto,
795 1822 918 1910 quando
932 1821 963 1890 hi
977 1834 1230 1914 superuenerunt
1240 1823 1369 1889 Petrum

184 1953 212 2009 et
224 1946 370 2012 loannem
382 1943 652 2034 comprehensuri.
665 1945 807 2012 Forsitan
820 1944 1060 2015 excubitoribus
1074 1947 1136 2014 illis
1149 1946 1269 2014 fuerant
1281 1945 1370 2013 insti·

184 2077 320 2154 gatores,
338 2078 373 2135 ut
388 2087 497 2136 manns
510 2068 541 2135 in
554 2068 722 2158 Apostolos
746 2068 929 2149 iniicerent,
948 2070 1073 2159 iamque
1097 2070 1170 2137 illos
1185 2089 1252 2137 rem
1269 2069 1368 2136 factu·

185 2209 236 2257 ros
251 2191 489 2260 comitabantur.
511 2193 581 2259 lloo
604 2203 688 2259 certe
713 2192 799 2259 innui
817 2193 940 2261 videtur
956 2213 1012 2282 per
1032 2192 1065 2261 id
1088 2194 1173 2282 quod
1197 2193 1366 2283 sequitur:

183 2317 319 2382 dolentes
347 2312 590 2402 (dracouauperar
611 2316 643 2383 in
666 2319 782 2384 Forma
799 2315 884 2384 llled.
903 2341 911 2382 ε
933 2321 990 2403 qai
1003 2339 1036 2384 se
1051 2321 1251 2402 cruciabant,
1271 2339 1367 2413 ceau-

183 2438 468 2525 baat=dolebant)‚
494 2451 659 2530 propterea
680 2439 764 2530 quod
788 2435 851 2529 (dra
866 2447 913 2530 το)
929 2439 1071 2529 Apostoli
1096 2440 1247 2530 populum
1269 2439 1365 2507 doce·

183 2575 268 2645 rent,
283 2575 312 2632 et
324 2564 451 2653 quidem
463 2563 553 2648 (και),
571 2565 656 2655 quod
672 2565 933 2634 resurrectionem
950 2584 987 2631 ex
1004 2565 1136 2632 mortuis
1152 2565 1369 2654 praedicarent

183 2691 215 2753 iu
230 2688 321 2772 Iera,
337 2689 458 2758 Graece
474 2711 503 2752 cv
519 2713 562 2776 τῳ
579 2689 687 2766 Ιησου,
707 2693 743 2754 ia
755 2710 895 2773 persona
910 2689 933 2754 I
933 2710 988 2754 esa
994 2714 1007 2771 ,·
1019 2686 1053 2755 h.
1073 2708 1102 2755 e.
1120 2690 1192 2756 lesu
1208 2700 1365 2778 tamquam

183 2811 419 2878 resurrectionis
443 2813 585 2902 exemplo
602 2815 776 2903 proposito.
795 2813 919 2901 Belgica
935 2811 1057 2880 diceres
1074 2839 1082 2880 :
1097 2833 1161 2879 aaa
1175 2814 1282 2911 Jecur,
1302 2835 1366 2880 aaa

180 2935 239 3000 dea
252 2954 387 3018 persooa
399 2957 462 3001 aaa
472 2937 626 3004 Jesar.—
635 2938 740 3023 Quum
753 2936 895 3026 Apostoli
910 2936 1069 3016 docerent,
1084 2937 1188 3003 lesum
1200 2954 1218 3002 a
1231 2935 1364 3003 mortuis

183 3058 409 3136 resurrexisse,
424 3061 537 3148 insigni
555 3059 617 3128 hoo
630 3061 775 3150 exemplo
791 3061 853 3127 uua
865 3059 1100 3149 praedicabant,
1115 3079 1207 3143 posse
1222 3055 1366 3125 homines

181 3181 340 3248 amortuis
353 3201 515 3270 resurgere
531 3182 585 3272 (cf.
602 3186 617 3251 l
633 3185 708 3252 Cor.
723 3186 806 3252 XV:
820 3186 887 3274 11),
901 3195 994 3272 atqua
1007 3183 1049 3249 ita
1064 3181 1181 3249 erroris
1197 3180 1365 3268 arguebant

179 3304 392 3388 sadducaeae,
418 3309 472 3398 qui
497 3308 657 3391 dicebant,
686 3321 821 3379 mentem
847 3309 1015 3390 humanam
1040 3309 1101 3376 una
1127 3327 1200 3376 oum
1217 3326 1275 3374 suo
1294 3327 1365 3375 cor-

179 3450 253 3518 pore
264 3432 408 3513 interire,
418 3433 680 3524 nullamqueadeo
692 3454 761 3502 esse
774 3453 865 3524 posse
873 3430 1136 3501 resurrectionem
1148 3441 1356 3499 mortuorum.

178 3552 226 3621 Cf.
240 3554 353 3624 Matth.
366 3556 463 3622 XXll
479 3576 488 3617 z
502 3559 558 3625 15.
574 3558 673 3624 Marc.
687 3558 736 3624 Xl
752 3583 760 3625 t
778 3559 831 3625 18.
848 3558 925 3624 Luc.
942 3557 1006 3623 XX
1023 3576 1031 3618 ι
1046 3557 1103 3623 17.
1122 3555 1209 3624 Plau.
1226 3553 1359 3644 loseph.

178 3676 307 3766 nntaqq.
325 3677 459 3746 xvur:
479 3681 514 3759 t,
532 3677 614 3746 etue
630 3663 716 3746 barro
733 3680 803 3749 rua.
820 3683 849 3750 u
870 3705 878 3748 ι
898 3682 940 3760 s,
957 3682 1012 3747 rx.
1031 3679 1080 3745 ue
1095 3679 1360 3746 Artiautotunato

177 3799 298 3867 Nomini
320 3801 458 3890 ‘Propria
482 3801 523 3881 (er
545 3801 704 3889 τῳΙησου)
720 3803 791 3871 vide
816 3805 874 3873 Gr.
902 3823 973 3893 pag.
1004 3805 1086 3881 1053
1100 3812 1131 3869 et
1153 3801 1191 3869 de
1215 3802 1359 3883 notione,

177 3943 268 4011 quam
292 3925 324 3992 in
349 3923 408 3993 lrac
431 3925 586 3994 locutione
608 3927 727 3995 obtinet
747 3928 942 4017 Praepositio
960 3949 1010 4006 er,
1031 3925 1138 3994 confer
1158 3944 1238 4014 quac
1259 3926 1362 4014 scrip·

177 4046 273 4116 simus
289 4049 321 4116 in
338 4049 595 4139 Interpretatione
610 4052 671 4140 Ep.
690 4052 729 4120 ad
748 4051 889 4142 Philipp.
908 4052 946 4120 ad
962 4054 1041 4141 Cap.
1061 4051 1075 4116 1
1094 4068 1102 4112 :
1122 4052 1165 4120 10
1182 4059 1213 4117 et
1231 4052 1287 4120 50.

223 4270 254 4337 5.
272 4271 317 4339 Ia
338 4274 540 4357 custodiam).
566 4272 686 4340 Graece
707 4295 750 4348 εις
770 4295 915 4364 caparae,
940 4273 973 4341 h.
997 4294 1026 4341 e.
1052 4278 1089 4342 ic
1111 4296 1281 4342 carcerem.
1306 4274 1356 4343 Cf.

177 4390 251 4479 Gap.
269 4392 300 4461 V
320 4419 328 4459 ε
350 4394 407 4473 18,
425 4394 536 4462 collato
561 4415 607 4462 vs.
628 4399 684 4478 19,
705 4398 787 4465 unde
800 4397 909 4485 liquet,
931 4398 1048 4466 Lucam
1069 4421 1227 4466 carcerem
1243 4418 1355 4467 vocare
