3074 5054
533 377 672 445 CAPUT
707 378 757 459 ll,
793 379 915 447 Vnus.
954 381 987 446 b.
1309 379 1352 447 db

176 568 350 656 bylonicam
382 567 488 635 exules
521 567 733 636 morabantur.
767 571 899 649 Postea,
932 588 1029 657 quum
1055 587 1094 635 ex
1128 568 1212 636 varia
1248 588 1353 635 rerum

176 691 388 778 publicarum,
404 689 647 777 Babyloniorum
672 703 703 758 et
723 692 946 778 Assyriorum,
971 692 1191 770 conversione,
1213 702 1274 758 tarn
1303 693 1353 758 lu-

176 812 241 880 daei
268 834 361 902 quam
385 814 543 882 lsra‘e'litae
566 813 637 882 laeti
662 825 767 882 essent
790 815 907 883 subditi
930 815 1067 903 lmperio
1092 813 1350 893 bledo-Persico,

175 939 314 1027 utusque
325 939 427 1026 Cyrus
442 937 618 1006 facultatem
635 938 724 1020 lecit,
743 939 844 1006 soluto
861 939 972 1019 exilio,
992 939 1023 1006 in
1041 938 1171 1027 patriam
1188 937 1350 1006 redeundi.

176 1060 344 1128 Redierunt
361 1071 463 1129 autem
479 1082 518 1128 ex
534 1062 683 1130 Israelitis
700 1063 884 1152 pauciores,
901 1083 940 1131 ex
956 1061 1079 1133 ludaeis
1095 1082 1169 1128 vero
1187 1061 1349 1151 plerique;

176 1203 236 1271 quo
262 1183 377 1252 lactum
405 1196 470 1266 est,
494 1197 548 1264 ut,
573 1186 822 1255 denominatione
847 1197 947 1254 sumta
969 1206 987 1253 a
1015 1197 1102 1275 parte
1131 1185 1273 1274 potiore,
1299 1185 1351 1274 qui

176 1305 273 1375 soluto
306 1308 399 1375 exilio
431 1310 501 1376 novi
533 1310 653 1377 incolae
683 1312 840 1401 antiquam
868 1311 968 1400 gentis
1000 1309 1105 1377 sedem
1141 1310 1351 1399 occupabant,

176 1431 288 1496 landari
301 1430 449 1520 deinceps
464 1432 695 1521 appellarentur
710 1454 837 1513 omnes,
852 1431 1088 1522 comprehensis
1104 1433 1196 1499 etiam
1214 1433 1350 1513 Levitis,

177 1555 227 1642 qui
259 1557 424 1624 maximam
456 1570 575 1647 partem
608 1561 730 1628 ludaeis
763 1560 931 1628 reducibus
960 1579 1028 1627 sose
1063 1558 1277 1627 adiunxerant.
1309 1595 1352 1608 —-

178 1680 290 1749 Lucem
315 1680 392 1750 baec
415 1683 545 1751 afferent
568 1685 783 1773 sequentibus.

219 1816 311 1871 erant
333 1818 438 1874 antem
462 1810 497 1872 io
520 1809 708 1875 Ierusalem·
721 1809 899 1874 habitantes
922 1807 1068 1897 Iudaei).
1086 1809 1148 1874 Pro
1172 1810 1352 1874 habitantes

176 1948 281 2016 meae
305 1927 352 1996 esi
366 1953 590 2010 reformatores,
617 1931 651 1999 h.
683 1952 713 1998 e.
743 1933 951 2012 habitatores,
973 1952 1042 1999 nam
1068 1931 1272 2020 participium
1297 1951 1353 1998 no-

177 2051 287 2119 tionem
310 2052 499 2120 Substantivi
523 2055 658 2121 nominis
684 2053 736 2122 hio
764 2053 867 2124 habet.
897 2055 1090 2123 llabitatores
1115 2066 1216 2124 autem
1240 2054 1352 2121 intelli-

176 2177 273 2264 gimus
293 2177 425 2247 ludaeos
448 2199 486 2245 ex
513 2179 607 2246 variis
634 2179 813 2267 regionibus
838 2180 1007 2261 oriundos,
1037 2180 1110 2268 qui,
1135 2189 1188 2247 aut
1215 2177 1351 2266 religiosi

118 2374 122 2383 ,
177 2301 274 2369 cultus
296 2313 350 2369 aut
377 2321 538 2370 sacrorum
561 2303 735 2371 studiorum
759 2323 871 2384 causa,
899 2303 1135 2391 hierosolymae
1159 2301 1352 2370 domicilium

177 2444 281 2506 snum,
300 2426 365 2492 sive
382 2436 545 2515 perpetuo,
563 2427 629 2493 sire
641 2425 680 2495 ad
694 2438 814 2516 tempus
831 2426 1053 2494 stabiliverant.
1072 2427 1217 2495 Dubitari
1234 2436 1348 2515 potest,

178 2557 275 2615 utrum
293 2549 395 2616 Lucas
412 2547 463 2616 hic
489 2550 581 2616 etiam
598 2549 638 2617 ob
656 2549 764 2617 oculos
782 2550 927 2618 habuerit
943 2570 997 2617 eos
1014 2550 1145 2617 ludaeos
1169 2559 1351 2630 extraneos,

177 2673 226 2760 qni
251 2675 450 2740 Pentecostes
475 2673 679 2742 celebrandae
695 2694 788 2742 causa
805 2673 1042 2761 hierosolymae
1058 2673 1096 2741 ad
1113 2684 1236 2762 tempus
1252 2692 1353 2740 mora·

178 2797 404 2863 moturbabo
432 2795 592 2864 dubitandi
621 2806 685 2877 est,
709 2797 782 2885 quia
811 2796 890 2864 infra
912 2796 975 2885 (vs.
1005 2794 1061 2882 ll)
1090 2795 1195 2863 ludaei
1220 2795 1351 2862 Romani

178 2917 357 2986 denotantur
373 2931 530 3009 tamquam
552 2918 784 3008 επιδημουντες,
804 2921 899 3008 Vulg.
927 2925 1078 2987 advenae.
1106 2921 1224 2988 Verum
1243 2938 1277 2984 ea
1294 2938 1353 2985 vox

177 3041 318 3107 universe
346 3053 430 3108 notat
458 3063 531 3122 eos,
561 3043 614 3131 qui
639 3054 796 3133 tamquam
824 3044 979 3132 peregrini
1008 3043 1091 3132 apud
1119 3041 1210 3108 aliam
1231 3052 1353 3128 gentem

178 3175 422 3242 commorantur,
446 3165 566 3243 serius,
592 3167 697 3243 ocius,
716 3167 755 3234 ad
777 3186 851 3233 suos
875 3165 1017 3233 redituri.
1036 3163 1128 3232 Tales
1151 3173 1253 3230 autem
1276 3182 1353 3250 quo-

178 3286 276 3353 minus
292 3287 373 3353 inter
389 3310 603 3363 κατοικουντας
626 3299 859 3369 recenseantur,
874 3286 953 3355 nihil
975 3284 1117 3376 impedit.
1137 3286 1172 3351 ln
1191 3305 1229 3367 ea
1252 3283 1353 3351 horni-

178 3430 248 3478 num
269 3411 582 3502 multitudine,quae
598 3434 646 3480 vs.
672 3418 692 3482 6
717 3415 831 3482 dicitur
853 3414 1071 3493 concurrisse,
1090 3431 1163 3479 sane
1186 3409 1354 3477 verisimile

179 3542 239 3611 est,
252 3532 350 3600 luisse
365 3535 457 3601 etiarn
474 3535 606 3604 ludaeos
622 3537 803 3625 peregrinos
819 3537 914 3617 tales,
930 3537 983 3624 qui
1000 3555 1061 3602 non
1078 3534 1138 3601 nisi
1154 3535 1353 3600 Pentecostes

178 3654 377 3724 celebrandae
401 3678 494 3725 causa
513 3660 761 3753 hierosolymam
778 3660 992 3737 advenissent,
1011 3669 1081 3747 post
1097 3657 1209 3725 testum
1226 3656 1352 3724 domum

179 3776 317 3847 redituri.
336 3779 397 3848 Sed
412 3780 497 3848 aliud
513 3792 559 3849 est
574 3801 744 3870 quaerere,
763 3782 839 3871 quid
860 3783 904 3848 rei
923 3781 990 3849 lieri
1008 3781 1161 3870 potuerit,
1179 3777 1263 3847 aliud
1280 3799 1354 3846 vero

181 3901 253 3988 quid
279 3903 380 3968 Lucas
407 3903 474 3970 suis
500 3903 604 3970 uerbis
632 3903 764 3972 voluerit
798 3903 985 3992 significare.
1016 3904 1152 3986 Iudaei,
1183 3899 1353 3968 secundum

180 4024 386 4113 supradicta,
404 4026 621 4115 intelliguntur⁴
632 4029 684 4095 hio
701 4029 834 4096 Hebraei
858 4029 1084 4114 cuiuscumque
1100 4023 1223 4092 tandem
1239 4023 1351 4091 tribus,

177 4146 331 4215 Dicuntur
357 4159 460 4215 antem
485 4152 552 4214 oiri
575 4153 720 4234 reltptoct
747 4146 863 4241 (ανδρες
891 4144 1043 4235 solabere)
1067 4145 1128 4214 hoo
1150 4157 1216 4224 est,
1243 4144 1354 4212 ceteris

179 4269 404 4358 religiosiorem
419 4291 518 4360 eoque
542 4274 696 4343 indicatur
718 4294 829 4353 causa,
856 4283 890 4341 ut
910 4274 1045 4352 videtur,
1074 4292 1131 4338 cnr
1153 4267 1354 4356 lerosolymis
1401 4255 1407 4269 ⁴

179 4405 385 4461 morarentur.
404 4395 496 4480 Quod
519 4398 712 4477 additament
736 4402 825 4464 amai
847 4400 977 4462 natiotte
1001 4418 1082 4481 puae
1106 4396 1162 4460 aab
1186 4397 1268 4459 coelo
1291 4403 1350 4473 est,
