3074 5054
429 377 568 445 CAPUT
602 376 716 456 XVII,
754 377 876 447 VERS.
914 376 1061 446 uo-ua.
1270 376 1335 443 tuo

163 571 349 648 curiositate,
368 568 541 658 quaeipsis
565 567 692 656 propria
714 585 752 633 ac
776 567 870 634 veluti
888 587 946 656 pro
963 564 1160 632 indoluerat.
1178 565 1334 633 Particula

161 691 186 760 ie
212 695 265 763 bio
292 705 341 762 est
366 696 573 778 euplicuntis,
599 702 632 758 ut
660 693 745 758 loan.
771 691 846 758 lX:
869 693 922 758 lh.
938 728 982 740 -·
997 691 1204 756 Athenienses
1224 710 1335 774 nempe

79 818 82 849 ²
159 822 298 885 uniuersi
313 815 470 905 (hinorum
487 811 519 880 de
536 813 668 893 παντες),
686 815 787 904 inquit
802 816 923 893 Lucas,
941 825 1034 900 etque
1056 817 1152 880 etiam
1173 816 1337 898 pereqrini

160 945 232 1012 iuter
260 964 316 1012 eos
340 954 568 1011 commorantes
596 943 663 1031 (και
687 944 715 1004 oi
743 935 956 1027 επιδημουντες
984 937 1075 1024 iecor)
1098 941 1182 1005 nulli
1207 942 1265 1005 olii
1288 942 1337 1004 rei

79 1062 82 1120 i
159 1069 322 1153 nocebant,
349 1071 412 1135 nisi
431 1079 467 1134 ut
489 1079 545 1133 aut
570 1069 712 1133 dicerent
734 1068 855 1152 aliquid
878 1068 966 1144 novi,
992 1075 1049 1130 out
1072 1066 1233 1130 audirent.
1258 1065 1335 1131 Esse

157 1203 254 1262 autem
280 1194 312 1260 in
336 1193 396 1261 hoc
420 1194 511 1259 eiiato
528 1191 669 1260 nonnihil
683 1190 870 1284 -hyperboli,
886 1209 977 1256 nemo
989 1210 1051 1256 non
1067 1189 1171 1256 sentit.
1189 1187 1350 1255 Ceterum

159 1317 392 1386 Atheniensium
406 1316 562 1405 garrulam
575 1315 787 1383 curiositatem
804 1325 949 1382 notarunt
962 1311 1087 1403 quoque
1100 1323 1220 1380 veteres
1237 1311 1345 1400 scrip-¹

158 1453 254 1523 tores,
280 1463 413 1532 quorum
438 1440 602 1510 haedere
627 1440 803 1509 testimonia
828 1439 978 1530 quaedam
1003 1438 1127 1526 collegit
1142 1436 1338 1506 Wetstenius

155 1567 190 1634 ud
213 1566 248 1634 h.
278 1566 539 1655 1.-Ευκαιρειν
563 1587 621 1628 τινι
646 1562 771 1651 Belgica
795 1562 861 1630 iere
883 1560 964 1629 valet
988 1564 1067 1646 qoed
1090 1564 1153 1628 den
1177 1562 1234 1642 trid
1261 1580 1337 1624 eoor

153 1692 211 1757 iets
236 1692 365 1758 hebben.
393 1690 522 1760 Graecis
546 1687 775 1778 antiquioribus
799 1688 940 1775 ignotum
964 1685 1022 1754 iuit
1047 1685 1107 1753 hoc
1128 1683 1336 1759 vocabulum,

149 1814 208 1881 sed
235 1834 254 1882 a
280 1812 434 1901 Polybio,
464 1811 648 1891 Plutarcho,
678 1811 812 1899 aliisque
838 1808 1065 1878 recentioribus
1089 1807 1266 1876 adhibetur.
1286 1804 1335 1872 Ci.

127 1935 312 2005 .Sturzium
339 1939 377 2002 de
400 1938 544 2003 Dialecto
567 1936 771 2001 Macedonico
794 1946 824 2000 et
847 1935 1091 2018 Alexandrino,
1116 1932 1155 2000 ad
1178 1931 1212 1999 h.
1239 1952 1270 1998 r.
1294 1968 1337 1980 -·-

140 2059 375 2151 imperfectum
392 2082 549 2149 ευκαιρουν
556 2110 569 2144 ,
595 2058 680 2148 quod
700 2059 767 2126 sinc
790 2061 965 2147 hugmento
982 2057 1033 2125 hic
1049 2056 1211 2134 scribitur,
1229 2076 1338 2144 garru-

136 2180 213 2252 lam
243 2184 324 2252 hanc
350 2183 587 2251 Atheniensium
619 2182 831 2250 curiositatem
862 2193 1019 2270 tamquam
1049 2181 1127 2270 ipsis
1157 2189 1339 2246 consueta-m

131 2317 250 2374 notat.
270 2306 389 2374 Eodem
405 2305 499 2374 modo
522 2308 781 2372 consuetudinem
802 2305 869 2372 sire
891 2324 1012 2371 morem
1036 2301 1152 2369 indicat
1169 2302 1339 2387 imperiec-

128 2439 219 2499 tum
242 2432 326 2495 eicon
352 2434 450 2499 hlarc.
475 2432 554 2500 XlV
574 2456 582 2497 ε
605 2433 658 2498 lh.
679 2433 803 2498 —Pro
825 2455 853 2494 τι
877 2449 1049 2518 unioneque
1074 2428 1176 2494 Lucas
1199 2424 1337 2492 scribere

124 2566 316 2640 poteritine
332 2578 453 2634 καινον,
471 2567 505 2622 ui
519 2554 593 2621 fecii
608 2553 797 2623 scholiastes
813 2553 866 2644 (ad
878 2553 1015 2622 Thuold.
1034 2555 1080 2620 ΙΙΙ
1097 2578 1105 2620 :
1125 2551 1178 2632 58)
1195 2571 1202 2612 :
1217 2552 1335 2627 Ταυτα,

119 2677 274 2771 inquit,
293 2704 366 2772 προς
385 2706 454 2756 τους
476 2680 643 2755 Aburnium
667 2703 850 2757 αινιττεται,
875 2676 961 2745 oodev
981 2705 1011 2744 ru
1032 2677 1241 2767 μελετῶντας,
1259 2673 1337 2751 πλην

122 2797 250 2894 λεγειν
266 2828 296 2868 τι
312 2830 364 2868 και
381 2828 499 2870 ακουειν
515 2827 632 2869 unroco.

201 3070 258 3137 Ὦ.
284 3069 383 3136 Stans
399 3082 504 3138 nutem
523 3071 643 3137 Paulus
663 3073 697 3135 in
714 3071 816 3134 medio
835 3069 1014 3152 Areopnqi,
1032 3072 1094 3149 nit,
1113 3065 1201 3149 ete).
1217 3066 1340 3132 Sistens

117 3204 262 3260 nutem
286 3216 318 3261 se
338 3196 479 3280 (σταθεις.
506 3195 577 3263 vide
597 3195 636 3263 ad
659 3195 736 3284 Cap.
763 3195 793 3260 ll
813 3219 821 3260 :
842 3191 900 3282 lh)
919 3190 1034 3259 Paulus
1056 3196 1090 3259 in
1112 3194 1217 3258 medio
1239 3193 1339 3256 Areo·

105 3320 251 3402 Jrnqi,
272 3328 361 3407 puta,
376 3317 434 3386 sub
460 3318 529 3397 dic,
546 3319 577 3386 in
595 3317 698 3386 medic
715 3317 795 3385 colle
811 3316 921 3384 Martio
940 3314 1025 3406 (vide
1041 3314 1193 3404 supraad
1204 3334 1251 3380 vs.
1271 3311 1337 3394 to),

124 3440 196 3508 {ad
211 3442 431 3510 circumfusam
456 3441 686 3510 multitudinem
711 3442 757 3509 sic
779 3453 826 3509 est
847 3441 969 3509 locutus
988 3462 996 3503 ι
1017 3439 1086 3508 Viri
1110 3438 1337 3517 Athenienses,

128 3563 381 3640 animadverto,
405 3585 460 3633 vos
484 3585 552 3632 esse
574 3567 664 3632 omui
685 3567 777 3630 modo
797 3567 887 3649 (κατα
908 3585 1009 3626 neuen
1025 3562 1096 3628 scil.
1114 3584 1244 3651 τροπον,
1263 3564 1338 3628 olle-

141 3692 245 3778 seins)
263 3687 394 3779 reliquis
410 3691 540 3759 Graecis
556 3692 772 3774 reliqiosiores
790 3683 1162 3777 (ἂειάιδαιμονεστερους).

205 3813 276 3881 Vox
292 3809 506 3900 δεισιδαιμων,
524 3833 542 3880 a
559 3809 648 3877 deuio
666 3817 761 3879 linteo
779 3824 808 3879 et
824 3808 945 3899 ὃαιμων
962 3833 1080 3878 numen
1097 3811 1249 3893 derivata,
1269 3833 1340 3902 pro-

159 3938 228 4026 prie
250 3958 321 4005 cum
346 3941 441 4005 notat¹
459 3941 516 4026 qui
530 3940 614 4004 Deos
639 3941 740 4003 timet.
765 3936 955 4026 Plerumque
971 3958 1063 4002 sensu
1079 3937 1156 4001 hono
1179 3935 1340 4003 dicebatur

162 4089 331 4100 Ι--ι-υ-ι-ι

192 4168 211 4233 ¹)
228 4167 306 4234 Apud
320 4167 430 4220 Graecos
445 4168 584 4234 scriptores
600 4166 728 4218 Christia—
775 4161 820 4221 bru
849 4179 932 4312 naqa
954 4180 1015 4333 tquen
1042 4181 1104 4232 τοις
1127 4156 1268 4233 Ἕλλησιν
1293 4181 1339 4222 επι

162 4277 207 4316 nos
218 4246 420 4338 δεισιδαιμων
433 4269 473 4318 est
483 4264 635 4317 idololatra.
649 4264 728 4314 Docet
773 4245 870 4310 καλου
908 4273 952 4335 equ
975 4271 1090 4312 ανεται·
1117 4272 1200 4342 παρα
1218 4244 1250 4313 de
1268 4250 1340 4336 ἧμιν

162 4350 208 4406 hoo
228 4353 374 4420 Etymolog.
395 4353 431 4406 M.
451 4354 484 4405 ad
504 4365 562 4405 voc.
580 4333 728 4402 inctout-
773 4362 833 4412 τοις
871 4339 1066 4428 Χριστιανοις
1099 4362 1145 4403 επι
1182 4365 1234 4416 της
1272 4363 1342 4405 ασε-

165 4451 269 4512 μονια,
294 4445 338 4496 ubi
363 4443 427 4496 haec
449 4444 574 4508 leguntur
597 4460 603 4495 ι
626 4430 726 4493 Ιστεον
774 4425 856 4514 berne
892 4427 1008 4520 λεγεται
1047 4431 1065 4505 ἡ
1102 4425 1339 4518 ὃεισιδαιμονια.
