3074 5054
508 404 647 472 curun
682 400 922 485 mausus.
963 403 1062 467 t-a
1307 402 1373 466 ιιι

187 596 257 663 dies
272 605 407 684 septem,
426 605 591 684 sequentes
608 594 689 661 diem
707 593 862 660 decimum
879 601 1024 681 quartum
1041 590 1157 656 mensis
1173 589 1286 668 Nisan,
1309 610 1371 677 quo

186 719 238 786 die
261 718 471 786 comedendus
493 727 558 785 erat
581 737 678 804 agnus
700 713 875 783 Pascbalis.
902 715 980 781 Dies
1003 714 1046 780 illi
1069 713 1181 780 lestum
1204 713 1371 780 constitue-

186 840 261 908 bant
275 842 403 930 proprie
425 841 605 908 distinctum
629 860 646 906 a
671 839 748 906 testo
771 837 944 906 Pascbatis.
971 836 1033 904 Sed
1057 858 1115 904 vox
1140 837 1261 904 Pascha
1285 837 1370 904 dice·

185 965 277 1032 batur
304 966 395 1032 etiam
423 965 462 1032 de
491 976 554 1031 toto
586 967 641 1030 ttto
670 968 768 1049 sesto,
801 963 884 1051 quod
914 960 1082 1051 incipiebat
1109 960 1230 1027 decimo
1260 975 1370 1049 quarto

185 1089 303 1157 mensis
326 1091 446 1165 Nisae,
466 1101 496 1156 et
518 1089 677 1156 desinebat
703 1088 852 1175 vigesimo
878 1087 980 1176 primo
1002 1084 1141 1152 eiusdem
1166 1087 1293 1153 mensis.
1317 1087 1369 1154 Sic

183 1211 217 1278 S.
246 1213 347 1277 Lucas
365 1213 453 1300 (Cap.
472 1213 567 1279 ΧΧΙΙ
597 1238 604 1278 :
635 1215 665 1303 l)
683 1210 760 1278 dixit
779 1234 787 1276 :
805 1211 918 1299 Ηγγιζε
935 1204 967 1272 de
990 1209 1008 1282 ἡ
1034 1205 1118 1296 ἑορτη
1140 1230 1199 1270 των
1224 1221 1367 1294 stupor,

182 1321 362 1424 ἡλεγομειη
386 1335 517 1422 Πασχα.
538 1339 640 1424 Atque
663 1334 723 1402 boc
747 1354 872 1423 quoque
895 1354 988 1401 sensu
1010 1333 1127 1400 dictum
1152 1332 1205 1400 bic
1228 1345 1274 1401 est
1291 1357 1368 1420 μετα

182 1481 216 1520 το
235 1457 365 1543 Πασχα.

229 1699 262 1764 5.
282 1697 400 1763 Petrus
423 1700 552 1784 quidem
573 1701 758 1765 servabatur
780 1703 975 1765 iri-carcere.
1003 1699 1116 1765 Oratio
1131 1710 1257 1778 auteur,
1276 1703 1365 1785 etc),

180 1821 231 1886 De
254 1821 284 1886 vi
307 1821 535 1889 Particularum
561 1846 614 1909 μεν
640 1846 691 1886 ουν
708 1833 739 1890 et
761 1819 794 1899 dc
815 1821 875 1889 boc
899 1822 988 1902 loco,
1007 1822 1122 1889 videsis
1146 1842 1224 1910 quae
1250 1822 1366 1888 notavi-

180 1925 253 2009 mus
275 1963 371 2031 supra
387 1943 425 2010 ad
442 1944 518 2032 Cap.
538 1945 586 2011 lX
605 1965 612 2005 :
633 1948 687 2012 51.
708 1946 866 2033 lnterpres
885 1956 990 2011 noster
1007 1965 1102 2033 quum
1120 1945 1284 2033 scripserit
1298 1948 1366 2011 sice

180 2070 435 2144 intermissione,
462 2087 519 2155 pro
543 2066 705 2153 adjectivo
730 2090 846 2141 εκτειης
867 2066 993 2134 forsitan
1008 2067 1091 2154 ,legit
1112 2066 1304 2134 Aduerbium
1321 2089 1366 2129 εκ-

179 2214 289 2268 τενως,
312 2211 391 2279 quae
414 2190 505 2257 lectio
530 2211 639 2279 reapse
667 2192 698 2257 in
724 2191 881 2258 nonnullis
908 2189 1077 2257 (lodicibus
1099 2190 1189 2257 MSS.
1213 2191 1362 2257 occurrit.

178 2318 302 2385 Graeca
323 2315 448 2402 Belgice
469 2314 642 2382 reddideris
670 2338 678 2379 :
705 2318 793 2382 Docb
816 2339 871 2382 eeu
893 2317 1102 2381 ncaboudeod
1119 2315 1256 2400 (εκτενης)
1271 2317 1366 2398 pebed

179 2451 227 2506 tot
244 2439 313 2505 God
329 2441 416 2503 werd
432 2460 467 2502 er
483 2460 560 2504 coor
577 2443 647 2505 bem
666 2443 801 2524 pedona.
819 2443 947 2519 Petrus,
961 2439 1062 2506 soluto
1075 2457 1218 2515 carcere,
1238 2437 1364 2504 domum

178 2563 318 2643 Mariae,
333 2583 405 2629 cum
429 2562 531 2630 adbuc
552 2583 614 2630 nox
637 2575 718 2631 esset
742 2569 801 2651 (ιε.
828 2564 874 2646 6),
901 2564 1078 2651 ingressus,
1105 2572 1304 2649 congregatos
1320 2561 1363 2628 ibi

177 2661 296 2752 invenit
324 2684 431 2751 fideles
459 2684 592 2765 multos,
620 2687 722 2754 Deum
749 2706 805 2774 pro
830 2686 899 2774 ipso
924 2697 1065 2763 mentm,
1092 2694 1126 2752 ut
1152 2684 1262 2772 legitur
1286 2683 1364 2750 inira

177 2831 228 2878 ιε.
259 2812 311 2877 ta.

225 3057 257 3122 6.
279 3054 384 3132 Quom
400 3065 506 3119 notem
525 3057 762 3138 producturus)
778 3055 869 3143 etc).
888 3056 1005 3123 Sensus
1022 3067 1091 3122 est:
1109 3055 1231 3122 Accidit
1246 3065 1361 3132 autem,

178 3189 215 3245 ut
236 3180 349 3245 Petrus
372 3188 460 3242 nocte
485 3180 543 3243 itta
559 3177 611 3266 (τῃ
627 3201 712 3242 voert
736 3177 856 3267 εκεινῃ),
875 3199 953 3268 quae
970 3180 1173 3269 praecedebat
1198 3180 1279 3247 diem
1302 3199 1363 3269 quo

178 3297 400 3388 producendus
416 3311 482 3366 erat
505 3298 674 3391 (npoaycn.
702 3300 783 3368 Vide
805 3301 844 3368 ad
868 3323 914 3368 vs.
943 3304 988 3386 d),
1014 3301 1164 3370 dormiret
1183 3303 1265 3369 inter
1285 3302 1363 3370 duos

178 3421 292 3488 milites
310 3421 430 3488 vinctus
446 3423 562 3489 catenis
579 3422 711 3490 duabus.
727 3425 880 3510 -Quod
903 3425 1019 3492 dicitur
1034 3429 1120 3491 inter
1147 3429 1226 3492 duos
1242 3429 1363 3492 milites

177 3548 302 3611 vinctus
325 3548 443 3632 rotenis
464 3548 586 3613 dotatus
604 3546 636 3613 id
653 3548 885 3636 intelligendum
910 3560 956 3616 est
972 3550 1030 3630 ita,
1048 3560 1082 3616 ut
1098 3562 1204 3617 catena
1219 3570 1281 3617 una
1296 3551 1362 3616 vin-

176 3670 257 3737 ciret
278 3669 372 3736 unius
393 3670 501 3736 militis
524 3671 681 3740 sinistram
706 3685 735 3741 et
758 3675 841 3741 Petri
868 3675 1044 3754 dexteram,
1068 3674 1162 3742 altera
1186 3685 1289 3742 autem
1311 3695 1362 3742 ea·
1470 3713 1474 3722 ·

177 3807 249 3861 tena
263 3794 349 3861 Petri
367 3794 525 3860 sinistram
542 3806 572 3860 et
587 3795 714 3863 alterius
739 3798 846 3865 militis
863 3799 1033 3866 dexteram.
1054 3801 1103 3865 De
1120 3820 1181 3886 quo
1206 3801 1362 3866 Romano·

177 3939 248 3986 rum
273 3938 361 3985 more
383 3917 527 4004 alligandi
545 3918 674 3985 militem
699 3919 746 3985 vel
772 3920 862 3989 binos
878 3923 992 3989 milites
1012 3922 1214 3990 custodiendo
1231 3942 1284 3988 reo
1301 3922 1362 4009 agit

177 4042 304 4131 Lipsius
323 4040 373 4123 (ad
388 4042 490 4108 Tacit.
508 4042 580 4109 Lib.
601 4045 620 4109 5
639 4043 777 4133 dunat),
793 4046 885 4112 citato
902 4066 919 4112 a
935 4045 1054 4113 Wolfio
1072 4047 1102 4112 in
1122 4045 1216 4111 Cutis
1229 4044 1268 4111 ad
1284 4045 1317 4112 b.
1338 4046 1359 4112 l.

177 4165 226 4231 Cl.
245 4165 337 4230 etiam
359 4163 492 4250 Lydium
516 4168 551 4229 in
572 4165 781 4248 Sprrtopmote
801 4191 891 4234 sucro
913 4173 951 4235 de
973 4192 1009 4234 re
1032 4173 1189 4248 militari,
1208 4170 1284 4257 Cap.
1304 4170 1360 4235 lX.

223 4301 253 4355 et
277 4291 416 4354 custodes
437 4301 510 4354 note
535 4292 650 4354 ost-ium
666 4293 880 4357 custodiebant
899 4293 1086 4381 carcerem).
1112 4295 1183 4360 Duo
1201 4293 1314 4361 milites
1331 4294 1361 4359 iu

180 4412 248 4501 ipso
280 4431 424 4492 carcere,
458 4431 494 4478 eo
524 4433 585 4499 quo
614 4412 731 4480 dictum
759 4426 805 4482 est
837 4417 948 4497 modo,
979 4418 1115 4485 vinctum
1145 4416 1361 4511 asservabant,
