3074 5054
487 376 625 444 CAPUT
654 378 703 458 V,
739 377 862 447 VERS.
901 375 1048 444 52-55.
1297 373 1360 440 159

199 571 234 638 rel
249 573 356 663 πριζω,
375 567 459 658 quod
475 567 528 636 laic
544 578 628 636 notat
640 567 882 648 Valckenarius,
896 565 939 632 nil
951 563 1036 632 aliud
1049 562 1176 653 proprie
1192 561 1357 649 significat,

198 695 244 761 nisi
266 696 434 762 stridorem
454 697 510 759 ado
532 695 701 778 dentibus,-
725 704 837 781 atque,
859 711 957 780 aeque
984 710 1022 757 ac
1045 691 1158 780 πριζω,
1184 706 1202 753 a
1221 688 1360 752 stridore

196 821 324 884 beatiam
355 820 524 888 confictum
555 819 689 887 videtur.
718 819 768 887 Ob
802 816 1056 897 similitudinem,
1087 833 1166 903 quae
1196 807 1360 880 intercedit

196 943 380 1011 intendentes
396 957 426 1012 et
441 966 585 1024 serram,
606 945 846 1011 instrumentum
869 940 947 1009 illud
963 940 1120 1008 dentatum
1137 935 1252 1006 dicitur
1267 954 1359 1025 saepe

196 1092 282 1160 apter,
300 1081 330 1137 et
344 1093 425 1160 πριω
442 1090 535 1159 saepe
552 1079 635 1136 notat
650 1072 823 1136 stridorem
839 1071 896 1134 edo
911 1089 1023 1146 serra,
1037 1075 1068 1131 et
1083 1084 1163 1130 seco.
1184 1062 1265 1129 lline
1280 1061 1359 1129 lacta

194 1195 226 1262 ad
252 1195 386 1264 animum
419 1196 590 1264 translatio.
621 1222 634 1254 ι
669 1195 811 1264 Conferri
840 1205 942 1284 potest
971 1190 1163 1260 Nostratium
1195 1209 1257 1254 aaa
1286 1191 1359 1272 sprjt

193 1322 313 1386 lactea.

229 1556 280 1622 ab.
305 1555 446 1640 Serpens
462 1567 568 1622 autem
584 1558 714 1642 quidam
737 1559 774 1622 ia
794 1557 929 1621 coasilio
952 1555 1170 1637 Pharisaeus,
1190 1551 1280 1642 etc).
1297 1555 1359 1620 lm-

189 1680 268 1766 pium
286 1679 454 1746 consilium
477 1679 639 1747 occidendi
660 1680 828 1769 Apostolos
850 1680 1024 1748 executioni
1045 1677 1241 1746 mandassent
1260 1677 1360 1765 Syne-

187 1800 307 1882 dristae,
321 1803 375 1871 sed
388 1799 449 1893 (be)
460 1824 569 1871 eorum
581 1804 694 1893 aliquis
705 1804 744 1872 ab
757 1802 819 1871 hoc
830 1824 884 1872 eos
897 1813 1032 1872 revocat.
1047 1799 1191 1875 Αναστας
1203 1795 1236 1864 bs
1247 1796 1359 1887 (dor.)

183 1930 323 1994 surremit
345 1939 451 1995 autern
473 1930 604 2012 quidam
628 1928 695 2012 (τις)
726 1932 761 1994 ia
788 1949 953 2010 consessa,
980 1939 1071 2018 puta,
1101 1925 1212 1993 eloco
1240 1924 1272 1990 in
1296 1944 1359 2012 quo

182 2047 317 2130 sedebat,
336 2061 370 2118 ut
384 2060 472 2116 stares
488 2050 621 2139 collegas
637 2070 710 2119 suos
727 2052 948 2142 alloqueretur.
962 2090 1007 2104 -
1022 2051 1219 2118 Pharisaeus
1236 2059 1283 2116 est
1296 2051 1361 2138 Ap-

181 2172 293 2260 positio
309 2172 348 2240 ad
364 2193 472 2240 vocem
488 2196 551 2251 τις,
570 2185 603 2240 ut
618 2175 645 2242 si
671 2175 795 2262 Belgice
818 2173 904 2242 dicas
924 2201 932 2243 ι
953 2178 1031 2242 decb
1054 2195 1109 2240 eea
1124 2175 1216 2238 zober
1232 2175 1362 2238 iamaad

179 2303 274 2366 stoact
288 2321 329 2384 op
346 2303 381 2366 ia
397 2305 458 2368 dea
474 2303 585 2382 Ilaad,
604 2325 661 2369 eea
676 2305 869 2388 Pboriseb'r5
885 2323 956 2371 nam
980 2304 1059 2370 inter
1074 2320 1248 2369 assessores
1265 2300 1362 2387 Syne-

179 2422 240 2490 drii
258 2424 350 2491 etiam
367 2424 537 2493 Sadducaei
555 2436 654 2493 eraut.
672 2425 805 2494 Dativus
821 2448 948 2513 crepare
964 2437 1012 2494 est
1027 2425 1159 2493 Dativus
1179 2427 1357 2491 relationis.

178 2545 262 2616 Vide
288 2569 383 2638 supra
411 2550 450 2617 ad
476 2552 554 2640 Cap.
585 2551 631 2620 lV
663 2576 671 2618 ε
702 2554 758 2619 56.
789 2552 911 2619 Nomen
948 2550 1009 2619 hoo
1046 2551 1203 2617 Gamatib'l
1237 2545 1361 2639 (barbas

125 2670 128 2675 ’
177 2676 349 2740 retributio
371 2674 448 2760 Dei)
472 2676 533 2742 iam
552 2676 689 2743 occurrit
704 2678 834 2744 Numer.
855 2680 870 2745 1
894 2701 902 2745 :
923 2680 977 2745 10.
1003 2678 1220 2761 Lepisoioctor,
1238 2667 1359 2759 rapadi-

179 2793 355 2879 barcalae,
374 2801 397 2866 i.
412 2822 444 2888 q.
462 2823 661 2890 γραμματευς
670 2849 679 2879 ,
694 2804 807 2869 scriba.
824 2801 908 2870 Vide
923 2822 1003 2890 quae
1019 2801 1192 2869 notavimus
1208 2798 1247 2867 tle
1263 2816 1359 2864 mem·

178 2921 247 2989 bris
269 2921 413 3011 Synedrii
439 2944 533 3013 supra
556 2925 596 2992 ad
618 2926 695 3015 Cap.
722 2927 767 2995 lV
786 2946 794 2988 τ
815 2928 848 2995 b.
871 2927 978 3013 Τιμιος
998 2949 1089 2990 narra
1108 2949 1152 3010 τῳ
1174 2921 1257 3010 lap,
1276 2920 1309 2989 h.
1328 2941 1357 2986 e.

179 3046 229 3113 vir
253 3048 340 3130 talis,
355 3059 389 3116 ut
413 3050 445 3115 iu
468 3070 578 3138 magno
602 3052 702 3140 pretio
723 3050 890 3120 haberetur
910 3052 948 3120 ab
973 3052 1117 3119 universo
1139 3050 1266 3140 populo.
1291 3049 1361 3115 «Et

176 3170 268 3253 idea,
295 3173 378 3261 quod
403 3173 455 3242 hic
479 3187 563 3243 notat
586 3177 802 3258 Fromondus,
826 3197 968 3245 summus
985 3176 1129 3244 Pontifex
1144 3186 1175 3242 ct
1193 3173 1359 3242 concilium

176 3317 274 3365 suasu
296 3299 362 3366 eius
387 3311 449 3366 tam
473 3302 563 3369 lacile
585 3305 768 3371 sententiam
790 3303 829 3373 de
852 3303 1030 3372 occidendis
1050 3301 1209 3392 Apostolis
1225 3310 1362 3368 mutave-

153 3426 156 3430 “
178 3432 271 3503 runt,
291 3443 330 3489 ne
351 3423 429 3491 iram
455 3424 555 3514 plebis
572 3427 669 3515 magis
685 3428 717 3494 in
738 3447 772 3495 se
796 3429 1003 3509 concitarent,
1017 3426 1070 3494 ubi
1088 3424 1175 3516 plebs
1191 3423 1360 3492 intellexis-

178 3557 246 3625 set,
266 3558 373 3615 contra
401 3551 583 3617 sententiam
608 3551 789 3620 Gamaliblis
812 3553 980 3643 Apostolos
1008 3551 1186 3618 interfectos
1213 3548 1354 3616 luisse.»

181 3672 243 3737 llic
266 3673 378 3751 iussit,
394 3671 429 3739 h.
453 3692 483 3739 e.
506 3676 660 3762 suggessit
683 3675 827 3762 Synedrii
851 3675 1004 3767 praesidi,
1019 3689 1053 3742 ut
1074 3675 1100 3742 is
1125 3672 1246 3740 iuberet
1260 3672 1361 3761 Apos-

181 3793 262 3861 tolos
291 3793 449 3884 paulisper
473 3816 490 3863 e
514 3798 646 3865 concilio
674 3798 820 3868 secedere
847 3798 918 3890 (εξω
943 3824 1082 3876 ποιησαι,
1109 3820 1190 3865 aaar
1211 3798 1316 3863 beriton
1332 3807 1361 3862 te

179 3918 288 4006 daea).
313 3921 420 4012 Βραχυ
440 3946 469 3986 τι
490 3925 578 4008 (coar
600 3946 673 3990 eece
686 3928 784 3992 barte
807 3925 892 4012 wri‘l)
910 3937 957 3994 est
977 3927 1181 3995 accusativus
1201 3923 1361 3992 adverbia-

182 4043 253 4109 liter
280 4044 412 4133 positus.
437 4046 518 4116 Vide
544 4048 691 4129 Matthia,
713 4047 735 4138 S
754 4052 837 4131 bam
863 4062 892 4118 et
919 4049 1121 4137 Bernhardy,
1146 4067 1216 4138 pag.
1241 4049 1301 4116 111
1317 4065 1361 4127 ,a

184 4167 257 4235 fine.

230 4411 285 4476 55.
311 4411 474 4478 Attcadite
498 4415 605 4501 cabis).
626 4414 742 4482 Sensus
761 4427 808 4483 est
826 4442 834 4484 :
852 4418 901 4483 Ne
924 4414 1133 4506 praecipitetis
1158 4411 1358 4489 senteutiam,
