3074 5054
175 370 242 436 296
548 367 683 434 ACTUS
707 367 1040 448 aeusuutouult,

175 558 311 648 Spiritus
338 557 442 624 Sancti
467 554 572 647 (quod
601 556 745 623 nonnisi
772 556 939 645 baptizatos
963 558 1041 624 alios
1069 560 1228 648 accepisse
1256 570 1362 627 sancta

175 681 336 770 Scriptura
353 690 493 761 testatur,
508 690 594 746 certo
611 700 736 769 quoque
752 680 868 748 indicio
886 681 968 769 quod
991 683 1053 749 illis
1077 683 1271 772 temporibus
1287 703 1361 751 cou-

174 805 315 894 gruebat,
333 824 405 871 cum
422 803 534 890 linguis
551 803 768 893 loquerentur)
784 805 968 873 eminuerat.
984 808 1134 896 Baptiznti
1148 819 1221 874 sunt
1237 819 1360 888 tamen;

175 939 205 995 et
218 928 248 994 in
264 926 325 994 boc
340 926 419 993 facto
436 925 616 1015 Apostolica
632 937 731 993 exstat
746 929 926 995 auctoritas.
942 930 1050 1018 Usque
1066 929 1143 996 adeo
1161 949 1251 996 nemo
1271 929 1363 997 debet

174 1051 205 1118 in
234 1049 374 1139 quolibet
401 1060 549 1138 provectu
576 1049 733 1116 interioris
762 1049 897 1116 bominis
936 1063 1135 1118 contemnere
1174 1053 1363 1120 Sacramen-

175 1187 262 1256 tum,
288 1187 381 1241 etc.»
405 1173 617 1240 Salmeronius
641 1173 762 1261 (Tract.
790 1176 935 1240 XXXlll
960 1176 990 1241 in
1016 1174 1106 1264 Act.)
1130 1189 1296 1264 sequentes
1314 1199 1363 1243 re-

174 1309 280 1366 censet
307 1318 431 1377 causas,
462 1319 519 1365 cur
547 1298 578 1363 in
608 1299 787 1364 Cornelium
815 1310 998 1387 ceterosque
1025 1299 1158 1367 necdum
1188 1301 1362 1390 baptizatos

176 1421 311 1509 Spiritus
335 1421 465 1488 Sanctus
490 1419 696 1488 descenderit.
723 1449 736 1477 n
760 1424 888 1487 Factum
911 1433 957 1488 est
980 1422 1059 1501 boc,
1088 1427 1207 1510 inpulit,
1230 1425 1364 1492 consilio

177 1543 312 1634 Spiritus
336 1544 459 1624 Sancti,
479 1544 531 1631 qui
552 1544 711 1631 praevenit
734 1544 940 1612 ministerium
958 1546 1062 1624 Petri,
1077 1567 1115 1612 ne
1135 1547 1222 1615 illum
1242 1547 1363 1614 cavillis

176 1688 213 1735 ac
228 1667 391 1734 calumniis
408 1666 594 1733 ludaeorum
610 1667 770 1733 obiiceret.
791 1667 870 1733 Sciri
888 1668 970 1735 enim
988 1667 1102 1747 voluit,
1119 1670 1241 1757 penitus
1257 1690 1275 1736 a
1291 1673 1363 1738 Deo

177 1814 246 1862 esse
270 1793 461 1859 uocationem
486 1791 651 1870 Gentium,
679 1801 709 1857 et
733 1811 793 1858 uon
818 1801 933 1858 tautum
951 1792 990 1859 ab
1007 1793 1167 1881 Apostolis
1184 1795 1361 1873 ministris;

176 1928 206 1984 et
229 1927 263 1983 ut
284 1917 426 1983 conversi
448 1935 487 1982 ex
511 1914 632 1982 ludaeis
655 1925 896 2002 cognoscerent,
915 1935 948 1981 se
972 1935 1033 1981 non
1057 1936 1095 1982 ex
1119 1917 1200 2004 Lege
1223 1931 1275 1985 aut
1301 1921 1363 1986 cir-

177 2041 384 2119 cumcisione,
403 2039 458 2107 sed
481 2060 516 2106 ex
538 2039 600 2106 lide
623 2040 654 2105 in
672 2038 831 2106 Christum
847 2041 1006 2129 accepisse
1022 2040 1174 2129 Spiritum
1190 2039 1361 2124 Sanctum3

176 2183 247 2231 nam
272 2175 302 2230 et
317 2163 384 2230 sine
400 2162 582 2252 baptismate
607 2173 637 2228 et
660 2162 900 2229 circumcisione
917 2161 1047 2229 donatus
1059 2166 1111 2229 'est
1127 2165 1273 2231 Cornelio
1289 2167 1364 2255 Spi—

177 2287 256 2355 ritus
272 2287 414 2354 Sanctus.
440 2283 490 2351 Ad
507 2283 603 2365 baec,
628 2295 662 2351 ut
683 2295 745 2352 tam
770 2285 837 2374 ipse
859 2286 990 2365 Petrus,
1010 2305 1103 2372 quam
1126 2286 1177 2352 alii
1194 2288 1361 2376 Apostoli,

176 2432 237 2478 non
255 2410 442 2491 dubitarent,
460 2410 552 2475 etiam
567 2410 804 2476 incircumcisos
821 2430 933 2477 vocare
948 2408 986 2477 ad
1004 2409 1175 2477 Christum.
1194 2413 1361 2503 Denique,

176 2547 210 2604 ut
233 2535 418 2626 probaretur
434 2533 575 2601 doctrina
590 2535 673 2600 Petri
692 2533 892 2622 producentis
909 2534 1084 2601 testimonia
1106 2535 1361 2624 Scripturarum,

178 2672 272 2749 atque
296 2658 544 2725 confirmaretur.
566 2685 578 2714 n

221 2904 277 2969 47.
305 2903 393 2968 Tunc
412 2902 529 2966 Petrus
552 2903 735 2985 respondit,
757 2897 844 2978 etc).
865 2902 936 2970 Vox
961 2903 1104 2992 απεκριθη
1126 2900 1178 2966 bic
1200 2902 1294 2968 refert
1311 2923 1364 2968 so-

175 3025 266 3092 lenne
283 3021 360 3089 illud
377 3020 566 3089 Hebraicum
591 3035 666 3101 1³ng
693 3022 813 3092 Gallice
829 3021 881 3089 bic
897 3032 1033 3089 verteres
1055 3048 1062 3089 :
1082 3025 1169 3087 alors
1186 3021 1235 3110 (ad
1254 3023 1364 3090 visibi-

175 3146 236 3213 lem
253 3143 388 3232 Spiritus
404 3144 507 3211 Sancti
524 3145 556 3211 in
569 3156 746 3233 praesentes
762 3145 957 3227 effusionem)
974 3149 1086 3211 Ptorre
1099 3149 1174 3229 prit
1190 3149 1220 3211 lo
1234 3150 1360 3231 parole,

177 3282 207 3337 et
223 3274 284 3336 dit.
311 3271 426 3337 Confer
452 3290 530 3360 quae
554 3272 728 3338 notavimus
751 3290 847 3360 supra
870 3271 910 3339 ad
934 3273 1010 3362 Cap.
1038 3274 1082 3338 lll
1103 3294 1111 3336 :
1133 3275 1187 3340 l5.
1207 3274 1365 3360 —Quod

177 3415 251 3462 vero
264 3392 340 3460 dicit
352 3396 476 3475 Petrus,
492 3397 528 3463 eb
542 3394 633 3474 redit,
648 3407 682 3462 ut
695 3407 894 3484 protestetur,
909 3396 1063 3463 neminem
1077 3417 1169 3485 posse
1190 3395 1364 3484 probibere

179 3519 347 3606 quominus
381 3519 545 3586 Cornelius
573 3540 644 3587 curu
672 3521 738 3586 suis
766 3518 995 3609 baptizarentur
1023 3521 1095 3587 licet
1126 3519 1363 3598 incircumcisi,

179 3642 295 3731 quippe
330 3644 402 3732 qui,
440 3644 521 3711 sicut
557 3645 624 3733 ipse
654 3645 812 3734 ceterique
835 3646 977 3735 Apostoli
1003 3647 1033 3711 iu
1062 3645 1113 3712 die
1137 3648 1361 3728 PentecosteS,

177 3767 238 3833 uua
254 3787 325 3835 cum
342 3767 423 3836 dono
444 3768 617 3856 linguarum
635 3769 787 3858 Spiritum
810 3770 956 3837 Sanctum
981 3770 1043 3836 iam
1060 3772 1266 3859 accepissent.

222 3891 281 3954 Του
299 3914 340 3977 μη
356 3887 561 3977 perfruemur
583 3904 630 3960 est
651 3895 814 3962 Genitivus
829 3897 915 3978 llum.
935 3895 1055 3963 Graeca
1077 3894 1179 3961 valent
1198 3920 1206 3961 ε
1225 3913 1263 3960 an
1281 3893 1365 3962 sorte

177 4011 276 4101 (μητι)
293 4033 404 4102 aquam
429 4014 597 4104 probibere
621 4017 691 4104 quis
708 4027 809 4106 potest
825 4021 859 4082 iu
876 4039 948 4083 cutm
967 4020 1077 4101 finem,
1097 4029 1132 4082 ut
1148 4039 1187 4105 ne
1203 4017 1367 4100 baptizen-

177 4148 231 4204 tur
247 4134 311 4217 (του
328 4161 370 4222 μη
386 4131 615 4223 pecunctantur),
634 4150 693 4205 etc.
713 4139 762 4205 De
778 4164 829 4202 και
854 4142 1051 4205 redttcdcnte
1072 4139 1102 4205 in
1122 4139 1260 4206 oratione
1276 4160 1364 4207 com-

177 4261 332 4349 parativa,
352 4271 385 4327 ut
407 4259 459 4327 bic
483 4260 514 4326 in
539 4261 636 4336 καθως
653 4287 704 4325 και
727 4263 830 4349 ipsu,
845 4261 916 4329 ride
940 4282 1019 4351 quae
1041 4261 1215 4328 notavimus
1239 4261 1270 4326 in
1297 4263 1361 4351 Ep.

176 4382 215 4450 ad
231 4383 450 4474 Philippenses
466 4384 543 4474 Cap.
563 4386 593 4451 ll
615 4409 623 4451 ε
643 4387 675 4454 5.
