3074 5054
253 369 318 441 tat
598 370 732 438 ACTUS
778 368 1093 437 APOSTOLORUM
1103 419 1112 451 ,

425 608 597 684 CAPUT
648 608 963 683 VIGESIMUM
1016 607 1292 684 SEXTUM.v

252 805 444 860 Aucuuuuruu.
464 807 575 871 Paulus,
592 819 714 860 concessa
732 807 782 858 sibi
795 807 828 859 ab
841 807 957 874 Agrippa
973 809 1102 874 potestate
1119 805 1260 874 loquendi,
1281 811 1341 874 post
1357 809 1443 863 breve

284 890 463 954 prooemium,
476 903 516 939 rs.
531 889 611 950 t-a,
631 888 810 940 defensionem
827 890 868 940 sui
884 889 1016 941 inchoata
1029 888 1174 956 probando,
1187 903 1215 941 se
1227 889 1324 942 iniuria
1337 890 1443 943 traduci

284 974 417 1037 tamquam
435 973 560 1037 paternae
579 969 722 1035 Religionis
736 970 935 1023 destructorem.
949 971 1033 1032 Quem
1045 972 1073 1022 in
1086 971 1166 1023 tinem
1183 974 1301 1039 primum
1317 975 1441 1041 exponit,

284 1069 364 1121 quam
382 1055 462 1107 luerit
478 1054 539 1106 inde
550 1067 565 1105 a
578 1054 662 1121 prima
672 1052 813 1118 juventute
824 1055 1006 1106 exactissimus
1017 1055 1142 1108 Mosaicae
1158 1055 1301 1121 Religionis
1312 1056 1443 1109 observa·

285 1143 334 1202 tor,
347 1153 386 1190 vs.
400 1137 479 1199 l-a;
494 1143 548 1189 tum
561 1140 754 1200 commemorat,
769 1150 848 1204 quam
861 1137 963 1190 ardenti
975 1138 1030 1191 zelo
1042 1138 1104 1190 olim
1116 1143 1270 1206 persecutus
1281 1140 1363 1193 luerit
1376 1140 1443 1193 Jesu

283 1220 412 1272 Nazareui
424 1220 573 1286 discipulos,
585 1234 624 1271 vs.
636 1220 719 1281 o-tu;
733 1221 825 1270 deinde
833 1224 948 1282 enarrat,
958 1234 1026 1287 qnae
1035 1221 1084 1272 sibi
1095 1221 1271 1288 proficiscenti
1281 1223 1444 1276 Damascum

284 1303 318 1356 ad
331 1303 524 1370 persequendos
536 1302 697 1355 Christianos
709 1302 872 1366 accidissent,
886 1306 912 1354 et
924 1303 1054 1369 quomodo
1067 1304 1123 1371 ipse
1135 1319 1169 1357 ex
1179 1306 1307 1358 acerrimo
1318 1306 1444 1374 discipu-

283 1385 369 1437 lorum
381 1386 442 1437 lesu
454 1387 619 1451 persecutore
632 1384 716 1436 lactus
726 1387 793 1436 esset
804 1384 922 1450 ejusdem
933 1387 959 1436 et
968 1385 1146 1452 discipuluset
1154 1399 1262 1452 praeco;
1274 1385 1327 1438 und
1337 1388 1443 1452 innuit,

286 1483 326 1533 se,
339 1469 513 1535 praedicando
528 1469 634 1532 lesum,
657 1481 824 1534 nequaquam
846 1481 902 1519 esse
923 1460 1048 1534 paternae
1070 1469 1213 1534 Religionis
1233 1471 1443 1536 destructorem,

285 1565 368 1617 quum
380 1551 571 1603 demonstraret
582 1551 609 1600 in
623 1564 733 1616 persona
744 1551 806 1602 lesu
818 1551 945 1602 Nazareui
958 1551 1101 1618 adimpleta
1112 1565 1168 1604 esse
1178 1566 1223 1615 ea,
1235 1567 1303 1618 quae
1316 1552 1405 1607 Moses
1417 1558 1445 1606 et

285 1634 430 1701 Prophetae
441 1634 474 1686 de
485 1638 598 1686 venturo
611 1633 703 1686 Messio
717 1634 919 1700 praedixissent,
932 1649 971 1685 rs.
985 1633 1091 1685 tu-at.
1107 1635 1153 1687 Hic
1165 1648 1227 1688 vero
1240 1635 1333 1687 Festus
1344 1635 1443 1688 dicen-

232 1738 234 1741 ·
286 1721 338 1769 tem
352 1718 520 1784 interrumpit
533 1720 667 1782 tamquam
676 1716 841 1769 delirantem.
852 1717 949 1770 Paulus
958 1721 1048 1770 contra
1058 1721 1226 1784 protestatur,
1236 1732 1264 1771 se
1274 1718 1348 1784 loqui
1359 1719 1445 1770 rerba

285 1804 312 1851 et
324 1813 384 1851 vera
396 1802 423 1852 et
434 1813 507 1860 sana,
521 1802 548 1851 et
558 1800 591 1851 ad
604 1800 691 1866 ipsum
704 1813 792 1864 regem
812 1802 955 1866 Agrippam
976 1803 1109 1866 provocat.
1130 1800 1183 1852 Sed
1203 1800 1245 1852 hic
1266 1814 1351 1866 quum
1371 1801 1445 1854 hanc

285 1881 520 1947 interpellationem
531 1895 609 1946 aegre
622 1882 715 1945 terret,
735 1883 859 1935 derisorie
872 1884 909 1934 illi
922 1884 1075 1950 respondet,
1095 1886 1121 1935 et
1133 1897 1195 1935 mox
1207 1881 1260 1934 una
1271 1897 1332 1935 cum
1344 1883 1425 1935 Festo
1438 1922 1444 1944 ,

286 1965 421 2028 Berenice,
443 1968 469 2016 et
482 1967 589 2028 ceteris,
610 1980 644 2018 ex
663 1966 792 2018 auditorio
812 1967 937 2031 discedit,
957 1981 995 2019 vs.
1009 1967 1117 2018 alt-30.
1138 1965 1250 2031 Digressi
1269 1967 1332 2018 iude
1352 1966 1444 2033 deque

287 2049 367 2101 Paulo
379 2050 448 2102 inter
459 2064 486 2101 se
499 2050 630 2111 collocuti,
645 2052 673 2101 in
687 2051 755 2103 hanc
765 2052 923 2104 seutentiam
935 2053 1098 2104 conveniunt
1118 2063 1223 2112 omnes,
1245 2049 1342 2102 dimitti
1362 2064 1444 2117 posse

287 2133 407 2196 Paulum,
419 2134 469 2185 nisi
481 2133 616 2186 Caesarem
627 2134 793 2201 appellasset,
806 2149 845 2186 vs.
860 2136 887 2186 3ι
896 2136 970 2187 -3ι,

301 2302 400 2368 1-5.
427 2303 451 2367 A
457 2305 575 2385 prippu
592 2323 676 2385 cero,
694 2299 780 2379 etad.
800 2302 968 2388 Postquam
984 2303 1096 2367 Festus
1112 2299 1189 2366 baec
1206 2301 1297 2390 (Cap.
1312 2302 1414 2370 XXV
1432 2329 1440 2368 z

254 2424 403 2503 Rl-P7)
431 2424 540 2492 fuisset
561 2425 735 2514 praefatur,
761 2425 900 2514 Agrippa
926 2424 965 2492 ad
992 2425 1141 2504 Paulum,
1168 2425 1221 2513 qui
1245 2425 1370 2492 uinctus
1396 2425 1441 2494 ibi

255 2545 394 2612 adstabat
408 2544 504 2633 (inira
519 2565 567 2612 vs.
591 2542 664 2633 29),
682 2543 760 2612 dixit
779 2569 787 2611 :
812 2545 1006 2612 Permittitur
1021 2543 1076 2611 tibi
1095 2547 1181 2629 loqui
1193 2565 1254 2629 pro
1272 2548 1442 2630 temetipso

257 2671 343 2762 (ὑπερ
361 2694 490 2734 esacrae
508 2667 615 2760 leyen)
632 2669 669 2737 ad
691 2690 816 2738 causam
840 2680 921 2736 tuam
945 2666 1180 2736 defendendam.
1200 2671 1282 2735 'lum
1301 2668 1441 2749 Paulus,

257 2795 365 2861 dextra
382 2807 511 2862 extenso
529 2816 627 2860 manu
643 2803 785 2885 (εκτεινας
806 2815 858 2868 την
879 2796 993 2883 χειρα),
1012 2803 1045 2858 ιιι
1061 2790 1163 2857 lacere
1182 2791 1283 2859 solent
1302 2790 1440 2870 dicturi,

257 2943 291 2986 se
307 2920 486 3006 defendebat
503 2915 718 3007 (απελογεῖτο),
737 2929 825 2986 utens
843 2917 1021 2985 defensione
1039 2917 1097 2983 bac
1116 2941 1124 2982 ε
1144 2917 1272 2983 Beatum
1290 2936 1341 2983 me
1357 2917 1441 2984 exis-

259 3043 352 3124 tima,
370 3044 437 3110 Rex
454 3041 608 3131 Agrippa,
633 3041 716 3129 quod
738 3044 776 3106 dc
792 3045 955 3118 omnibus,
974 3062 1110 3128 priorum
1133 3059 1150 3106 a
1168 3039 1291 3107 ludaeis
1308 3062 1441 3108 accusor

257 3166 340 3255 (περι
362 3188 483 3229 παντων
507 3169 548 3230 ὡν
571 3163 787 3255 εγκαλουμαι),
812 3169 854 3232 ad
875 3169 939 3232 mei
965 3167 1180 3251 defensionem
1208 3162 1361 3230 hodierna
1390 3163 1441 3232 dic

258 3294 403 3357 dicturus
416 3311 484 3356 suin
499 3287 630 3381 (μελλων
643 3285 870 3378 απολογεισθαι)
883 3299 912 3355 te
929 3298 1102 3378 praesente,
1120 3307 1217 3372 quum
1234 3296 1267 3354 tu
1283 3285 1440 3375 imprimis

256 3437 378 3500 gnarus
393 3418 435 3481 ais
450 3415 599 3504 (γνωστην
611 3435 683 3476 οντα
700 3418 746 3501 σε)
763 3415 906 3478 clunium
924 3411 1067 3478 Iudaicae
1079 3410 1178 3499 gentis
1194 3409 1225 3475 in
1245 3430 1279 3476 re
1295 3408 1440 3496 religiosa

259 3538 470 3604 institutorum
488 3547 517 3602 et
539 3535 767 3624 quaestionum.
793 3537 991 3624 Quapropter
1019 3534 1150 3602 obsecro
1170 3543 1212 3610 te,
1230 3542 1264 3599 ut
1289 3533 1439 3622 patienter

258 3660 487 3751 (μακροθυμως,
506 3662 739 3748 lenpauimiter)
755 3679 804 3727 me
821 3657 939 3725 audias.
958 3696 1002 3705 —
1018 3656 1239 3724 Defensiouem
1258 3654 1306 3720 sui
1325 3655 1439 3723 Paulus

259 3782 383 3852 inchoat
398 3803 416 3849 a
432 3782 604 3872 probando,
619 3804 653 3850 se
669 3783 782 3850 iniuria
799 3782 916 3849 traduci
935 3793 1090 3870 tamquam
1109 3790 1254 3869 paternae
1263 3778 1439 3866 Religionis

259 3907 498 3975 destructorum.
523 3909 596 3973 Post
615 3906 692 3974 baec
715 3907 856 3974 dicturus
878 3905 987 3972 luisset
1008 3903 1047 3970 de
1074 3901 1204 3990 reliquis
1232 3902 1438 3968 accusationis

259 4032 413 4123 capitibus
436 4032 518 4124 (vide
540 4053 654 4121 supra,
678 4034 754 4122 Cap.
779 4032 902 4100 XXV:
922 4030 971 4119 8),
1001 4029 1060 4095 nisi
1084 4026 1238 4093 dicentem
1262 4027 1374 4092 Festus
1397 4025 1440 4092 iu·

263 4159 445 4247 terrupisset
461 4159 519 4240 (vs.
534 4159 601 4243 al).
649 4180 650 4184 ¹

306 4284 428 4348 Dextro
447 4292 576 4347 extensu
597 4302 708 4348 muner.
729 4283 807 4348 Rern
824 4278 972 4346 describit
995 4276 1145 4365 Apuleius
1170 4273 1266 4364 (apud
1282 4275 1437 4341 wetsten.

263 4405 301 4476 ad
324 4403 357 4472 b.
382 4405 423 4495 l.)
448 4432 455 4473 :
480 4407 628 4492 Porriqit
650 4409 817 4484 deutrum,
840 4415 869 4468 et
889 4405 930 4468 ud
953 4405 1057 4469 instar
1078 4411 1243 4469 oratorum
1264 4401 1441 4486 conformat
