3074 5054
503 369 640 437 CAPUT
681 372 773 453 xlv,
813 372 934 441 VERS.
976 375 1075 440 l-l,
1308 375 1368 442 361

197 565 280 646 peior
308 565 344 628 ia
371 564 437 626 dies
463 565 584 646 sactae,
613 562 755 627 clunibus
783 573 895 628 contro
925 584 1032 628 omnes
1064 565 1220 630 credebat.
1252 563 1371 631 lbidem

195 685 278 774 (Cap.
307 684 384 753 Vlll
405 707 413 749 ε
432 679 463 762 6)
480 683 646 747 amonebat
670 694 717 751 est
740 695 853 751 contra
877 688 1016 771 aliquem
1041 688 1191 766 irritari,
1218 688 1268 753 eui
1294 699 1371 755 tarn·

194 828 279 898 quarn
301 809 516 895 Synonyrnnm
537 831 624 899 οργης
652 805 939 882 αναπλησθησεσθαι
970 810 1119 896 iungitur.
1144 811 1197 879 Sic
1222 810 1371 880 hocloco

193 935 255 1002 eius
273 934 489 1022 Synonymum
507 945 553 999 est
569 955 740 1022 επηγειραν.
760 962 773 991 s

231 1181 265 1247 5.
284 1179 391 1246 Multo
407 1181 509 1262 igilur
525 1187 664 1262 tempore
672 1227 685 1260 ,
705 1175 795 1263 elo).
815 1179 929 1240 Ἱκανον
944 1199 998 1262 μεν
1012 1201 1105 1243 ουν...
1123 1177 1184 1266 (vs.
1200 1179 1233 1263 4)
1246 1178 1372 1264 εσχισθη

183 1300 231 1368 δε.
251 1302 480 1373 particularum
501 1324 554 1389 peu
578 1298 661 1368 etde
685 1321 760 1369 usus
782 1301 835 1369 hic
856 1313 902 1369 est
925 1297 1145 1387 μεταβατικος,
1164 1321 1245 1390 quo,
1263 1301 1317 1370 ubi
1334 1302 1372 1370 ab

184 1447 249 1497 una
266 1427 416 1496 historiae
433 1437 520 1516 parte
535 1425 574 1493 ad
589 1425 681 1492 aliam
699 1425 860 1503 transitur,
884 1447 937 1512 peu
960 1425 1075 1493 claudit
1096 1425 1325 1508 antecedentia,
1344 1439 1374 1493 et

184 1546 223 1613 de
238 1548 365 1617 inchoat
381 1549 553 1636 sequentia.
580 1547 662 1616 Vide
678 1568 773 1636 supra
790 1546 828 1614 ad
850 1549 927 1637 Cap.
947 1548 1026 1617 Vlll
1047 1575 1054 1615 :
1074 1550 1129 1616 25.
1148 1549 1372 1615 Particularia

178 1674 317 1763 respicit
341 1672 417 1740 illud
441 1676 501 1758 (vs.
528 1675 559 1755 l)
584 1670 661 1736 ὥστε
688 1669 1027 1749 πιστευσαι-πληθος,
1060 1683 1215 1759 tamquam
1244 1694 1372 1739 causam

178 1819 244 1862 cur
256 1795 398 1885 Apostoli
416 1795 514 1862 leonii
531 1797 656 1860 diutius
668 1806 947 1862 commorarentur.
964 1793 1261 1887 Παρρησιαζομενςι,
1278 1796 1373 1862 libere

176 1917 218 1985 in
242 1940 277 1985 re
302 1919 484 2006 Evangeliee
501 1929 644 2002 epactes,
663 1917 685 1984 i.
706 1938 735 1985 e.
754 1918 908 2007 intrepide
923 1917 1125 2005 Evangelium
1144 1919 1369 2007 praedicantes.

176 2040 268 2109 Vide
296 2061 392 2130 supra
417 2039 457 2108 ad
478 2042 554 2130 Cap.
579 2043 626 2108 IX
651 2067 658 2108 :
684 2043 740 2109 27.
768 2041 861 2126 Quod
884 2042 1025 2129 sequitur
1053 2064 1102 2104 επι
1126 2066 1169 2128 τῳ
1192 2043 1319 2133 Kopion,
1338 2065 1373 2111 co

175 2164 378 2253 significatur
404 2163 436 2231 id
466 2168 501 2229 ia
525 2186 585 2250 qao
609 2165 749 2253 ipsorum
777 2186 933 2256 παρρησια
962 2165 1124 2231 niteretur.
1155 2166 1240 2233 llaec
1269 2177 1372 2234 autern

176 2285 343 2354 nitebatur
366 2288 431 2351 Deo
450 2287 511 2371 (eru
527 2311 570 2372 τῳ
592 2288 726 2378 Κυριῳ),
745 2291 801 2373 qai
823 2306 935 2376 nempe
959 2290 1178 2354 testimoniam
1194 2292 1374 2375 perhibebat

176 2407 245 2497 (τῳ
263 2431 467 2501 μαρτυρουντι
484 2410 633 2499 Particip.
652 2410 841 2500 Imperfecti)
859 2412 950 2476 verbo
965 2415 1091 2494 proriae
1106 2433 1180 2478 saue
1197 2413 1373 2501 (doctrinae

185 2531 375 2622 Evangelii),
399 2534 597 2601 concedendo
621 2535 702 2613 illis,
721 2546 756 2601 ut
779 2555 835 2624 per
858 2535 984 2603 illorum
1007 2554 1117 2602 manus
1133 2536 1280 2604 continnd
1300 2536 1373 2604 ede-

183 2668 294 2725 rentur
310 2660 394 2723 varii
415 2662 542 2740 pelleris
563 2661 724 2726 miracula
741 2662 867 2746 (σημεια
884 2657 1087 2751 perrepere).
1107 2697 1151 2707 -—
1167 2659 1372 2749 Parlioipium

187 2776 301 2846 dedara
322 2802 383 2847 nou
407 2802 523 2846 leonum
547 2780 621 2869 quid
637 2784 745 2865 addit,
771 2782 827 2849 sed
848 2784 1001 2872 explicat,
1019 2804 1158 2868 quonaone
1173 2786 1266 2848 modo
1282 2784 1369 2851 Deus

190 2907 397 2974 testimonium
419 2906 495 2974 illud
517 2907 722 2995 perhibuerit.
754 2909 860 2997 ltaque
891 2910 1065 2976 rectissime
1088 2922 1268 2997 antegressa
1297 2912 1373 2976 Par·

192 3029 295 3119 ticipio
306 3026 530 3120 'paprvpooer2,
549 3050 682 3119 sequens
699 3027 813 3095 oraora
829 3032 1009 3118 asyndetiee
1025 3032 1174 3120 iungitur.
1195 3033 1372 3122 Utrumque

193 3153 301 3238 pendet
324 3172 342 3218 a
362 3153 598 3241 Praepositione
622 3177 683 3220 επι.
708 3154 823 3221 Confer
845 3155 948 3222 locum
973 3156 1157 3244 parallelum
1180 3157 1211 3222 in
1233 3157 1373 3246 Epistola

191 3276 226 3343 ad
247 3277 424 3357 Hebraeae,
442 3279 517 3366 Cap.
538 3278 567 3344 ll
588 3302 595 3343 :
616 3280 654 3354 ὃ,
673 3281 705 3345 4.
726 3317 769 3327 -
788 3280 939 3347 Doctrina
963 3281 1147 3368 Euangeliou
1170 3291 1297 3348 vocatur
1320 3280 1373 3348 hic

192 3407 316 3470 uerbum
343 3408 466 3488 predae
494 3406 556 3468 ,Dei
582 3402 614 3492 (ὁ
638 3401 725 3492 loyce
745 3428 796 3478 της
819 3427 944 3494 χαριτος
972 3405 1094 3495 aaron),
1125 3418 1154 3473 et
1182 3406 1255 3474 alibi
1282 3406 1372 3491 (infra

191 3523 279 3616 (Cap.
297 3528 363 3593 XX
382 3550 390 3592 :
409 3525 463 3605 44)
479 3529 689 3609 Eocupellom
704 3531 828 3610 proriae
844 3529 907 3592 Dei
922 3526 971 3616 (rc
987 3525 1162 3618 ευαγγελιον
1179 3553 1230 3602 της
1247 3551 1371 3619 pauperae

191 3672 239 3713 του
261 3648 371 3734 &coep
390 3649 443 3718 ubi
466 3675 516 3724 της
538 3673 663 3741 χαριτος
685 3663 732 3718 est
755 3652 919 3720 Genitivus
938 3654 1051 3718 obiecti
1070 3677 1077 3718 :
1097 3671 1219 3732 senno,
1239 3670 1300 3740 quo
1318 3673 1370 3718 an-

193 3775 353 3843 nunciatur
369 3774 466 3862 gratia
481 3776 541 3842 Dei
558 3776 770 3844 credentibus.

233 4026 265 4091 4.
287 4025 396 4113 lliviso
412 3993 593 4108 actualem,
609 4031 696 4114 etc).
716 4026 836 4093 Graece
849 4023 988 4110 εσχισθη,
1003 4027 1103 4089 scissa
1116 4035 1182 4107 θείς
1200 4042 1261 4111 quo
1278 4041 1372 4088 sensu

190 4145 341 4235 Virgilius
364 4149 454 4231 (Aen.
474 4150 504 4215 ll
524 4169 532 4211 :
553 4147 612 4237 ab)
628 4148 706 4216 dixit
725 4173 732 4214 :
752 4169 906 4216 serunrrua
927 4152 1051 4214 interea
1073 4149 1179 4213 studia
1197 4149 1232 4211 in
1248 4156 1373 4211 contro-

191 4276 239 4338 rio
256 4276 380 4357 culpus.
398 4312 443 4322 -
459 4273 695 4341 incredulorum
718 4273 849 4340 istorum
872 4272 931 4355 (vs.
950 4270 988 4360 2)
1010 4272 1105 4360 operit
1128 4269 1308 4338 lconienses
1324 4268 1373 4356 (το

191 4394 297 4472 alatae
314 4423 364 4473 της
380 4396 512 4475 celena,
532 4401 559 4464 le
575 4399 742 4482 propterte
759 4400 790 4463 la
806 4397 889 4480 cille)
905 4394 994 4462 scissi
1016 4405 1087 4462 sunt
1108 4393 1140 4461 in
1157 4393 1233 4462 duas
1250 4401 1371 4483 partes,
