<?xml version="1.0" encoding="UTF-8"?>
<!DOCTYPE html PUBLIC "-//W3C//DTD XHTML 1.0 Transitional//EN"
    "http://www.w3.org/TR/xhtml1/DTD/xhtml1-transitional.dtd">
<html xmlns="http://www.w3.org/1999/xhtml" xml:lang="en" lang="en">
 <head>
  <title>
</title>
<meta http-equiv="Content-Type" content="text/html;charset=utf-8" />
  <meta name='ocr-system' content='tesseract 3.04.00' />
  <meta name='ocr-capabilities' content='ocr_page ocr_carea ocr_par ocr_line ocrx_word'/>
</head>
<body>
  <div class='ocr_page' id='page_1' title='image "./commentariusina00beelgoog/commentariusina00beelgoog_0515.png"; bbox 0 0 3074 5054; ppageno 0'>
   <div class='ocr_carea' id='block_1_1' title="bbox 464 398 1366 485">
    <p class='ocr_par' dir='ltr' id='par_1_1' title="bbox 464 398 1366 485">
     <span class='ocr_line' id='line_1_1' title="bbox 464 398 1366 485; baseline -0.004 -12"><span class='ocrx_word' id='word_1_1' title='bbox 464 406 604 473; x_wconf 79' lang='lat' dir='ltr'><strong>CAPUT</strong></span> <span class='ocrx_word' id='word_1_2' title='bbox 640 398 740 485; x_wconf 85' lang='lat' dir='ltr'>XIX,</span> <span class='ocrx_word' id='word_1_3' title='bbox 778 404 900 474; x_wconf 84' lang='lat' dir='ltr'>VERS.</span> <span class='ocrx_word' id='word_1_4' title='bbox 938 405 1085 473; x_wconf 69' lang='grc'><strong>59-40.</strong></span> <span class='ocrx_word' id='word_1_5' title='bbox 1302 404 1366 473; x_wconf 75' lang='grc'>477</span> 
     </span>
    </p>
   </div>
   <div class='ocr_carea' id='block_1_2' title="bbox 177 589 1367 2910">
    <p class='ocr_par' dir='ltr' id='par_1_2' title="bbox 177 589 1367 2910">
     <span class='ocr_line' id='line_1_2' title="bbox 187 589 1363 689; baseline -0.005 -24"><span class='ocrx_word' id='word_1_6' title='bbox 187 597 269 666; x_wconf 76' lang='lat' dir='ltr'>Dicit</span> <span class='ocrx_word' id='word_1_7' title='bbox 283 593 389 688; x_wconf 77' lang='grc' dir='ltr'><strong>ανδρες</strong></span> <span class='ocrx_word' id='word_1_8' title='bbox 400 597 542 689; x_wconf 81' lang='grc' dir='ltr'><strong>Εφεσιοι,</strong></span> <span class='ocrx_word' id='word_1_9' title='bbox 557 607 592 663; x_wconf 87' lang='lat' dir='ltr'>ul</span> <span class='ocrx_word' id='word_1_10' title='bbox 616 595 695 664; x_wconf 88' lang='lat' dir='ltr'>solet</span> <span class='ocrx_word' id='word_1_11' title='bbox 710 595 815 664; x_wconf 80' lang='lat' dir='ltr'><strong>dicere</strong></span> <span class='ocrx_word' id='word_1_12' title='bbox 839 593 1067 662; x_wconf 77' lang='lat' dir='ltr'>Demosthenes</span> <span class='ocrx_word' id='word_1_13' title='bbox 1083 589 1188 684; x_wconf 82' lang='grc' dir='ltr'><strong>ανδρες</strong></span> <span class='ocrx_word' id='word_1_14' title='bbox 1205 592 1363 666; x_wconf 80' lang='grc' dir='ltr'><strong>Αθηναιοι.</strong></span> 
     </span>
     <span class='ocr_line' id='line_1_3' title="bbox 187 716 1367 812; baseline -0.003 -27"><span class='ocrx_word' id='word_1_15' title='bbox 187 759 226 770; x_wconf 92' lang='grc'>-</span> <span class='ocrx_word' id='word_1_16' title='bbox 245 750 260 780; x_wconf 86' lang='lat'>«</span> <span class='ocrx_word' id='word_1_17' title='bbox 272 720 444 812; x_wconf 87' lang='grc' dir='ltr'><strong>Νεωκορον,</strong></span> <span class='ocrx_word' id='word_1_18' title='bbox 463 721 505 787; x_wconf 84' lang='lat' dir='ltr'>ait</span> <span class='ocrx_word' id='word_1_19' title='bbox 529 720 756 789; x_wconf 72' lang='lat' dir='ltr'>Valckenarius</span> <span class='ocrx_word' id='word_1_20' title='bbox 781 717 832 800; x_wconf 80' lang='lat' dir='ltr'>lad</span> <span class='ocrx_word' id='word_1_21' title='bbox 849 718 882 786; x_wconf 87' lang='lat' dir='ltr'>lr.</span> <span class='ocrx_word' id='word_1_22' title='bbox 910 716 963 808; x_wconf 91' lang='lat' dir='ltr'>l.),</span> <span class='ocrx_word' id='word_1_23' title='bbox 991 721 1154 785; x_wconf 77' lang='lat' dir='ltr'><strong><em>cultricem</em></strong></span> <span class='ocrx_word' id='word_1_24' title='bbox 1170 717 1259 786; x_wconf 83' lang='lat' dir='ltr'>docte</span> <span class='ocrx_word' id='word_1_25' title='bbox 1275 717 1367 783; x_wconf 84' lang='lat' dir='ltr'>uertit</span> 
     </span>
     <span class='ocr_line' id='line_1_4' title="bbox 187 841 1365 934; baseline -0.005 -24"><span class='ocrx_word' id='word_1_26' title='bbox 187 843 311 912; x_wconf 89' lang='lat' dir='ltr'>Latinus</span> <span class='ocrx_word' id='word_1_27' title='bbox 334 847 509 934; x_wconf 76' lang='lat' dir='ltr'>interpres,</span> <span class='ocrx_word' id='word_1_28' title='bbox 527 854 561 911; x_wconf 91' lang='lat' dir='ltr'>nt</span> <span class='ocrx_word' id='word_1_29' title='bbox 573 854 645 910; x_wconf 83' lang='lat' dir='ltr'>sunt</span> <span class='ocrx_word' id='word_1_30' title='bbox 659 843 691 910; x_wconf 93' lang='lat' dir='ltr'>in</span> <span class='ocrx_word' id='word_1_31' title='bbox 709 843 760 911; x_wconf 90' lang='lat' dir='ltr'>illa</span> <span class='ocrx_word' id='word_1_32' title='bbox 785 842 927 909; x_wconf 78' lang='lat' dir='ltr'>versione</span> <span class='ocrx_word' id='word_1_33' title='bbox 943 842 1071 922; x_wconf 88' lang='lat' dir='ltr'>Latina,</span> <span class='ocrx_word' id='word_1_34' title='bbox 1086 860 1179 930; x_wconf 87' lang='lat' dir='ltr'>quam</span> <span class='ocrx_word' id='word_1_35' title='bbox 1200 841 1365 923; x_wconf 68' lang='lat' dir='ltr'>Veientem</span> 
     </span>
     <span class='ocr_line' id='line_1_5' title="bbox 186 966 1362 1058; baseline -0.003 -24"><span class='ocrx_word' id='word_1_36' title='bbox 186 966 308 1051; x_wconf 77' lang='lat' dir='ltr'>(linunt,</span> <span class='ocrx_word' id='word_1_37' title='bbox 337 968 433 1039; x_wconf 87' lang='lat' dir='ltr'>multa</span> <span class='ocrx_word' id='word_1_38' title='bbox 457 967 727 1057; x_wconf 76' lang='lat' dir='ltr'>elegantissima...</span> <span class='ocrx_word' id='word_1_39' title='bbox 754 970 781 1034; x_wconf 88' lang='grc' dir='ltr'>Α</span> <span class='ocrx_word' id='word_1_40' title='bbox 804 987 881 1034; x_wconf 86' lang='lat' dir='ltr'>voce</span> <span class='ocrx_word' id='word_1_41' title='bbox 905 989 981 1058; x_wconf 87' lang='grc' dir='ltr'><strong>κερω</strong></span> <span class='ocrx_word' id='word_1_42' title='bbox 1006 967 1071 1034; x_wconf 91' lang='lat' dir='ltr'>sive</span> <span class='ocrx_word' id='word_1_43' title='bbox 1098 989 1206 1058; x_wconf 84' lang='grc' dir='ltr'><strong>κειρω,</strong></span> <span class='ocrx_word' id='word_1_44' title='bbox 1235 967 1362 1050; x_wconf 80' lang='lat' dir='ltr'>scindo,</span> 
     </span>
     <span class='ocr_line' id='line_1_6' title="bbox 186 1089 1363 1184; baseline -0.003 -26"><span class='ocrx_word' id='word_1_45' title='bbox 186 1090 353 1161; x_wconf 84' lang='lat' dir='ltr'>derivatum</span> <span class='ocrx_word' id='word_1_46' title='bbox 370 1113 482 1161; x_wconf 90' lang='lat' dir='ltr'>nomen</span> <span class='ocrx_word' id='word_1_47' title='bbox 495 1115 581 1184; x_wconf 83' lang='grc' dir='ltr'><strong>κορος</strong></span> <span class='ocrx_word' id='word_1_48' title='bbox 596 1114 704 1179; x_wconf 82' lang='lat' dir='ltr'>scopae</span> <span class='ocrx_word' id='word_1_49' title='bbox 721 1089 861 1173; x_wconf 86' lang='lat' dir='ltr'>notabat3</span> <span class='ocrx_word' id='word_1_50' title='bbox 881 1089 955 1158; x_wconf 84' lang='lat' dir='ltr'>lriue</span> <span class='ocrx_word' id='word_1_51' title='bbox 971 1113 1085 1181; x_wconf 84' lang='grc' dir='ltr'><strong>κορειν,</strong></span> <span class='ocrx_word' id='word_1_52' title='bbox 1103 1093 1205 1175; x_wconf 84' lang='lat' dir='ltr'>scopis</span> <span class='ocrx_word' id='word_1_53' title='bbox 1222 1110 1363 1170; x_wconf 87' lang='lat' dir='ltr'>uerrere,</span> 
     </span>
     <span class='ocr_line' id='line_1_7' title="bbox 186 1211 1366 1308; baseline -0.001 -26"><span class='ocrx_word' id='word_1_54' title='bbox 186 1215 267 1304; x_wconf 85' lang='lat' dir='ltr'>qnod</span> <span class='ocrx_word' id='word_1_55' title='bbox 289 1215 380 1305; x_wconf 86' lang='lat' dir='ltr'>vulgo</span> <span class='ocrx_word' id='word_1_56' title='bbox 401 1240 514 1308; x_wconf 84' lang='grc' dir='ltr'><strong>οοιροον</strong></span> <span class='ocrx_word' id='word_1_57' title='bbox 538 1216 718 1295; x_wconf 78' lang='lat' dir='ltr'>dicebatur3</span> <span class='ocrx_word' id='word_1_58' title='bbox 746 1213 820 1282; x_wconf 87' lang='lat' dir='ltr'>hino</span> <span class='ocrx_word' id='word_1_59' title='bbox 844 1214 1017 1303; x_wconf 82' lang='lat' dir='ltr'>composite</span> <span class='ocrx_word' id='word_1_60' title='bbox 1039 1211 1183 1305; x_wconf 77' lang='grc' dir='ltr'><strong>νεωκόρος</strong></span> <span class='ocrx_word' id='word_1_61' title='bbox 1200 1214 1230 1279; x_wconf 93' lang='lat' dir='ltr'>in</span> <span class='ocrx_word' id='word_1_62' title='bbox 1248 1215 1366 1302; x_wconf 78' lang='lat' dir='ltr'>origine</span> 
     </span>
     <span class='ocr_line' id='line_1_8' title="bbox 185 1337 1366 1425; baseline 0.003 -22"><span class='ocrx_word' id='word_1_63' title='bbox 185 1338 207 1404; x_wconf 88' lang='lat' dir='ltr'>is</span> <span class='ocrx_word' id='word_1_64' title='bbox 223 1349 290 1405; x_wconf 89' lang='lat' dir='ltr'>erat</span> <span class='ocrx_word' id='word_1_65' title='bbox 313 1343 370 1425; x_wconf 84' lang='lat' dir='ltr'>qni</span> <span class='ocrx_word' id='word_1_66' title='bbox 392 1342 498 1407; x_wconf 86' lang='lat' dir='ltr'>eedem</span> <span class='ocrx_word' id='word_1_67' title='bbox 515 1362 638 1407; x_wconf 79' lang='lat' dir='ltr'>ruerem</span> <span class='ocrx_word' id='word_1_68' title='bbox 660 1341 803 1406; x_wconf 82' lang='lat' dir='ltr'>verrebat</span> <span class='ocrx_word' id='word_1_69' title='bbox 820 1350 850 1406; x_wconf 85' lang='lat' dir='ltr'>et</span> <span class='ocrx_word' id='word_1_70' title='bbox 861 1341 1040 1424; x_wconf 75' lang='lat' dir='ltr'>perpetrat,</span> <span class='ocrx_word' id='word_1_71' title='bbox 1064 1337 1142 1406; x_wconf 93' lang='lat' dir='ltr'>illud</span> <span class='ocrx_word' id='word_1_72' title='bbox 1164 1348 1266 1406; x_wconf 82' lang='lat' dir='ltr'>autem</span> <span class='ocrx_word' id='word_1_73' title='bbox 1293 1359 1366 1406; x_wconf 88' lang='lat' dir='ltr'>mox</span> 
     </span>
     <span class='ocr_line' id='line_1_9' title="bbox 185 1460 1365 1550; baseline 0.002 -22"><span class='ocrx_word' id='word_1_74' title='bbox 185 1460 219 1530; x_wconf 86' lang='lat' dir='ltr'>ud</span> <span class='ocrx_word' id='word_1_75' title='bbox 235 1462 324 1530; x_wconf 92' lang='lat' dir='ltr'>illum</span> <span class='ocrx_word' id='word_1_76' title='bbox 337 1463 518 1531; x_wconf 83' lang='lat' dir='ltr'>translatum</span> <span class='ocrx_word' id='word_1_77' title='bbox 533 1474 596 1544; x_wconf 88' lang='lat' dir='ltr'>est,</span> <span class='ocrx_word' id='word_1_78' title='bbox 611 1466 668 1550; x_wconf 79' lang='lat' dir='ltr'>qui</span> <span class='ocrx_word' id='word_1_79' title='bbox 685 1466 855 1547; x_wconf 80' lang='lat' dir='ltr'>tempium,</span> <span class='ocrx_word' id='word_1_80' title='bbox 874 1461 922 1528; x_wconf 87' lang='lat' dir='ltr'>vel</span> <span class='ocrx_word' id='word_1_81' title='bbox 939 1465 1049 1529; x_wconf 88' lang='lat' dir='ltr'>eedem</span> <span class='ocrx_word' id='word_1_82' title='bbox 1067 1462 1227 1548; x_wconf 83' lang='lat' dir='ltr'>tuebatur,</span> <span class='ocrx_word' id='word_1_83' title='bbox 1246 1463 1313 1529; x_wconf 86' lang='lat' dir='ltr'>sive</span> <span class='ocrx_word' id='word_1_84' title='bbox 1326 1461 1365 1530; x_wconf 92' lang='lat' dir='ltr'>ad</span> 
     </span>
     <span class='ocr_line' id='line_1_10' title="bbox 184 1585 1366 1677; baseline 0.001 -26"><span class='ocrx_word' id='word_1_85' title='bbox 184 1589 358 1668; x_wconf 78' lang='lat' dir='ltr'>aedituum,</span> <span class='ocrx_word' id='word_1_86' title='bbox 377 1598 482 1677; x_wconf 86' lang='lat' dir='ltr'>postea</span> <span class='ocrx_word' id='word_1_87' title='bbox 499 1589 589 1655; x_wconf 89' lang='lat' dir='ltr'>eliam</span> <span class='ocrx_word' id='word_1_88' title='bbox 616 1586 655 1655; x_wconf 90' lang='lat' dir='ltr'>ad</span> <span class='ocrx_word' id='word_1_89' title='bbox 670 1589 859 1654; x_wconf 84' lang='lat' dir='ltr'>secerdotes.</span> <span class='ocrx_word' id='word_1_90' title='bbox 877 1585 1035 1667; x_wconf 82' lang='lat' dir='ltr'>Tandem,</span> <span class='ocrx_word' id='word_1_91' title='bbox 1053 1589 1109 1672; x_wconf 79' lang='lat' dir='ltr'>qui</span> <span class='ocrx_word' id='word_1_92' title='bbox 1130 1588 1214 1653; x_wconf 79' lang='lat' dir='ltr'>hunc</span> <span class='ocrx_word' id='word_1_93' title='bbox 1237 1590 1366 1655; x_wconf 85' lang='lat' dir='ltr'>illumve</span> 
     </span>
     <span class='ocr_line' id='line_1_11' title="bbox 184 1710 1363 1801; baseline 0.003 -25"><span class='ocrx_word' id='word_1_94' title='bbox 184 1711 274 1778; x_wconf 87' lang='lat' dir='ltr'>deum</span> <span class='ocrx_word' id='word_1_95' title='bbox 290 1730 365 1801; x_wconf 92' lang='lat' dir='ltr'>prae</span> <span class='ocrx_word' id='word_1_96' title='bbox 380 1713 492 1780; x_wconf 88' lang='lat' dir='ltr'>eeteris</span> <span class='ocrx_word' id='word_1_97' title='bbox 508 1716 628 1778; x_wconf 77' lang='lat' dir='ltr'>eximia</span> <span class='ocrx_word' id='word_1_98' title='bbox 651 1715 805 1797; x_wconf 77' lang='lat' dir='ltr'>relipione</span> <span class='ocrx_word' id='word_1_99' title='bbox 824 1714 1074 1797; x_wconf 80' lang='lat' dir='ltr'>venerabantur,</span> <span class='ocrx_word' id='word_1_100' title='bbox 1093 1710 1167 1779; x_wconf 89' lang='lat' dir='ltr'>dieti</span> <span class='ocrx_word' id='word_1_101' title='bbox 1186 1723 1257 1780; x_wconf 87' lang='lat' dir='ltr'>sunt</span> <span class='ocrx_word' id='word_1_102' title='bbox 1274 1712 1363 1780; x_wconf 91' lang='lat' dir='ltr'>istius</span> 
     </span>
     <span class='ocr_line' id='line_1_12' title="bbox 183 1831 1364 1927; baseline 0.001 -27"><span class='ocrx_word' id='word_1_103' title='bbox 183 1831 227 1900; x_wconf 89' lang='lat' dir='ltr'>dei</span> <span class='ocrx_word' id='word_1_104' title='bbox 246 1832 399 1927; x_wconf 76' lang='grc' dir='ltr'><strong>νεωκόρον.</strong></span> <span class='ocrx_word' id='word_1_105' title='bbox 419 1836 504 1904; x_wconf 80' lang='lat' dir='ltr'>Aeno</span> <span class='ocrx_word' id='word_1_106' title='bbox 528 1835 694 1903; x_wconf 76' lang='lat' dir='ltr'>recentiori</span> <span class='ocrx_word' id='word_1_107' title='bbox 719 1833 780 1902; x_wconf 85' lang='lat' dir='ltr'>lroo</span> <span class='ocrx_word' id='word_1_108' title='bbox 805 1833 893 1901; x_wconf 82' lang='lat' dir='ltr'>titulo</span> <span class='ocrx_word' id='word_1_109' title='bbox 917 1833 1074 1900; x_wconf 90' lang='lat' dir='ltr'>honestari</span> <span class='ocrx_word' id='word_1_110' title='bbox 1097 1834 1240 1902; x_wconf 86' lang='lat' dir='ltr'>amabant</span> <span class='ocrx_word' id='word_1_111' title='bbox 1256 1838 1364 1903; x_wconf 85' lang='lat' dir='ltr'>eivita-</span> 
     </span>
     <span class='ocr_line' id='line_1_13' title="bbox 184 1955 1363 2047; baseline 0.006 -28"><span class='ocrx_word' id='word_1_112' title='bbox 184 1965 244 2040; x_wconf 84' lang='lat' dir='ltr'>les,</span> <span class='ocrx_word' id='word_1_113' title='bbox 264 1976 343 2045; x_wconf 88' lang='lat' dir='ltr'>quae</span> <span class='ocrx_word' id='word_1_114' title='bbox 363 1955 513 2047; x_wconf 86' lang='lat' dir='ltr'>peenliari</span> <span class='ocrx_word' id='word_1_115' title='bbox 535 1959 652 2026; x_wconf 86' lang='lat' dir='ltr'>ratione</span> <span class='ocrx_word' id='word_1_116' title='bbox 671 1959 740 2026; x_wconf 90' lang='lat' dir='ltr'>Dee</span> <span class='ocrx_word' id='word_1_117' title='bbox 764 1957 887 2026; x_wconf 82' lang='lat' dir='ltr'>auidam</span> <span class='ocrx_word' id='word_1_118' title='bbox 910 1967 997 2023; x_wconf 91' lang='lat' dir='ltr'>erant</span> <span class='ocrx_word' id='word_1_119' title='bbox 1017 1967 1225 2024; x_wconf 83' lang='lat' dir='ltr'>consecratae.</span> <span class='ocrx_word' id='word_1_120' title='bbox 1244 1958 1363 2026; x_wconf 85' lang='lat' dir='ltr'>Dianae</span> 
     </span>
     <span class='ocr_line' id='line_1_14' title="bbox 182 2077 1361 2171; baseline 0.006 -28"><span class='ocrx_word' id='word_1_121' title='bbox 182 2077 225 2143; x_wconf 90' lang='lat' dir='ltr'>sie</span> <span class='ocrx_word' id='word_1_122' title='bbox 252 2079 368 2147; x_wconf 81' lang='lat' dir='ltr'>cultrix</span> <span class='ocrx_word' id='word_1_123' title='bbox 394 2080 555 2170; x_wconf 88' lang='lat' dir='ltr'>Ephesus,</span> <span class='ocrx_word' id='word_1_124' title='bbox 593 2082 712 2149; x_wconf 89' lang='lat' dir='ltr'>Dianae</span> <span class='ocrx_word' id='word_1_125' title='bbox 745 2081 859 2149; x_wconf 86' lang='lat' dir='ltr'>dieitur</span> <span class='ocrx_word' id='word_1_126' title='bbox 893 2078 1079 2171; x_wconf 73' lang='grc' dir='ltr'><strong>νεωκόρος...</strong></span> <span class='ocrx_word' id='word_1_127' title='bbox 1112 2081 1228 2147; x_wconf 86' lang='lat' dir='ltr'>Docuit</span> <span class='ocrx_word' id='word_1_128' title='bbox 1258 2092 1361 2150; x_wconf 84' lang='lat' dir='ltr'>autem</span> 
     </span>
     <span class='ocr_line' id='line_1_15' title="bbox 181 2199 1363 2292; baseline 0.004 -27"><span class='ocrx_word' id='word_1_129' title='bbox 181 2199 333 2266; x_wconf 85' lang='lat' dir='ltr'>Graevius</span> <span class='ocrx_word' id='word_1_130' title='bbox 356 2201 387 2267; x_wconf 94' lang='lat' dir='ltr'>in</span> <span class='ocrx_word' id='word_1_131' title='bbox 414 2203 544 2270; x_wconf 83' lang='lat' dir='ltr'>Graecis</span> <span class='ocrx_word' id='word_1_132' title='bbox 560 2203 715 2281; x_wconf 78' lang='lat' dir='ltr'>enormia,</span> <span class='ocrx_word' id='word_1_133' title='bbox 731 2203 784 2292; x_wconf 88' lang='lat' dir='ltr'>qui</span> <span class='ocrx_word' id='word_1_134' title='bbox 802 2201 927 2292; x_wconf 89' lang='lat' dir='ltr'>quidem</span> <span class='ocrx_word' id='word_1_135' title='bbox 945 2202 1011 2268; x_wconf 85' lang='lat' dir='ltr'>ausi</span> <span class='ocrx_word' id='word_1_136' title='bbox 1029 2213 1102 2269; x_wconf 89' lang='lat' dir='ltr'>sunt</span> <span class='ocrx_word' id='word_1_137' title='bbox 1118 2201 1176 2269; x_wconf 90' lang='lat' dir='ltr'>sub</span> <span class='ocrx_word' id='word_1_138' title='bbox 1193 2202 1363 2291; x_wconf 84' lang='lat' dir='ltr'>imperato·</span> 
     </span>
     <span class='ocr_line' id='line_1_16' title="bbox 180 2321 1362 2416; baseline 0.002 -29"><span class='ocrx_word' id='word_1_139' title='bbox 180 2321 267 2389; x_wconf 91' lang='lat' dir='ltr'>ribns</span> <span class='ocrx_word' id='word_1_140' title='bbox 291 2325 459 2404; x_wconf 90' lang='lat' dir='ltr'>Romanis,</span> <span class='ocrx_word' id='word_1_141' title='bbox 488 2325 666 2415; x_wconf 83' lang='lat' dir='ltr'>frequenter</span> <span class='ocrx_word' id='word_1_142' title='bbox 688 2347 740 2394; x_wconf 91' lang='lat' dir='ltr'>eas</span> <span class='ocrx_word' id='word_1_143' title='bbox 765 2326 904 2393; x_wconf 84' lang='lat' dir='ltr'>civitates</span> <span class='ocrx_word' id='word_1_144' title='bbox 927 2325 1031 2392; x_wconf 86' lang='lat' dir='ltr'>vocari</span> <span class='ocrx_word' id='word_1_145' title='bbox 1053 2324 1216 2416; x_wconf 79' lang='grc' dir='ltr'><strong>νεωκόρους</strong></span> <span class='ocrx_word' id='word_1_146' title='bbox 1237 2326 1362 2390; x_wconf 79' lang='grc' dir='ltr'><strong>Κοινο-</strong></span> 
     </span>
     <span class='ocr_line' id='line_1_17' title="bbox 178 2445 1361 2539; baseline 0.006 -31"><span class='ocrx_word' id='word_1_147' title='bbox 178 2466 259 2535; x_wconf 85' lang='grc' dir='ltr'><strong>ρονς,</strong></span> <span class='ocrx_word' id='word_1_148' title='bbox 280 2445 423 2514; x_wconf 82' lang='lat' dir='ltr'>Caesaris</span> <span class='ocrx_word' id='word_1_149' title='bbox 448 2453 608 2535; x_wconf 83' lang='lat' dir='ltr'>aedituas,</span> <span class='ocrx_word' id='word_1_150' title='bbox 632 2470 710 2539; x_wconf 87' lang='lat' dir='ltr'>quae</span> <span class='ocrx_word' id='word_1_151' title='bbox 735 2449 817 2538; x_wconf 88' lang='lat' dir='ltr'>turpi</span> <span class='ocrx_word' id='word_1_152' title='bbox 838 2447 1014 2516; x_wconf 83' lang='lat' dir='ltr'>adulatione</span> <span class='ocrx_word' id='word_1_153' title='bbox 1032 2447 1146 2538; x_wconf 88' lang='lat' dir='ltr'>templa</span> <span class='ocrx_word' id='word_1_154' title='bbox 1162 2448 1361 2537; x_wconf 87' lang='lat' dir='ltr'>Imperatori·</span> 
     </span>
     <span class='ocr_line' id='line_1_18' title="bbox 178 2566 1357 2662; baseline 0.001 -27"><span class='ocrx_word' id='word_1_155' title='bbox 178 2566 254 2650; x_wconf 89' lang='lat' dir='ltr'>bus,</span> <span class='ocrx_word' id='word_1_156' title='bbox 272 2579 307 2636; x_wconf 82' lang='lat' dir='ltr'>ut</span> <span class='ocrx_word' id='word_1_157' title='bbox 326 2571 415 2649; x_wconf 91' lang='lat' dir='ltr'>Diis,</span> <span class='ocrx_word' id='word_1_158' title='bbox 434 2587 636 2642; x_wconf 79' lang='lat' dir='ltr'>erexerant.»</span> <span class='ocrx_word' id='word_1_159' title='bbox 656 2575 705 2641; x_wconf 88' lang='lat' dir='ltr'>De</span> <span class='ocrx_word' id='word_1_160' title='bbox 727 2594 786 2641; x_wconf 92' lang='lat' dir='ltr'>usn</span> <span class='ocrx_word' id='word_1_161' title='bbox 807 2573 967 2662; x_wconf 89' lang='lat' dir='ltr'>Partieipii</span> <span class='ocrx_word' id='word_1_162' title='bbox 993 2595 1088 2637; x_wconf 86' lang='grc' dir='ltr'><strong>ουσαν</strong></span> <span class='ocrx_word' id='word_1_163' title='bbox 1111 2572 1154 2656; x_wconf 83' lang='lat' dir='ltr'>(in</span> <span class='ocrx_word' id='word_1_164' title='bbox 1174 2594 1357 2662; x_wconf 77' lang='grc' dir='ltr'><strong>ρινωοκει...</strong></span> 
     </span>
     <span class='ocr_line' id='line_1_19' title="bbox 177 2692 1358 2788; baseline 0.004 -33"><span class='ocrx_word' id='word_1_165' title='bbox 177 2692 323 2784; x_wconf 84' lang='grc' dir='ltr'><strong>νεωκόρον</strong></span> <span class='ocrx_word' id='word_1_166' title='bbox 340 2699 459 2784; x_wconf 81' lang='grc' dir='ltr'><strong>ουσαν),</strong></span> <span class='ocrx_word' id='word_1_167' title='bbox 477 2698 567 2780; x_wconf 89' lang='lat' dir='ltr'>vide,</span> <span class='ocrx_word' id='word_1_168' title='bbox 593 2699 619 2765; x_wconf 90' lang='lat' dir='ltr'>si</span> <span class='ocrx_word' id='word_1_169' title='bbox 637 2699 749 2788; x_wconf 78' lang='lat' dir='ltr'>placet,</span> <span class='ocrx_word' id='word_1_170' title='bbox 771 2699 829 2766; x_wconf 86' lang='lat' dir='ltr'>Gr.</span> <span class='ocrx_word' id='word_1_171' title='bbox 849 2718 919 2786; x_wconf 83' lang='lat' dir='ltr'>pag.</span> <span class='ocrx_word' id='word_1_172' title='bbox 940 2699 1016 2765; x_wconf 81' lang='lat'>569.</span> <span class='ocrx_word' id='word_1_173' title='bbox 1038 2699 1070 2764; x_wconf 85' lang='lat' dir='ltr'>l.</span> <span class='ocrx_word' id='word_1_174' title='bbox 1090 2696 1253 2775; x_wconf 81' lang='grc' dir='ltr'><strong>Διοπετης,</strong></span> <span class='ocrx_word' id='word_1_175' title='bbox 1280 2701 1309 2776; x_wconf 86' lang='grc' dir='ltr'>ὁ,</span> <span class='ocrx_word' id='word_1_176' title='bbox 1327 2698 1358 2774; x_wconf 80' lang='grc' dir='ltr'>ἡ,</span> 
     </span>
     <span class='ocr_line' id='line_1_20' title="bbox 177 2812 1359 2910; baseline 0.004 -26"><span class='ocrx_word' id='word_1_177' title='bbox 177 2827 208 2884; x_wconf 92' lang='lat' dir='ltr'>et</span> <span class='ocrx_word' id='word_1_178' title='bbox 219 2841 253 2882; x_wconf 85' lang='grc' dir='ltr'>το</span> <span class='ocrx_word' id='word_1_179' title='bbox 271 2812 405 2894; x_wconf 63' lang='lat' dir='ltr'>deerrare</span> <span class='ocrx_word' id='word_1_180' title='bbox 420 2821 449 2901; x_wconf 85' lang='lat' dir='ltr'>(a</span> <span class='ocrx_word' id='word_1_181' title='bbox 465 2822 535 2896; x_wconf 86' lang='grc' dir='ltr'><strong>Διος</strong></span> <span class='ocrx_word' id='word_1_182' title='bbox 551 2825 639 2889; x_wconf 83' lang='lat' dir='ltr'>Iovis</span> <span class='ocrx_word' id='word_1_183' title='bbox 655 2833 685 2889; x_wconf 89' lang='lat' dir='ltr'>et</span> <span class='ocrx_word' id='word_1_184' title='bbox 701 2846 781 2886; x_wconf 83' lang='grc' dir='ltr'><strong>πετω</strong></span> <span class='ocrx_word' id='word_1_185' title='bbox 799 2821 891 2910; x_wconf 88' lang='lat' dir='ltr'>ende)</span> <span class='ocrx_word' id='word_1_186' title='bbox 907 2844 927 2887; x_wconf 86' lang='lat' dir='ltr'>e</span> <span class='ocrx_word' id='word_1_187' title='bbox 951 2824 1085 2888; x_wconf 88' lang='lat' dir='ltr'>Iuee=e</span> <span class='ocrx_word' id='word_1_188' title='bbox 1101 2824 1183 2889; x_wconf 87' lang='lat' dir='ltr'>coelo</span> <span class='ocrx_word' id='word_1_189' title='bbox 1199 2825 1359 2905; x_wconf 76' lang='lat' dir='ltr'>delapsus.</span> 
     </span>
    </p>
   </div>
   <div class='ocr_carea' id='block_1_3' title="bbox 175 2936 1361 3034">
    <p class='ocr_par' dir='ltr' id='par_1_3' title="bbox 175 2936 1361 3034">
     <span class='ocr_line' id='line_1_21' title="bbox 175 2936 1361 3034; baseline 0.016 -32"><span class='ocrx_word' id='word_1_190' title='bbox 175 2939 217 3003; x_wconf 88' lang='lat' dir='ltr'>To</span> <span class='ocrx_word' id='word_1_191' title='bbox 240 2936 372 3017; x_wconf 69' lang='grc' dir='ltr'><strong>διοπετες</strong></span> <span class='ocrx_word' id='word_1_192' title='bbox 395 2943 540 3033; x_wconf 85' lang='lat' dir='ltr'>Elliptioe</span> <span class='ocrx_word' id='word_1_193' title='bbox 562 2945 679 3013; x_wconf 79' lang='lat' dir='ltr'>dietum</span> <span class='ocrx_word' id='word_1_194' title='bbox 703 2955 749 3023; x_wconf 81' lang='lat' dir='ltr'>est</span> <span class='ocrx_word' id='word_1_195' title='bbox 772 2965 829 3034; x_wconf 85' lang='lat' dir='ltr'>pro</span> <span class='ocrx_word' id='word_1_196' title='bbox 853 2969 887 3008; x_wconf 86' lang='grc' dir='ltr'>το</span> <span class='ocrx_word' id='word_1_197' title='bbox 911 2941 1040 3033; x_wconf 61' lang='lat' dir='ltr'>steppo:</span> <span class='ocrx_word' id='word_1_198' title='bbox 1058 2941 1209 3024; x_wconf 73' lang='grc' dir='ltr'>διοπετῑς,</span> <span class='ocrx_word' id='word_1_199' title='bbox 1227 2947 1361 3012; x_wconf 56' lang='lat' dir='ltr'>mimda·</span> 
     </span>
    </p>
   </div>
   <div class='ocr_carea' id='block_1_4' title="bbox 174 3072 1407 3409">
    <p class='ocr_par' dir='ltr' id='par_1_4' title="bbox 174 3072 1407 3409">
     <span class='ocr_line' id='line_1_22' title="bbox 175 3072 1360 3161; baseline 0.008 -27"><span class='ocrx_word' id='word_1_200' title='bbox 175 3089 268 3134; x_wconf 84' lang='lat' dir='ltr'>erum</span> <span class='ocrx_word' id='word_1_201' title='bbox 285 3073 417 3138; x_wconf 79' lang='lat' dir='ltr'>coelitus</span> <span class='ocrx_word' id='word_1_202' title='bbox 433 3075 593 3157; x_wconf 82' lang='lat' dir='ltr'>delapsum</span> <span class='ocrx_word' id='word_1_203' title='bbox 602 3101 615 3153; x_wconf 95' lang='lat'>,·</span> <span class='ocrx_word' id='word_1_204' title='bbox 632 3085 662 3141; x_wconf 93' lang='lat' dir='ltr'>et</span> <span class='ocrx_word' id='word_1_205' title='bbox 678 3073 859 3161; x_wconf 80' lang='lat' dir='ltr'>intelligitur</span> <span class='ocrx_word' id='word_1_206' title='bbox 875 3072 929 3140; x_wconf 88' lang='lat' dir='ltr'>hie</span> <span class='ocrx_word' id='word_1_207' title='bbox 946 3072 1002 3156; x_wconf 82' lang='lat' dir='ltr'>(re)</span> <span class='ocrx_word' id='word_1_208' title='bbox 1022 3073 1224 3142; x_wconf 86' lang='lat' dir='ltr'>simulacrum</span> <span class='ocrx_word' id='word_1_209' title='bbox 1241 3075 1360 3143; x_wconf 84' lang='lat' dir='ltr'>Dianae</span> 
     </span>
     <span class='ocr_line' id='line_1_23' title="bbox 175 3183 1407 3289; baseline 0.006 -33"><span class='ocrx_word' id='word_1_210' title='bbox 175 3190 345 3280; x_wconf 86' lang='lat' dir='ltr'>Ephesiae.</span> <span class='ocrx_word' id='word_1_211' title='bbox 363 3194 445 3263; x_wconf 90' lang='lat' dir='ltr'>Vide</span> <span class='ocrx_word' id='word_1_212' title='bbox 461 3216 555 3285; x_wconf 93' lang='lat' dir='ltr'>snpra</span> <span class='ocrx_word' id='word_1_213' title='bbox 571 3197 610 3264; x_wconf 94' lang='lat' dir='ltr'>ad</span> <span class='ocrx_word' id='word_1_214' title='bbox 625 3218 673 3264; x_wconf 82' lang='lat' dir='ltr'>vs</span> <span class='ocrx_word' id='word_1_215' title='bbox 692 3199 749 3265; x_wconf 65' lang='lat' dir='ltr'>il.</span> <span class='ocrx_word' id='word_1_216' title='bbox 769 3235 812 3245; x_wconf 89' lang='lat'>—</span> <span class='ocrx_word' id='word_1_217' title='bbox 825 3198 983 3286; x_wconf 89' lang='lat' dir='ltr'>interpres</span> <span class='ocrx_word' id='word_1_218' title='bbox 1001 3210 1106 3266; x_wconf 88' lang='lat' dir='ltr'>noster</span> <span class='ocrx_word' id='word_1_219' title='bbox 1121 3221 1179 3289; x_wconf 91' lang='lat' dir='ltr'>pro</span> <span class='ocrx_word' id='word_1_220' title='bbox 1205 3196 1360 3275; x_wconf 80' lang='grc' dir='ltr'><strong>διοπετονς</strong></span> <span class='ocrx_word' id='word_1_221' title='bbox 1405 3183 1407 3188; x_wconf 57' lang='grc'><strong>’</strong></span> 
     </span>
     <span class='ocr_line' id='line_1_24' title="bbox 174 3313 1111 3409; baseline 0.011 -30"><span class='ocrx_word' id='word_1_222' title='bbox 174 3313 299 3382; x_wconf 85' lang='lat' dir='ltr'>videtur</span> <span class='ocrx_word' id='word_1_223' title='bbox 315 3314 427 3404; x_wconf 79' lang='lat' dir='ltr'>legisse</span> <span class='ocrx_word' id='word_1_224' title='bbox 443 3314 617 3401; x_wconf 78' lang='grc' dir='ltr'><strong>όιοποωόος,</strong></span> <span class='ocrx_word' id='word_1_225' title='bbox 636 3339 732 3409; x_wconf 89' lang='lat' dir='ltr'>quum</span> <span class='ocrx_word' id='word_1_226' title='bbox 750 3320 878 3387; x_wconf 84' lang='lat' dir='ltr'>uerterit</span> <span class='ocrx_word' id='word_1_227' title='bbox 893 3322 981 3386; x_wconf 82' lang='lat' dir='ltr'>Ievis</span> <span class='ocrx_word' id='word_1_228' title='bbox 996 3324 1111 3405; x_wconf 83' lang='lat' dir='ltr'>prelia.</span> 
     </span>
    </p>
   </div>
   <div class='ocr_carea' id='block_1_5' title="bbox 0 0 1542 5054">
    <p class='ocr_par' dir='ltr' id='par_1_5' title="bbox 0 0 1542 5054">
     <span class='ocr_line' id='line_1_25' title="bbox 0 0 1542 5054; baseline 0 5"><span class='ocrx_word' id='word_1_229' title='bbox 0 0 1542 5054; x_wconf 95' lang='lat' dir='ltr'> </span> 
     </span>
    </p>
   </div>
  </div>
 </body>
</html>
