<?xml version="1.0" encoding="UTF-8"?>
<!DOCTYPE html PUBLIC "-//W3C//DTD XHTML 1.0 Transitional//EN"
    "http://www.w3.org/TR/xhtml1/DTD/xhtml1-transitional.dtd">
<html xmlns="http://www.w3.org/1999/xhtml" xml:lang="en" lang="en">
 <head>
  <title>
</title>
<meta http-equiv="Content-Type" content="text/html;charset=utf-8" />
  <meta name='ocr-system' content='tesseract 3.04.00' />
  <meta name='ocr-capabilities' content='ocr_page ocr_carea ocr_par ocr_line ocrx_word'/>
</head>
<body>
  <div class='ocr_page' id='page_1' title='image "./commentariusina00beelgoog/commentariusina00beelgoog_0059.png"; bbox 0 0 3074 5054; ppageno 0'>
   <div class='ocr_carea' id='block_1_1' title="bbox 185 374 1016 452">
    <p class='ocr_par' dir='ltr' id='par_1_1' title="bbox 185 374 1016 452">
     <span class='ocr_line' id='line_1_1' title="bbox 185 374 1016 452; baseline -0.005 -6"><span class='ocrx_word' id='word_1_1' title='bbox 185 379 228 446; x_wconf 77' lang='lat'><strong><em>50</em></strong></span> <span class='ocrx_word' id='word_1_2' title='bbox 526 376 661 445; x_wconf 76' lang='lat' dir='ltr'><strong><em>nctus</em></strong></span> <span class='ocrx_word' id='word_1_3' title='bbox 684 374 1016 452; x_wconf 74' lang='lat' dir='ltr'><strong><em>apostotorum,</em></strong></span> 
     </span>
    </p>
   </div>
   <div class='ocr_carea' id='block_1_2' title="bbox 181 562 1359 1155">
    <p class='ocr_par' dir='ltr' id='par_1_2' title="bbox 181 562 1359 1155">
     <span class='ocr_line' id='line_1_2' title="bbox 182 562 1357 656; baseline -0.003 -22"><span class='ocrx_word' id='word_1_4' title='bbox 182 567 305 636; x_wconf 88' lang='lat' dir='ltr'><strong><em>videtur</em></strong></span> <span class='ocrx_word' id='word_1_5' title='bbox 323 565 512 656; x_wconf 77' lang='lat' dir='ltr'><strong>exprimere.</strong></span> <span class='ocrx_word' id='word_1_6' title='bbox 530 565 755 632; x_wconf 84' lang='lat' dir='ltr'><strong><em>-Cretenses</em></strong></span> <span class='ocrx_word' id='word_1_7' title='bbox 778 565 899 633; x_wconf 88' lang='lat' dir='ltr'><strong><em>Graeca</em></strong></span> <span class='ocrx_word' id='word_1_8' title='bbox 915 562 1078 630; x_wconf 90' lang='lat' dir='ltr'><strong><em>utebantur</em></strong></span> <span class='ocrx_word' id='word_1_9' title='bbox 1094 562 1215 650; x_wconf 81' lang='lat' dir='ltr'><strong><em>lingua,</em></strong></span> <span class='ocrx_word' id='word_1_10' title='bbox 1233 573 1263 628; x_wconf 89' lang='lat' dir='ltr'><strong><em>et</em></strong></span> <span class='ocrx_word' id='word_1_11' title='bbox 1278 564 1357 630; x_wconf 81' lang='lat' dir='ltr'><strong><em>Ara-</em></strong></span> 
     </span>
     <span class='ocr_line' id='line_1_3' title="bbox 184 685 1356 778; baseline -0.009 -17"><span class='ocrx_word' id='word_1_12' title='bbox 184 693 239 761; x_wconf 83' lang='lat' dir='ltr'><strong><em>bes</em></strong></span> <span class='ocrx_word' id='word_1_13' title='bbox 255 713 323 761; x_wconf 79' lang='lat' dir='ltr'><strong><em>sua.</em></strong></span> <span class='ocrx_word' id='word_1_14' title='bbox 348 693 520 776; x_wconf 68' lang='lat' dir='ltr'><strong><em>Mannatta</em></strong></span> <span class='ocrx_word' id='word_1_15' title='bbox 536 691 599 756; x_wconf 83' lang='lat' dir='ltr'><strong><em>Det</em></strong></span> <span class='ocrx_word' id='word_1_16' title='bbox 607 740 616 772; x_wconf 89' lang='lat'><strong><em>,</em></strong></span> <span class='ocrx_word' id='word_1_17' title='bbox 634 713 673 752; x_wconf 85' lang='grc' dir='ltr'><strong><em>τα</em></strong></span> <span class='ocrx_word' id='word_1_18' title='bbox 690 685 852 778; x_wconf 72' lang='lat' dir='ltr'><strong><em>papalem,</em></strong></span> <span class='ocrx_word' id='word_1_19' title='bbox 871 688 990 755; x_wconf 81' lang='lat' dir='ltr'><strong><em>scilicet</em></strong></span> <span class='ocrx_word' id='word_1_20' title='bbox 1001 710 1173 777; x_wconf 77' lang='grc' dir='ltr'><em>πραγματα</em></span> <span class='ocrx_word' id='word_1_21' title='bbox 1188 711 1241 750; x_wconf 87' lang='grc' dir='ltr'><strong><em>του</em></strong></span> <span class='ocrx_word' id='word_1_22' title='bbox 1257 685 1356 764; x_wconf 84' lang='grc' dir='ltr'>Θεου,</span> 
     </span>
     <span class='ocr_line' id='line_1_4' title="bbox 181 812 1359 905; baseline -0.003 -23"><span class='ocrx_word' id='word_1_23' title='bbox 181 816 395 905; x_wconf 81' lang='lat' dir='ltr'><strong><em>intelliguntur</em></strong></span> <span class='ocrx_word' id='word_1_24' title='bbox 418 816 611 881; x_wconf 84' lang='lat' dir='ltr'><strong><em>admiranda</em></strong></span> <span class='ocrx_word' id='word_1_25' title='bbox 634 815 697 880; x_wconf 83' lang='lat' dir='ltr'><strong><em>net</em></strong></span> <span class='ocrx_word' id='word_1_26' title='bbox 718 817 883 899; x_wconf 80' lang='lat' dir='ltr'><strong><em>facinora,</em></strong></span> <span class='ocrx_word' id='word_1_27' title='bbox 906 833 986 902; x_wconf 83' lang='lat' dir='ltr'><strong><em>quae</em></strong></span> <span class='ocrx_word' id='word_1_28' title='bbox 1008 823 1108 880; x_wconf 87' lang='lat' dir='ltr'><strong><em>tamen</em></strong></span> <span class='ocrx_word' id='word_1_29' title='bbox 1131 812 1184 880; x_wconf 89' lang='lat' dir='ltr'><strong><em>hic</em></strong></span> <span class='ocrx_word' id='word_1_30' title='bbox 1207 833 1268 880; x_wconf 88' lang='lat' dir='ltr'><strong><em>nou</em></strong></span> <span class='ocrx_word' id='word_1_31' title='bbox 1296 813 1359 880; x_wconf 86' lang='lat' dir='ltr'><strong><em>dis-</em></strong></span> 
     </span>
     <span class='ocr_line' id='line_1_5' title="bbox 182 937 1359 1028; baseline -0.003 -21"><span class='ocrx_word' id='word_1_32' title='bbox 182 941 307 1009; x_wconf 90' lang='lat' dir='ltr'><strong><em>tinctius</em></strong></span> <span class='ocrx_word' id='word_1_33' title='bbox 328 940 523 1020; x_wconf 65' lang='lat' dir='ltr'><strong><em>indicantum</em></strong></span> <span class='ocrx_word' id='word_1_34' title='bbox 546 939 602 1007; x_wconf 90' lang='lat' dir='ltr'><strong><em>sed</em></strong></span> <span class='ocrx_word' id='word_1_35' title='bbox 626 959 758 1028; x_wconf 91' lang='lat' dir='ltr'><strong><em>pronum</em></strong></span> <span class='ocrx_word' id='word_1_36' title='bbox 788 951 834 1006; x_wconf 89' lang='lat' dir='ltr'><strong><em>est</em></strong></span> <span class='ocrx_word' id='word_1_37' title='bbox 857 939 1014 1018; x_wconf 89' lang='lat' dir='ltr'><strong><em>iudicare,</em></strong></span> <span class='ocrx_word' id='word_1_38' title='bbox 1041 938 1183 1007; x_wconf 90' lang='lat' dir='ltr'><strong><em>homines</em></strong></span> <span class='ocrx_word' id='word_1_39' title='bbox 1204 938 1274 1006; x_wconf 92' lang='lat' dir='ltr'><strong><em>illos</em></strong></span> <span class='ocrx_word' id='word_1_40' title='bbox 1294 937 1359 1005; x_wconf 91' lang='lat' dir='ltr'><strong><em>ela-</em></strong></span> 
     </span>
     <span class='ocr_line' id='line_1_6' title="bbox 181 1062 1191 1155; baseline -0.001 -23"><span class='ocrx_word' id='word_1_41' title='bbox 181 1075 270 1134; x_wconf 90' lang='lat' dir='ltr'><strong><em>cutos</em></strong></span> <span class='ocrx_word' id='word_1_42' title='bbox 286 1065 382 1134; x_wconf 86' lang='lat' dir='ltr'><strong><em>luisse</em></strong></span> <span class='ocrx_word' id='word_1_43' title='bbox 398 1065 488 1147; x_wconf 85' lang='lat' dir='ltr'><strong><em>talia,</em></strong></span> <span class='ocrx_word' id='word_1_44' title='bbox 507 1064 609 1155; x_wconf 86' lang='lat' dir='ltr'><strong><em>qualia</em></strong></span> <span class='ocrx_word' id='word_1_45' title='bbox 624 1062 698 1132; x_wconf 81' lang='lat' dir='ltr'><strong><em>mox</em></strong></span> <span class='ocrx_word' id='word_1_46' title='bbox 715 1085 732 1131; x_wconf 91' lang='lat' dir='ltr'><strong><em>e</em></strong></span> <span class='ocrx_word' id='word_1_47' title='bbox 747 1064 832 1132; x_wconf 88' lang='lat' dir='ltr'><strong><em>Petri</em></strong></span> <span class='ocrx_word' id='word_1_48' title='bbox 849 1083 904 1131; x_wconf 91' lang='lat' dir='ltr'><strong><em>ore</em></strong></span> <span class='ocrx_word' id='word_1_49' title='bbox 919 1084 1028 1132; x_wconf 90' lang='lat' dir='ltr'><strong><em>sumus</em></strong></span> <span class='ocrx_word' id='word_1_50' title='bbox 1043 1062 1191 1131; x_wconf 88' lang='lat' dir='ltr'><strong><em>audituri.</em></strong></span> 
     </span>
    </p>
   </div>
   <div class='ocr_carea' id='block_1_3' title="bbox 176 1309 1407 3006">
    <p class='ocr_par' dir='ltr' id='par_1_3' title="bbox 176 1309 1407 3006">
     <span class='ocr_line' id='line_1_7' title="bbox 227 1309 1358 1401; baseline -0.001 -21"><span class='ocrx_word' id='word_1_51' title='bbox 227 1314 281 1380; x_wconf 82' lang='lat' dir='ltr'><strong><em>ta.</em></strong></span> <span class='ocrx_word' id='word_1_52' title='bbox 307 1313 482 1397; x_wconf 78' lang='lat' dir='ltr'><strong><em>Stupebant</em></strong></span> <span class='ocrx_word' id='word_1_53' title='bbox 496 1322 601 1379; x_wconf 85' lang='lat' dir='ltr'><strong><em>antam</em></strong></span> <span class='ocrx_word' id='word_1_54' title='bbox 616 1332 740 1391; x_wconf 82' lang='lat' dir='ltr'><strong><em>omnes,</em></strong></span> <span class='ocrx_word' id='word_1_55' title='bbox 755 1309 846 1400; x_wconf 79' lang='lat' dir='ltr'><strong><em>cet).</em></strong></span> <span class='ocrx_word' id='word_1_56' title='bbox 865 1312 1036 1401; x_wconf 82' lang='lat' dir='ltr'><strong><em>Stupebant</em></strong></span> <span class='ocrx_word' id='word_1_57' title='bbox 1057 1333 1184 1391; x_wconf 83' lang='lat' dir='ltr'><strong><em>omnes,</em></strong></span> <span class='ocrx_word' id='word_1_58' title='bbox 1203 1312 1226 1379; x_wconf 92' lang='lat' dir='ltr'><strong><em>i.</em></strong></span> <span class='ocrx_word' id='word_1_59' title='bbox 1246 1332 1276 1380; x_wconf 88' lang='lat' dir='ltr'><strong><em>e.</em></strong></span> <span class='ocrx_word' id='word_1_60' title='bbox 1289 1316 1358 1397; x_wconf 86' lang='lat' dir='ltr'><strong><em>pte-</em></strong></span> 
     </span>
     <span class='ocr_line' id='line_1_8' title="bbox 180 1430 1355 1525; baseline 0.002 -25"><span class='ocrx_word' id='word_1_61' title='bbox 180 1439 290 1521; x_wconf 83' lang='lat' dir='ltr'><strong><em>rique,</em></strong></span> <span class='ocrx_word' id='word_1_62' title='bbox 309 1445 343 1502; x_wconf 91' lang='lat' dir='ltr'><strong><em>ut</em></strong></span> <span class='ocrx_word' id='word_1_63' title='bbox 358 1445 459 1525; x_wconf 88' lang='lat' dir='ltr'><strong><em>patet,</em></strong></span> <span class='ocrx_word' id='word_1_64' title='bbox 474 1455 513 1502; x_wconf 85' lang='lat' dir='ltr'><strong><em>ex</em></strong></span> <span class='ocrx_word' id='word_1_65' title='bbox 528 1455 575 1502; x_wconf 89' lang='lat' dir='ltr'><strong><em>vs.</em></strong></span> <span class='ocrx_word' id='word_1_66' title='bbox 594 1455 661 1524; x_wconf 90' lang='lat' dir='ltr'><strong><em>seq.</em></strong></span> <span class='ocrx_word' id='word_1_67' title='bbox 676 1435 727 1501; x_wconf 90' lang='lat' dir='ltr'><strong><em>De</em></strong></span> <span class='ocrx_word' id='word_1_68' title='bbox 742 1454 818 1501; x_wconf 89' lang='lat' dir='ltr'><strong><em>vace</em></strong></span> <span class='ocrx_word' id='word_1_69' title='bbox 834 1430 987 1507; x_wconf 81' lang='grc' dir='ltr'>εξισταντο</span> <span class='ocrx_word' id='word_1_70' title='bbox 1003 1434 1074 1502; x_wconf 89' lang='lat' dir='ltr'><strong><em>vide</em></strong></span> <span class='ocrx_word' id='word_1_71' title='bbox 1089 1455 1184 1524; x_wconf 89' lang='lat' dir='ltr'><strong><em>supra</em></strong></span> <span class='ocrx_word' id='word_1_72' title='bbox 1200 1436 1239 1503; x_wconf 90' lang='lat' dir='ltr'><strong><em>ad</em></strong></span> <span class='ocrx_word' id='word_1_73' title='bbox 1256 1456 1302 1502; x_wconf 91' lang='lat' dir='ltr'><strong><em>vs.</em></strong></span> <span class='ocrx_word' id='word_1_74' title='bbox 1321 1438 1355 1502; x_wconf 93' lang='grc'><strong><em>7.</em></strong></span> 
     </span>
     <span class='ocr_line' id='line_1_9' title="bbox 179 1554 1359 1646; baseline 0.001 -21"><span class='ocrx_word' id='word_1_75' title='bbox 179 1560 242 1626; x_wconf 90' lang='lat' dir='ltr'><strong><em>Pro</em></strong></span> <span class='ocrx_word' id='word_1_76' title='bbox 265 1560 469 1625; x_wconf 80' lang='lat' dir='ltr'><strong><em>mirabantur</em></strong></span> <span class='ocrx_word' id='word_1_77' title='bbox 497 1560 616 1628; x_wconf 86' lang='lat' dir='ltr'><strong><em>Graece</em></strong></span> <span class='ocrx_word' id='word_1_78' title='bbox 643 1568 690 1625; x_wconf 89' lang='lat' dir='ltr'><strong><em>est</em></strong></span> <span class='ocrx_word' id='word_1_79' title='bbox 716 1554 904 1646; x_wconf 60' lang='lat' dir='ltr'><strong><em>dianopam,</em></strong></span> <span class='ocrx_word' id='word_1_80' title='bbox 933 1559 1022 1626; x_wconf 88' lang='lat' dir='ltr'><strong><em>auius</em></strong></span> <span class='ocrx_word' id='word_1_81' title='bbox 1044 1560 1129 1631; x_wconf 86' lang='lat' dir='ltr'><strong><em>vocis</em></strong></span> <span class='ocrx_word' id='word_1_82' title='bbox 1152 1559 1214 1626; x_wconf 91' lang='lat' dir='ltr'><strong><em>vim</em></strong></span> <span class='ocrx_word' id='word_1_83' title='bbox 1242 1559 1288 1626; x_wconf 91' lang='lat' dir='ltr'><strong><em>sic</em></strong></span> <span class='ocrx_word' id='word_1_84' title='bbox 1311 1571 1359 1627; x_wconf 90' lang='lat' dir='ltr'><strong><em>sat</em></strong></span> 
     </span>
     <span class='ocr_line' id='line_1_10' title="bbox 180 1683 1358 1772; baseline 0.003 -21"><span class='ocrx_word' id='word_1_85' title='bbox 180 1694 264 1751; x_wconf 89' lang='lat' dir='ltr'><strong><em>recte</em></strong></span> <span class='ocrx_word' id='word_1_86' title='bbox 290 1683 464 1753; x_wconf 83' lang='lat' dir='ltr'><strong><em>reddideris</em></strong></span> <span class='ocrx_word' id='word_1_87' title='bbox 495 1709 503 1752; x_wconf 73' lang='grc' dir='ltr'><strong><em>ε</em></strong></span> <span class='ocrx_word' id='word_1_88' title='bbox 532 1704 591 1751; x_wconf 91' lang='lat' dir='ltr'><strong><em>nec</em></strong></span> <span class='ocrx_word' id='word_1_89' title='bbox 619 1703 728 1772; x_wconf 90' lang='lat' dir='ltr'><strong><em>parum</em></strong></span> <span class='ocrx_word' id='word_1_90' title='bbox 757 1687 792 1750; x_wconf 86' lang='lat' dir='ltr'><strong><em>in</em></strong></span> <span class='ocrx_word' id='word_1_91' title='bbox 826 1685 1014 1768; x_wconf 79' lang='lat' dir='ltr'><strong><em>explicanda</em></strong></span> <span class='ocrx_word' id='word_1_92' title='bbox 1041 1706 1077 1750; x_wconf 88' lang='lat' dir='ltr'><strong><em>re</em></strong></span> <span class='ocrx_word' id='word_1_93' title='bbox 1104 1688 1290 1767; x_wconf 78' lang='lat' dir='ltr'><strong><em>haerebant,</em></strong></span> <span class='ocrx_word' id='word_1_94' title='bbox 1318 1685 1358 1754; x_wconf 89' lang='lat' dir='ltr'><strong><em>ad</em></strong></span> 
     </span>
     <span class='ocr_line' id='line_1_11' title="bbox 178 1807 1358 1894; baseline 0.002 -20"><span class='ocrx_word' id='word_1_95' title='bbox 178 1810 311 1877; x_wconf 89' lang='lat' dir='ltr'><strong><em>invicem</em></strong></span> <span class='ocrx_word' id='word_1_96' title='bbox 327 1808 464 1877; x_wconf 90' lang='lat' dir='ltr'><strong><em>dicentes</em></strong></span> <span class='ocrx_word' id='word_1_97' title='bbox 483 1831 491 1874; x_wconf 91' lang='lat'>:</span> <span class='ocrx_word' id='word_1_98' title='bbox 510 1807 665 1894; x_wconf 79' lang='lat' dir='ltr'><strong><em>Quidnam</em></strong></span> <span class='ocrx_word' id='word_1_99' title='bbox 681 1807 803 1875; x_wconf 86' lang='lat' dir='ltr'><strong><em>tandem</em></strong></span> <span class='ocrx_word' id='word_1_100' title='bbox 819 1807 878 1874; x_wconf 92' lang='lat' dir='ltr'><strong><em>sibi</em></strong></span> <span class='ocrx_word' id='word_1_101' title='bbox 903 1809 968 1876; x_wconf 89' lang='lat' dir='ltr'><strong><em>vult</em></strong></span> <span class='ocrx_word' id='word_1_102' title='bbox 990 1809 1097 1879; x_wconf 77' lang='lat' dir='ltr'><strong><em>istud?</em></strong></span> <span class='ocrx_word' id='word_1_103' title='bbox 1115 1810 1182 1889; x_wconf 84' lang='lat' dir='ltr'><strong><em>Qae</em></strong></span> <span class='ocrx_word' id='word_1_104' title='bbox 1197 1822 1269 1876; x_wconf 84' lang='lat' dir='ltr'><strong><em>nent</em></strong></span> <span class='ocrx_word' id='word_1_105' title='bbox 1285 1813 1358 1877; x_wconf 87' lang='lat' dir='ltr'><strong><em>dire</em></strong></span> 
     </span>
     <span class='ocr_line' id='line_1_12' title="bbox 177 1914 1356 2021; baseline 0.003 -24"><span class='ocrx_word' id='word_1_106' title='bbox 177 1914 268 1998; x_wconf 81' lang='lat' dir='ltr'><strong><em>ceci?</em></strong></span> <span class='ocrx_word' id='word_1_107' title='bbox 288 1969 334 1981; x_wconf 93' lang='lat'>—</span> <span class='ocrx_word' id='word_1_108' title='bbox 356 1932 405 1999; x_wconf 90' lang='lat' dir='ltr'><strong><em>De</em></strong></span> <span class='ocrx_word' id='word_1_109' title='bbox 425 1932 582 1999; x_wconf 87' lang='lat' dir='ltr'><strong><em>Particnla</em></strong></span> <span class='ocrx_word' id='word_1_110' title='bbox 601 1953 638 1993; x_wconf 80' lang='lat' dir='ltr'><strong><em>au</em></strong></span> <span class='ocrx_word' id='word_1_111' title='bbox 663 1951 734 1998; x_wconf 89' lang='lat' dir='ltr'><strong><em>cum</em></strong></span> <span class='ocrx_word' id='word_1_112' title='bbox 759 1931 921 2019; x_wconf 86' lang='lat' dir='ltr'><strong><em>Optativo,</em></strong></span> <span class='ocrx_word' id='word_1_113' title='bbox 938 1931 1009 1999; x_wconf 86' lang='lat' dir='ltr'><strong><em>vide</em></strong></span> <span class='ocrx_word' id='word_1_114' title='bbox 1031 1933 1088 2001; x_wconf 86' lang='lat' dir='ltr'><strong><em>Gr.</em></strong></span> <span class='ocrx_word' id='word_1_115' title='bbox 1112 1952 1182 2021; x_wconf 79' lang='lat' dir='ltr'><strong><em>pag.</em></strong></span> <span class='ocrx_word' id='word_1_116' title='bbox 1209 1935 1287 2001; x_wconf 70' lang='grc'><strong>543.</strong></span> <span class='ocrx_word' id='word_1_117' title='bbox 1308 1933 1356 2000; x_wconf 92' lang='lat' dir='ltr'><strong><em>llli</em></strong></span> 
     </span>
     <span class='ocr_line' id='line_1_13' title="bbox 177 2053 1357 2145; baseline 0.003 -25"><span class='ocrx_word' id='word_1_118' title='bbox 177 2073 252 2121; x_wconf 86' lang='lat' dir='ltr'><strong><em>vero</em></strong></span> <span class='ocrx_word' id='word_1_119' title='bbox 275 2053 419 2122; x_wconf 90' lang='lat' dir='ltr'><strong><em>homines</em></strong></span> <span class='ocrx_word' id='word_1_120' title='bbox 440 2055 497 2122; x_wconf 90' lang='lat' dir='ltr'><strong><em>etsi</em></strong></span> <span class='ocrx_word' id='word_1_121' title='bbox 520 2053 622 2122; x_wconf 90' lang='lat' dir='ltr'><strong><em>adhuc</em></strong></span> <span class='ocrx_word' id='word_1_122' title='bbox 644 2055 788 2144; x_wconf 88' lang='lat' dir='ltr'><strong><em>suspensi</em></strong></span> <span class='ocrx_word' id='word_1_123' title='bbox 812 2053 993 2136; x_wconf 83' lang='lat' dir='ltr'><strong><em>haererent,</em></strong></span> <span class='ocrx_word' id='word_1_124' title='bbox 1023 2054 1100 2145; x_wconf 82' lang='lat' dir='ltr'><strong><em>quid</em></strong></span> <span class='ocrx_word' id='word_1_125' title='bbox 1124 2055 1164 2123; x_wconf 90' lang='lat' dir='ltr'><strong><em>de</em></strong></span> <span class='ocrx_word' id='word_1_126' title='bbox 1187 2076 1221 2122; x_wconf 88' lang='lat' dir='ltr'><strong><em>re</em></strong></span> <span class='ocrx_word' id='word_1_127' title='bbox 1243 2065 1357 2124; x_wconf 88' lang='lat' dir='ltr'><strong><em>statue-</em></strong></span> 
     </span>
     <span class='ocr_line' id='line_1_14' title="bbox 177 2179 1355 2271; baseline 0.002 -24"><span class='ocrx_word' id='word_1_128' title='bbox 177 2189 264 2260; x_wconf 86' lang='lat' dir='ltr'><strong><em>rent,</em></strong></span> <span class='ocrx_word' id='word_1_129' title='bbox 293 2189 426 2247; x_wconf 87' lang='lat' dir='ltr'><strong><em>attamen</em></strong></span> <span class='ocrx_word' id='word_1_130' title='bbox 454 2179 589 2247; x_wconf 91' lang='lat' dir='ltr'><strong><em>dubitari</em></strong></span> <span class='ocrx_word' id='word_1_131' title='bbox 623 2180 749 2268; x_wconf 86' lang='lat' dir='ltr'><strong><em>nequit,</em></strong></span> <span class='ocrx_word' id='word_1_132' title='bbox 778 2190 812 2248; x_wconf 91' lang='lat' dir='ltr'><strong><em>nt</em></strong></span> <span class='ocrx_word' id='word_1_133' title='bbox 845 2179 922 2248; x_wconf 89' lang='lat' dir='ltr'><strong><em>mihi</em></strong></span> <span class='ocrx_word' id='word_1_134' title='bbox 953 2181 1079 2270; x_wconf 88' lang='lat' dir='ltr'><strong><em>quidem</em></strong></span> <span class='ocrx_word' id='word_1_135' title='bbox 1109 2181 1247 2261; x_wconf 90' lang='lat' dir='ltr'><strong><em>videtur,</em></strong></span> <span class='ocrx_word' id='word_1_136' title='bbox 1281 2183 1355 2271; x_wconf 89' lang='lat' dir='ltr'><strong><em>quin</em></strong></span> 
     </span>
     <span class='ocr_line' id='line_1_15' title="bbox 177 2300 1357 2392; baseline 0.003 -23"><span class='ocrx_word' id='word_1_137' title='bbox 177 2303 326 2391; x_wconf 89' lang='lat' dir='ltr'><strong><em>suspicati</em></strong></span> <span class='ocrx_word' id='word_1_138' title='bbox 349 2300 483 2382; x_wconf 87' lang='lat' dir='ltr'><strong><em>luerint,</em></strong></span> <span class='ocrx_word' id='word_1_139' title='bbox 505 2302 602 2369; x_wconf 90' lang='lat' dir='ltr'><strong><em>divini</em></strong></span> <span class='ocrx_word' id='word_1_140' title='bbox 624 2301 743 2390; x_wconf 89' lang='lat' dir='ltr'><strong><em>aliquid</em></strong></span> <span class='ocrx_word' id='word_1_141' title='bbox 768 2301 820 2369; x_wconf 85' lang='lat' dir='ltr'><strong><em>liic</em></strong></span> <span class='ocrx_word' id='word_1_142' title='bbox 848 2302 995 2386; x_wconf 83' lang='lat' dir='ltr'><strong><em>subesse3</em></strong></span> <span class='ocrx_word' id='word_1_143' title='bbox 1022 2323 1118 2392; x_wconf 89' lang='lat' dir='ltr'><strong><em>quare</em></strong></span> <span class='ocrx_word' id='word_1_144' title='bbox 1142 2313 1172 2370; x_wconf 88' lang='lat' dir='ltr'><strong><em>et</em></strong></span> <span class='ocrx_word' id='word_1_145' title='bbox 1194 2303 1357 2392; x_wconf 84' lang='lat' dir='ltr'><strong><em>religiosus</em></strong></span> 
     </span>
     <span class='ocr_line' id='line_1_16' title="bbox 177 2398 1357 2516; baseline 0.004 -25"><span class='ocrx_word' id='word_1_146' title='bbox 177 2424 304 2512; x_wconf 88' lang='lat' dir='ltr'><strong><em>qnidam</em></strong></span> <span class='ocrx_word' id='word_1_147' title='bbox 323 2426 452 2491; x_wconf 89' lang='lat' dir='ltr'><strong><em>allectus</em></strong></span> <span class='ocrx_word' id='word_1_148' title='bbox 473 2423 593 2491; x_wconf 89' lang='lat' dir='ltr'><strong><em>animos</em></strong></span> <span class='ocrx_word' id='word_1_149' title='bbox 616 2398 764 2513; x_wconf 83' lang='lat' dir='ltr'><strong><em>ipsorum</em></strong></span> <span class='ocrx_word' id='word_1_150' title='bbox 780 2426 961 2513; x_wconf 87' lang='lat' dir='ltr'><strong><em>pervaserit.</em></strong></span> <span class='ocrx_word' id='word_1_151' title='bbox 988 2426 1067 2507; x_wconf 90' lang='lat' dir='ltr'><strong><em>Sed,</em></strong></span> <span class='ocrx_word' id='word_1_152' title='bbox 1090 2438 1125 2492; x_wconf 89' lang='lat' dir='ltr'><strong><em>ut</em></strong></span> <span class='ocrx_word' id='word_1_153' title='bbox 1146 2426 1199 2507; x_wconf 90' lang='lat' dir='ltr'><strong><em>fit,</em></strong></span> <span class='ocrx_word' id='word_1_154' title='bbox 1219 2426 1250 2493; x_wconf 93' lang='lat' dir='ltr'><strong><em>id</em></strong></span> <span class='ocrx_word' id='word_1_155' title='bbox 1273 2427 1357 2516; x_wconf 93' lang='lat' dir='ltr'><strong><em>quod</em></strong></span> 
     </span>
     <span class='ocr_line' id='line_1_17' title="bbox 177 2548 1358 2638; baseline 0.002 -22"><span class='ocrx_word' id='word_1_156' title='bbox 177 2548 277 2616; x_wconf 89' lang='lat' dir='ltr'><strong><em>bonos</em></strong></span> <span class='ocrx_word' id='word_1_157' title='bbox 297 2569 439 2638; x_wconf 89' lang='lat' dir='ltr'><strong><em>quosque</em></strong></span> <span class='ocrx_word' id='word_1_158' title='bbox 462 2549 514 2638; x_wconf 89' lang='lat' dir='ltr'><strong><em>pie</em></strong></span> <span class='ocrx_word' id='word_1_159' title='bbox 536 2548 659 2616; x_wconf 86' lang='lat' dir='ltr'><strong><em>afficere</em></strong></span> <span class='ocrx_word' id='word_1_160' title='bbox 681 2548 778 2631; x_wconf 88' lang='lat' dir='ltr'><strong><em>solet,</em></strong></span> <span class='ocrx_word' id='word_1_161' title='bbox 803 2548 896 2616; x_wconf 90' lang='lat' dir='ltr'><strong><em>bilem</em></strong></span> <span class='ocrx_word' id='word_1_162' title='bbox 919 2549 952 2617; x_wconf 94' lang='lat' dir='ltr'><strong><em>id</em></strong></span> <span class='ocrx_word' id='word_1_163' title='bbox 980 2549 1045 2616; x_wconf 88' lang='lat' dir='ltr'><strong><em>lere</em></strong></span> <span class='ocrx_word' id='word_1_164' title='bbox 1068 2559 1171 2617; x_wconf 86' lang='lat' dir='ltr'><strong><em>movet</em></strong></span> <span class='ocrx_word' id='word_1_165' title='bbox 1191 2549 1300 2630; x_wconf 91' lang='lat' dir='ltr'><strong><em>malis,</em></strong></span> <span class='ocrx_word' id='word_1_166' title='bbox 1323 2561 1358 2618; x_wconf 90' lang='lat' dir='ltr'><strong><em>at</em></strong></span> 
     </span>
     <span class='ocr_line' id='line_1_18' title="bbox 177 2671 1357 2762; baseline 0 -22"><span class='ocrx_word' id='word_1_167' title='bbox 177 2694 257 2761; x_wconf 87' lang='lat' dir='ltr'><strong><em>quos</em></strong></span> <span class='ocrx_word' id='word_1_168' title='bbox 276 2685 367 2741; x_wconf 85' lang='lat' dir='ltr'><strong><em>vexat</em></strong></span> <span class='ocrx_word' id='word_1_169' title='bbox 387 2673 493 2762; x_wconf 90' lang='lat' dir='ltr'><strong><em>aliquo</em></strong></span> <span class='ocrx_word' id='word_1_170' title='bbox 516 2673 608 2740; x_wconf 90' lang='lat' dir='ltr'><strong><em>mado</em></strong></span> <span class='ocrx_word' id='word_1_171' title='bbox 637 2672 764 2740; x_wconf 89' lang='lat' dir='ltr'><strong><em>obvium</em></strong></span> <span class='ocrx_word' id='word_1_172' title='bbox 788 2671 903 2740; x_wconf 90' lang='lat' dir='ltr'><strong><em>habere</em></strong></span> <span class='ocrx_word' id='word_1_173' title='bbox 929 2673 1084 2741; x_wconf 89' lang='lat' dir='ltr'><strong><em>vindicem</em></strong></span> <span class='ocrx_word' id='word_1_174' title='bbox 1107 2673 1223 2740; x_wconf 89' lang='lat' dir='ltr'><strong><em>Deum.</em></strong></span> <span class='ocrx_word' id='word_1_175' title='bbox 1249 2674 1357 2761; x_wconf 88' lang='lat' dir='ltr'><strong><em>ltaque</em></strong></span> 
     </span>
     <span class='ocr_line' id='line_1_19' title="bbox 178 2776 1407 2884; baseline 0.001 -24"><span class='ocrx_word' id='word_1_176' title='bbox 178 2815 216 2860; x_wconf 85' lang='lat' dir='ltr'><strong><em>ex</em></strong></span> <span class='ocrx_word' id='word_1_177' title='bbox 233 2795 272 2861; x_wconf 91' lang='lat' dir='ltr'><strong><em>iis</em></strong></span> <span class='ocrx_word' id='word_1_178' title='bbox 289 2798 343 2884; x_wconf 88' lang='lat' dir='ltr'><strong><em>qui</em></strong></span> <span class='ocrx_word' id='word_1_179' title='bbox 360 2795 487 2863; x_wconf 87' lang='lat' dir='ltr'><strong><em>aderant</em></strong></span> <span class='ocrx_word' id='word_1_180' title='bbox 501 2793 661 2875; x_wconf 89' lang='lat' dir='ltr'><strong><em>nonnulli,</em></strong></span> <span class='ocrx_word' id='word_1_181' title='bbox 679 2793 805 2861; x_wconf 89' lang='lat' dir='ltr'><strong><em>ludibrii</em></strong></span> <span class='ocrx_word' id='word_1_182' title='bbox 823 2814 916 2862; x_wconf 90' lang='lat' dir='ltr'><strong><em>causa</em></strong></span> <span class='ocrx_word' id='word_1_183' title='bbox 931 2795 1075 2863; x_wconf 87' lang='lat' dir='ltr'><strong><em>dicebant</em></strong></span> <span class='ocrx_word' id='word_1_184' title='bbox 1093 2820 1101 2862; x_wconf 74' lang='grc' dir='ltr'><strong><em>ε</em></strong></span> <span class='ocrx_word' id='word_1_185' title='bbox 1119 2805 1222 2860; x_wconf 82' lang='lat' dir='ltr'><strong><em>masto</em></strong></span> <span class='ocrx_word' id='word_1_186' title='bbox 1238 2798 1358 2878; x_wconf 84' lang='lat' dir='ltr'><strong><em>eapteti</em></strong></span> <span class='ocrx_word' id='word_1_187' title='bbox 1404 2776 1407 2782; x_wconf 40' lang='lat'>¹</span> 
     </span>
     <span class='ocr_line' id='line_1_20' title="bbox 176 2915 1357 3006; baseline 0.003 -24"><span class='ocrx_word' id='word_1_188' title='bbox 176 2929 249 2983; x_wconf 83' lang='lat' dir='ltr'><strong><em>sant</em></strong></span> <span class='ocrx_word' id='word_1_189' title='bbox 266 2921 338 2998; x_wconf 78' lang='lat' dir='ltr'><strong><em>toti,</em></strong></span> <span class='ocrx_word' id='word_1_190' title='bbox 356 2937 473 3006; x_wconf 89' lang='lat' dir='ltr'><strong><em>eosque</em></strong></span> <span class='ocrx_word' id='word_1_191' title='bbox 489 2927 645 3006; x_wconf 83' lang='lat' dir='ltr'><strong><em>tamqnam</em></strong></span> <span class='ocrx_word' id='word_1_192' title='bbox 666 2915 771 2984; x_wconf 89' lang='lat' dir='ltr'><strong><em>ebrios</em></strong></span> <span class='ocrx_word' id='word_1_193' title='bbox 793 2918 947 2985; x_wconf 80' lang='lat' dir='ltr'><strong><em>malitiose</em></strong></span> <span class='ocrx_word' id='word_1_194' title='bbox 967 2917 1179 2987; x_wconf 79' lang='lat' dir='ltr'><strong><em>traducebant.</em></strong></span> <span class='ocrx_word' id='word_1_195' title='bbox 1199 2918 1357 2987; x_wconf 90' lang='lat' dir='ltr'><strong><em>Particula</em></strong></span> 
     </span>
    </p>
   </div>
   <div class='ocr_carea' id='block_1_4' title="bbox 97 3162 1433 3996">
    <p class='ocr_par' dir='ltr' id='par_1_4' title="bbox 97 3162 1433 3996">
     <span class='ocr_line' id='line_1_21' title="bbox 209 3162 1358 3234; baseline 0.005 -18"><span class='ocrx_word' id='word_1_196' title='bbox 209 3165 229 3230; x_wconf 83' lang='lat'><strong><em>¹)</em></strong></span> <span class='ocrx_word' id='word_1_197' title='bbox 246 3165 329 3216; x_wconf 88' lang='lat' dir='ltr'><strong><em>Huius</em></strong></span> <span class='ocrx_word' id='word_1_198' title='bbox 340 3163 459 3215; x_wconf 85' lang='lat' dir='ltr'><strong><em>vocabuli</em></strong></span> <span class='ocrx_word' id='word_1_199' title='bbox 471 3162 602 3216; x_wconf 83' lang='lat' dir='ltr'><strong><em>vislatina</em></strong></span> <span class='ocrx_word' id='word_1_200' title='bbox 613 3176 676 3216; x_wconf 85' lang='lat' dir='ltr'><strong><em>voca</em></strong></span> <span class='ocrx_word' id='word_1_201' title='bbox 688 3177 740 3216; x_wconf 87' lang='lat' dir='ltr'><strong><em>una</em></strong></span> <span class='ocrx_word' id='word_1_202' title='bbox 785 3164 912 3230; x_wconf 75' lang='lat' dir='ltr'><strong><em>stantum</em></strong></span> <span class='ocrx_word' id='word_1_203' title='bbox 934 3166 967 3218; x_wconf 88' lang='lat' dir='ltr'><strong><em>ad</em></strong></span> <span class='ocrx_word' id='word_1_204' title='bbox 997 3167 1105 3219; x_wconf 91' lang='lat' dir='ltr'><strong><em>minima</em></strong></span> <span class='ocrx_word' id='word_1_205' title='bbox 1132 3168 1240 3234; x_wconf 86' lang='lat' dir='ltr'><strong><em>quaevis</em></strong></span> <span class='ocrx_word' id='word_1_206' title='bbox 1266 3168 1358 3223; x_wconf 86' lang='lat' dir='ltr'><strong><em>haeret</em></strong></span> 
     </span>
     <span class='ocr_line' id='line_1_22' title="bbox 174 3247 1356 3318; baseline 0.004 -19"><span class='ocrx_word' id='word_1_207' title='bbox 174 3248 237 3300; x_wconf 88' lang='lat' dir='ltr'><strong><em>satis</em></strong></span> <span class='ocrx_word' id='word_1_208' title='bbox 250 3248 323 3299; x_wconf 86' lang='lat' dir='ltr'><strong><em>reddi</em></strong></span> <span class='ocrx_word' id='word_1_209' title='bbox 335 3248 436 3313; x_wconf 86' lang='lat' dir='ltr'><strong><em>nequit.</em></strong></span> <span class='ocrx_word' id='word_1_210' title='bbox 448 3267 460 3294; x_wconf 84' lang='lat' dir='ltr'><strong><em>n</em></strong></span> <span class='ocrx_word' id='word_1_211' title='bbox 472 3248 551 3311; x_wconf 86' lang='lat' dir='ltr'><strong><em>Origo</em></strong></span> <span class='ocrx_word' id='word_1_212' title='bbox 563 3248 742 3313; x_wconf 80' lang='lat' dir='ltr'><strong><em>vocis,inqu1t</em></strong></span> <span class='ocrx_word' id='word_1_213' title='bbox 786 3247 935 3313; x_wconf 87' lang='lat' dir='ltr'><strong><em>impeditus.</em></strong></span> <span class='ocrx_word' id='word_1_214' title='bbox 949 3250 1064 3302; x_wconf 85' lang='lat' dir='ltr'><strong><em>Tandem</em></strong></span> <span class='ocrx_word' id='word_1_215' title='bbox 1079 3250 1178 3302; x_wconf 81' lang='lat' dir='ltr'><strong><em>Duatas</em></strong></span> <span class='ocrx_word' id='word_1_216' title='bbox 1194 3255 1246 3314; x_wconf 87' lang='lat' dir='ltr'><strong><em>est,</em></strong></span> <span class='ocrx_word' id='word_1_217' title='bbox 1266 3253 1311 3318; x_wconf 90' lang='lat' dir='ltr'><strong><em>qni</em></strong></span> <span class='ocrx_word' id='word_1_218' title='bbox 1326 3252 1356 3304; x_wconf 91' lang='lat' dir='ltr'><strong><em>in</em></strong></span> 
     </span>
     <span class='ocr_line' id='line_1_23' title="bbox 175 3329 1355 3403; baseline 0.002 -20"><span class='ocrx_word' id='word_1_219' title='bbox 175 3330 334 3383; x_wconf 84' lang='lat' dir='ltr'><strong><em>Valckenaar</em></strong></span> <span class='ocrx_word' id='word_1_220' title='bbox 351 3329 392 3396; x_wconf 89' lang='lat' dir='ltr'><strong><em>(ad</em></strong></span> <span class='ocrx_word' id='word_1_221' title='bbox 407 3329 434 3382; x_wconf 91' lang='lat' dir='ltr'><strong><em>h.</em></strong></span> <span class='ocrx_word' id='word_1_222' title='bbox 446 3329 486 3397; x_wconf 87' lang='grc'>1.),</span> <span class='ocrx_word' id='word_1_223' title='bbox 505 3330 628 3382; x_wconf 83' lang='lat' dir='ltr'><strong><em>remotior</em></strong></span> <span class='ocrx_word' id='word_1_224' title='bbox 649 3337 741 3403; x_wconf 80' lang='grc' dir='ltr'>πειρω</span> <span class='ocrx_word' id='word_1_225' title='bbox 786 3330 857 3382; x_wconf 90' lang='lat' dir='ltr'><strong><em>bivio</em></strong></span> <span class='ocrx_word' id='word_1_226' title='bbox 868 3332 1055 3396; x_wconf 81' lang='lat' dir='ltr'><strong><em>cogitationum</em></strong></span> <span class='ocrx_word' id='word_1_227' title='bbox 1068 3335 1195 3394; x_wconf 87' lang='lat' dir='ltr'><strong><em>statutus,</em></strong></span> <span class='ocrx_word' id='word_1_228' title='bbox 1215 3333 1355 3389; x_wconf 74' lang='lat' dir='ltr'><strong><em>transitum</em></strong></span> 
     </span>
     <span class='ocr_line' id='line_1_24' title="bbox 174 3413 1356 3495; baseline 0 -26"><span class='ocrx_word' id='word_1_229' title='bbox 174 3418 216 3470; x_wconf 85' lang='lat' dir='ltr'><strong><em>vol</em></strong></span> <span class='ocrx_word' id='word_1_230' title='bbox 234 3428 326 3495; x_wconf 84' lang='grc' dir='ltr'><strong>περω,</strong></span> <span class='ocrx_word' id='word_1_231' title='bbox 344 3421 510 3485; x_wconf 80' lang='lat' dir='ltr'><strong><em>perforando</em></strong></span> <span class='ocrx_word' id='word_1_232' title='bbox 530 3427 647 3485; x_wconf 75' lang='lat' dir='ltr'><strong><em>perintra.</em></strong></span> <span class='ocrx_word' id='word_1_233' title='bbox 669 3419 743 3471; x_wconf 81' lang='lat' dir='ltr'><strong><em>Illinc</em></strong></span> <span class='ocrx_word' id='word_1_234' title='bbox 787 3425 840 3464; x_wconf 90' lang='lat' dir='ltr'><strong><em>non</em></strong></span> <span class='ocrx_word' id='word_1_235' title='bbox 853 3413 969 3476; x_wconf 86' lang='lat' dir='ltr'><strong><em>invenit,</em></strong></span> <span class='ocrx_word' id='word_1_236' title='bbox 982 3417 1009 3466; x_wconf 87' lang='lat' dir='ltr'><strong><em>et</em></strong></span> <span class='ocrx_word' id='word_1_237' title='bbox 1020 3413 1123 3466; x_wconf 86' lang='lat' dir='ltr'><strong><em>dubitat</em></strong></span> <span class='ocrx_word' id='word_1_238' title='bbox 1140 3415 1270 3479; x_wconf 89' lang='lat' dir='ltr'><strong><em>incertus,</em></strong></span> <span class='ocrx_word' id='word_1_239' title='bbox 1287 3429 1356 3482; x_wconf 85' lang='lat' dir='ltr'><strong><em>quae</em></strong></span> 
     </span>
     <span class='ocr_line' id='line_1_25' title="bbox 174 3494 1354 3585; baseline 0.007 -39"><span class='ocrx_word' id='word_1_240' title='bbox 174 3516 264 3584; x_wconf 72' lang='grc' dir='ltr'><strong>πορος</strong></span> <span class='ocrx_word' id='word_1_241' title='bbox 281 3513 404 3577; x_wconf 63' lang='lat' dir='ltr'><strong><em>foramen</em></strong></span> <span class='ocrx_word' id='word_1_242' title='bbox 423 3511 465 3562; x_wconf 65' lang='lat' dir='ltr'><strong><em>vel</em></strong></span> <span class='ocrx_word' id='word_1_243' title='bbox 484 3517 595 3563; x_wconf 44' lang='lat' dir='ltr'><strong><em>meatus,</em></strong></span> <span class='ocrx_word' id='word_1_244' title='bbox 620 3494 741 3585; x_wconf 63' lang='lat' dir='ltr'><strong><em>Anapoo</em></strong></span> <span class='ocrx_word' id='word_1_245' title='bbox 787 3497 874 3549; x_wconf 82' lang='lat' dir='ltr'><strong><em>riade</em></strong></span> <span class='ocrx_word' id='word_1_246' title='bbox 889 3499 1005 3562; x_wconf 87' lang='lat' dir='ltr'><strong><em>duabus,</em></strong></span> <span class='ocrx_word' id='word_1_247' title='bbox 1027 3503 1073 3551; x_wconf 90' lang='lat' dir='ltr'><strong><em>aut</em></strong></span> <span class='ocrx_word' id='word_1_248' title='bbox 1093 3499 1177 3551; x_wconf 88' lang='lat' dir='ltr'><strong><em>tribus</em></strong></span> <span class='ocrx_word' id='word_1_249' title='bbox 1197 3501 1354 3554; x_wconf 84' lang='lat' dir='ltr'><strong><em>inflectenda</em></strong></span> 
     </span>
     <span class='ocr_line' id='line_1_26' title="bbox 173 3581 1433 3658; baseline 0.001 -17"><span class='ocrx_word' id='word_1_250' title='bbox 173 3593 279 3658; x_wconf 89' lang='lat' dir='ltr'><strong><em>proprie</em></strong></span> <span class='ocrx_word' id='word_1_251' title='bbox 299 3595 372 3644; x_wconf 86' lang='lat' dir='ltr'><strong><em>natat</em></strong></span> <span class='ocrx_word' id='word_1_252' title='bbox 393 3593 605 3657; x_wconf 82' lang='lat' dir='ltr'><strong><em>impenetrabile,</em></strong></span> <span class='ocrx_word' id='word_1_253' title='bbox 626 3594 682 3644; x_wconf 88' lang='lat' dir='ltr'><strong><em>sive</em></strong></span> <span class='ocrx_word' id='word_1_254' title='bbox 697 3595 741 3654; x_wconf 84' lang='lat' dir='ltr'><strong><em>tot,</em></strong></span> <span class='ocrx_word' id='word_1_255' title='bbox 787 3581 878 3633; x_wconf 74' lang='lat' dir='ltr'><strong><em>Sil-Ab</em></strong></span> <span class='ocrx_word' id='word_1_256' title='bbox 891 3585 1052 3658; x_wconf 65' lang='lat' dir='ltr'><strong><em>anapagest</em></strong></span> <span class='ocrx_word' id='word_1_257' title='bbox 1064 3589 1186 3656; x_wconf 77' lang='lat' dir='ltr'><strong><em>arnapam</em></strong></span> <span class='ocrx_word' id='word_1_258' title='bbox 1199 3583 1353 3637; x_wconf 74' lang='lat' dir='ltr'><strong><em>dubitate...</em></strong></span> <span class='ocrx_word' id='word_1_259' title='bbox 1429 3582 1433 3595; x_wconf 85' lang='grc'><strong>“</strong></span> 
     </span>
     <span class='ocr_line' id='line_1_27' title="bbox 97 3654 1356 3752; baseline -0.005 -23"><span class='ocrx_word' id='word_1_260' title='bbox 97 3725 99 3729; x_wconf 21' lang='lat'><em>1</em></span> <span class='ocrx_word' id='word_1_261' title='bbox 175 3674 301 3740; x_wconf 84' lang='lat' dir='ltr'><strong><em>perqnad</em></strong></span> <span class='ocrx_word' id='word_1_262' title='bbox 311 3675 596 3740; x_wconf 83' lang='lat' dir='ltr'><strong><em>meatusnaltaspatet.</em></strong></span> <span class='ocrx_word' id='word_1_263' title='bbox 611 3658 742 3752; x_wconf 83' lang='grc' dir='ltr'>Απειρον</span> <span class='ocrx_word' id='word_1_264' title='bbox 786 3671 1096 3738; x_wconf 78' lang='lat' dir='ltr'><strong><em>Nostromcompositnm</em></strong></span> <span class='ocrx_word' id='word_1_265' title='bbox 1109 3654 1262 3749; x_wconf 76' lang='lat' dir='ltr'><strong><em>dianopam</em></strong></span> <span class='ocrx_word' id='word_1_266' title='bbox 1273 3672 1356 3736; x_wconf 81' lang='lat' dir='ltr'><strong><em>signi·</em></strong></span> 
     </span>
     <span class='ocr_line' id='line_1_28' title="bbox 175 3746 1354 3840; baseline -0.005 -27"><span class='ocrx_word' id='word_1_267' title='bbox 175 3774 225 3812; x_wconf 87' lang='grc' dir='ltr'><strong><em>και</em></strong></span> <span class='ocrx_word' id='word_1_268' title='bbox 263 3746 467 3840; x_wconf 74' lang='grc' dir='ltr'><strong><em>αδιερευνητον</em></strong></span> <span class='ocrx_word' id='word_1_269' title='bbox 506 3748 636 3840; x_wconf 75' lang='grc' dir='ltr'>πελαγος</span> <span class='ocrx_word' id='word_1_270' title='bbox 669 3767 742 3819; x_wconf 71' lang='lat' dir='ltr'><strong><em>Plato</em></strong></span> <span class='ocrx_word' id='word_1_271' title='bbox 787 3753 1044 3818; x_wconf 85' lang='lat' dir='ltr'><strong><em>ficatsiadabr&#39;tarc,</em></strong></span> <span class='ocrx_word' id='word_1_272' title='bbox 1064 3761 1093 3806; x_wconf 88' lang='lat' dir='ltr'><strong><em>nt</em></strong></span> <span class='ocrx_word' id='word_1_273' title='bbox 1104 3757 1212 3820; x_wconf 85' lang='lat' dir='ltr'><strong><em>panitas</em></strong></span> <span class='ocrx_word' id='word_1_274' title='bbox 1230 3757 1354 3822; x_wconf 78' lang='lat' dir='ltr'><strong><em>tpnores,</em></strong></span> 
     </span>
     <span class='ocr_line' id='line_1_29' title="bbox 175 3831 1354 3914; baseline 0.003 -28"><span class='ocrx_word' id='word_1_275' title='bbox 175 3845 243 3899; x_wconf 66' lang='lat' dir='ltr'><strong><em>dixit</em></strong></span> <span class='ocrx_word' id='word_1_276' title='bbox 265 3848 293 3898; x_wconf 71' lang='lat' dir='ltr'><strong><em>jn</em></strong></span> <span class='ocrx_word' id='word_1_277' title='bbox 317 3847 420 3900; x_wconf 67' lang='lat' dir='ltr'><strong><em>Timaeo</em></strong></span> <span class='ocrx_word' id='word_1_278' title='bbox 442 3862 517 3899; x_wconf 64' lang='lat' dir='ltr'><strong><em>mare</em></strong></span> <span class='ocrx_word' id='word_1_279' title='bbox 538 3849 672 3913; x_wconf 56' lang='lat' dir='ltr'><strong><em>infestum,</em></strong></span> <span class='ocrx_word' id='word_1_280' title='bbox 691 3864 742 3914; x_wconf 65' lang='lat' dir='ltr'><strong><em>per</em></strong></span> <span class='ocrx_word' id='word_1_281' title='bbox 787 3838 850 3902; x_wconf 84' lang='lat' dir='ltr'><strong><em>qaid</em></strong></span> <span class='ocrx_word' id='word_1_282' title='bbox 864 3831 1108 3888; x_wconf 70' lang='lat' dir='ltr'><strong><em>statuentansttf»</em></strong></span> <span class='ocrx_word' id='word_1_283' title='bbox 1122 3837 1252 3889; x_wconf 87' lang='lat' dir='ltr'><strong><em>Nimirum</em></strong></span> <span class='ocrx_word' id='word_1_284' title='bbox 1270 3838 1354 3890; x_wconf 88' lang='lat' dir='ltr'><strong><em>Prae-</em></strong></span> 
     </span>
     <span class='ocr_line' id='line_1_30' title="bbox 175 3898 1354 3996; baseline 0.005 -16"><span class='ocrx_word' id='word_1_285' title='bbox 175 3931 244 3994; x_wconf 83' lang='lat' dir='ltr'><strong><em>qnod</em></strong></span> <span class='ocrx_word' id='word_1_286' title='bbox 262 3931 328 3981; x_wconf 83' lang='lat' dir='ltr'><strong><em>naci</em></strong></span> <span class='ocrx_word' id='word_1_287' title='bbox 348 3931 482 3982; x_wconf 79' lang='lat' dir='ltr'><strong><em>transitus</em></strong></span> <span class='ocrx_word' id='word_1_288' title='bbox 502 3944 557 3982; x_wconf 90' lang='lat' dir='ltr'><strong><em>nan</em></strong></span> <span class='ocrx_word' id='word_1_289' title='bbox 575 3937 656 3996; x_wconf 85' lang='lat' dir='ltr'><strong><em>patet.</em></strong></span> <span class='ocrx_word' id='word_1_290' title='bbox 675 3932 741 3983; x_wconf 86' lang='lat' dir='ltr'><strong><em>Fre·</em></strong></span> <span class='ocrx_word' id='word_1_291' title='bbox 786 3917 878 3982; x_wconf 75' lang='lat' dir='ltr'><strong><em>POSlll⁰</em></strong></span> <span class='ocrx_word' id='word_1_292' title='bbox 895 3898 948 3967; x_wconf 64' lang='lat'><strong><em>3²0⁶</em></strong></span> <span class='ocrx_word' id='word_1_293' title='bbox 971 3917 1013 3970; x_wconf 63' lang='grc' dir='ltr'><strong><em>ΜΟ</em></strong></span> <span class='ocrx_word' id='word_1_294' title='bbox 1030 3919 1086 3970; x_wconf 67' lang='lat' dir='ltr'><strong><em>Vim</em></strong></span> <span class='ocrx_word' id='word_1_295' title='bbox 1105 3919 1177 3971; x_wconf 62' lang='lat' dir='ltr'><strong><em>lesbi</em></strong></span> <span class='ocrx_word' id='word_1_296' title='bbox 1199 3926 1288 3986; x_wconf 75' lang='lat' dir='ltr'><strong><em>capet.</em></strong></span> <span class='ocrx_word' id='word_1_297' title='bbox 1310 3919 1354 3973; x_wconf 74' lang='lat' dir='ltr'><strong><em>Cf·</em></strong></span> 
     </span>
    </p>
   </div>
   <div class='ocr_carea' id='block_1_5' title="bbox 84 3999 1352 4078">
    <p class='ocr_par' dir='ltr' id='par_1_5' title="bbox 84 3999 1352 4078">
     <span class='ocr_line' id='line_1_31' title="bbox 84 3999 1352 4078; baseline 0.005 -17"><span class='ocrx_word' id='word_1_298' title='bbox 84 4002 85 4006; x_wconf 66' lang='grc'>’</span> <span class='ocrx_word' id='word_1_299' title='bbox 174 4011 296 4076; x_wconf 87' lang='lat' dir='ltr'><strong><em>quentari</em></strong></span> <span class='ocrx_word' id='word_1_300' title='bbox 321 4012 420 4064; x_wconf 83' lang='lat' dir='ltr'><strong><em>solebat</em></strong></span> <span class='ocrx_word' id='word_1_301' title='bbox 448 4011 553 4063; x_wconf 87' lang='lat' dir='ltr'><strong><em>Graecis</em></strong></span> <span class='ocrx_word' id='word_1_302' title='bbox 583 4012 740 4078; x_wconf 85' lang='lat' dir='ltr'><strong><em>adjectivum</em></strong></span> <span class='ocrx_word' id='word_1_303' title='bbox 786 3999 1352 4067; x_wconf 57' lang='grc' dir='ltr'><strong><em>ΖθΰῦῑῦωὸᾱνῑὲθΐῦθΡᾸΧ,343οῑ·ΠΝΠ·</em></strong></span> 
     </span>
    </p>
   </div>
   <div class='ocr_carea' id='block_1_6' title="bbox 174 4078 1354 4244">
    <p class='ocr_par' dir='ltr' id='par_1_6' title="bbox 174 4078 1354 4244">
     <span class='ocr_line' id='line_1_32' title="bbox 174 4078 1354 4158; baseline 0.006 -18"><span class='ocrx_word' id='word_1_304' title='bbox 174 4090 239 4142; x_wconf 89' lang='lat' dir='ltr'><strong><em>illud</em></strong></span> <span class='ocrx_word' id='word_1_305' title='bbox 260 4092 338 4151; x_wconf 89' lang='lat' dir='ltr'><strong><em>vario</em></strong></span> <span class='ocrx_word' id='word_1_306' title='bbox 353 4092 429 4144; x_wconf 87' lang='lat' dir='ltr'><strong><em>valde</em></strong></span> <span class='ocrx_word' id='word_1_307' title='bbox 449 4093 596 4157; x_wconf 85' lang='lat' dir='ltr'><strong><em>significatu</em></strong></span> <span class='ocrx_word' id='word_1_308' title='bbox 620 4095 741 4158; x_wconf 84' lang='lat' dir='ltr'><strong><em>figurata.</em></strong></span> <span class='ocrx_word' id='word_1_309' title='bbox 786 4078 916 4130; x_wconf 68' lang='lat' dir='ltr'><strong><em>Fflffllllall</em></strong></span> <span class='ocrx_word' id='word_1_310' title='bbox 939 4094 1058 4133; x_wconf 67' lang='lat' dir='ltr'><strong><em>Sffl&#39;fflffllss</em></strong></span> <span class='ocrx_word' id='word_1_311' title='bbox 1083 4082 1184 4146; x_wconf 65' lang='grc' dir='ltr'>Βθῑὲῑθθ</span> <span class='ocrx_word' id='word_1_312' title='bbox 1207 4083 1260 4133; x_wconf 79' lang='lat' dir='ltr'><strong><em>Vlm</em></strong></span> <span class='ocrx_word' id='word_1_313' title='bbox 1282 4083 1354 4135; x_wconf 66' lang='lat' dir='ltr'><strong><em>VOOlS</em></strong></span> 
     </span>
     <span class='ocr_line' id='line_1_33' title="bbox 174 4163 1353 4244; baseline 0.003 -28"><span class='ocrx_word' id='word_1_314' title='bbox 174 4173 286 4228; x_wconf 67' lang='lat' dir='ltr'><strong><em>Notahat</em></strong></span> <span class='ocrx_word' id='word_1_315' title='bbox 297 4176 384 4238; x_wconf 70' lang='lat' dir='ltr'><strong><em>enim,</em></strong></span> <span class='ocrx_word' id='word_1_316' title='bbox 401 4180 505 4242; x_wconf 62' lang='lat' dir='ltr'><strong><em>praeter</em></strong></span> <span class='ocrx_word' id='word_1_317' title='bbox 517 4180 618 4241; x_wconf 63' lang='lat' dir='ltr'><strong><em>cetera,</em></strong></span> <span class='ocrx_word' id='word_1_318' title='bbox 634 4179 742 4244; x_wconf 55' lang='lat' dir='ltr'><strong><em>Puppe.</em></strong></span> <span class='ocrx_word' id='word_1_319' title='bbox 787 4163 939 4227; x_wconf 66' lang='lat' dir='ltr'><strong><em>reddideris</em></strong></span> <span class='ocrx_word' id='word_1_320' title='bbox 951 4165 974 4216; x_wconf 92' lang='lat' dir='ltr'><strong><em>si</em></strong></span> <span class='ocrx_word' id='word_1_321' title='bbox 984 4167 1054 4217; x_wconf 90' lang='lat' dir='ltr'><strong><em>dicas</em></strong></span> <span class='ocrx_word' id='word_1_322' title='bbox 1064 4182 1071 4218; x_wconf 88' lang='lat'>:</span> <span class='ocrx_word' id='word_1_323' title='bbox 1081 4167 1120 4230; x_wconf 77' lang='lat' dir='ltr'><strong><em>Zy</em></strong></span> <span class='ocrx_word' id='word_1_324' title='bbox 1129 4179 1215 4231; x_wconf 81' lang='lat' dir='ltr'><strong><em>zapen</em></strong></span> <span class='ocrx_word' id='word_1_325' title='bbox 1226 4166 1353 4220; x_wconf 81' lang='lat' dir='ltr'><strong><em>volatrett</em></strong></span> 
     </span>
    </p>
   </div>
   <div class='ocr_carea' id='block_1_7' title="bbox 174 4247 1354 4407">
    <p class='ocr_par' dir='ltr' id='par_1_7' title="bbox 174 4247 1354 4407">
     <span class='ocr_line' id='line_1_34' title="bbox 174 4247 1354 4325; baseline 0.004 -30"><span class='ocrx_word' id='word_1_326' title='bbox 174 4269 245 4318; x_wconf 61' lang='lat' dir='ltr'><strong><em>rem,</em></strong></span> <span class='ocrx_word' id='word_1_327' title='bbox 264 4257 421 4322; x_wconf 48' lang='lat' dir='ltr'><strong><em>stupidum,</em></strong></span> <span class='ocrx_word' id='word_1_328' title='bbox 442 4259 564 4312; x_wconf 56' lang='lat' dir='ltr'><strong><em>pubium,</em></strong></span> <span class='ocrx_word' id='word_1_329' title='bbox 586 4261 694 4325; x_wconf 59' lang='lat' dir='ltr'><strong><em>paupe,-</em></strong></span> <span class='ocrx_word' id='word_1_330' title='bbox 705 4262 743 4314; x_wconf 63' lang='lat'><strong><em>550</em></strong></span> <span class='ocrx_word' id='word_1_331' title='bbox 786 4259 849 4311; x_wconf 81' lang='lat' dir='ltr'><strong><em>pean</em></strong></span> <span class='ocrx_word' id='word_1_332' title='bbox 859 4252 906 4312; x_wconf 74' lang='lat' dir='ltr'><strong><em>pat</em></strong></span> <span class='ocrx_word' id='word_1_333' title='bbox 917 4248 987 4298; x_wconf 83' lang='lat' dir='ltr'><strong><em>inde</em></strong></span> <span class='ocrx_word' id='word_1_334' title='bbox 998 4247 1085 4310; x_wconf 82' lang='lat' dir='ltr'><strong><em>zaab,</em></strong></span> <span class='ocrx_word' id='word_1_335' title='bbox 1105 4248 1241 4300; x_wconf 86' lang='lat' dir='ltr'><strong><em>enzeiden</em></strong></span> <span class='ocrx_word' id='word_1_336' title='bbox 1259 4254 1296 4300; x_wconf 90' lang='lat' dir='ltr'><strong><em>tat</em></strong></span> <span class='ocrx_word' id='word_1_337' title='bbox 1312 4249 1354 4300; x_wconf 87' lang='lat' dir='ltr'><strong><em>el-</em></strong></span> 
     </span>
     <span class='ocr_line' id='line_1_35' title="bbox 174 4325 1354 4407; baseline 0.003 -29"><span class='ocrx_word' id='word_1_338' title='bbox 174 4336 225 4387; x_wconf 76' lang='lat' dir='ltr'><strong><em>dtci</em></strong></span> <span class='ocrx_word' id='word_1_339' title='bbox 242 4342 344 4402; x_wconf 65' lang='lat' dir='ltr'><strong><em>poterat</em></strong></span> <span class='ocrx_word' id='word_1_340' title='bbox 355 4353 390 4391; x_wconf 65' lang='lat' dir='ltr'><strong><em>ex</em></strong></span> <span class='ocrx_word' id='word_1_341' title='bbox 405 4340 519 4404; x_wconf 55' lang='lat' dir='ltr'><strong><em>origine,</em></strong></span> <span class='ocrx_word' id='word_1_342' title='bbox 541 4342 587 4407; x_wconf 65' lang='lat' dir='ltr'><strong><em>qui</em></strong></span> <span class='ocrx_word' id='word_1_343' title='bbox 607 4343 740 4406; x_wconf 50' lang='lat' dir='ltr'>nesciens,</span> <span class='ocrx_word' id='word_1_344' title='bbox 786 4325 888 4379; x_wconf 85' lang='lat' dir='ltr'><strong><em>tandar</em></strong></span> <span class='ocrx_word' id='word_1_345' title='bbox 902 4343 910 4378; x_wconf 91' lang='lat'><em>:</em></span> <span class='ocrx_word' id='word_1_346' title='bbox 926 4335 983 4381; x_wconf 85' lang='lat' dir='ltr'><strong><em>wat</em></strong></span> <span class='ocrx_word' id='word_1_347' title='bbox 1001 4329 1048 4381; x_wconf 84' lang='lat' dir='ltr'><strong><em>tait</em></strong></span> <span class='ocrx_word' id='word_1_348' title='bbox 1066 4330 1104 4382; x_wconf 85' lang='lat' dir='ltr'><strong><em>att</em></strong></span> <span class='ocrx_word' id='word_1_349' title='bbox 1123 4329 1182 4381; x_wconf 88' lang='lat' dir='ltr'><strong><em>tocb</em></strong></span> <span class='ocrx_word' id='word_1_350' title='bbox 1202 4330 1354 4383; x_wconf 84' lang='lat' dir='ltr'><strong><em>badaiden?</em></strong></span> 
     </span>
    </p>
   </div>
   <div class='ocr_carea' id='block_1_8' title="bbox 175 4421 738 4483">
    <p class='ocr_par' dir='ltr' id='par_1_8' title="bbox 175 4421 738 4483">
     <span class='ocr_line' id='line_1_36' title="bbox 175 4421 738 4483; baseline 0.014 -15"><span class='ocrx_word' id='word_1_351' title='bbox 175 4430 227 4482; x_wconf 88' lang='lat' dir='ltr'><strong><em>qna</em></strong></span> <span class='ocrx_word' id='word_1_352' title='bbox 239 4422 376 4483; x_wconf 74' lang='lat' dir='ltr'><strong><em>severint,</em></strong></span> <span class='ocrx_word' id='word_1_353' title='bbox 393 4422 494 4474; x_wconf 80' lang='lat' dir='ltr'><strong><em>exitum</em></strong></span> <span class='ocrx_word' id='word_1_354' title='bbox 512 4421 614 4474; x_wconf 82' lang='lat' dir='ltr'><strong><em>invonit</em></strong></span> <span class='ocrx_word' id='word_1_355' title='bbox 627 4423 738 4476; x_wconf 90' lang='lat' dir='ltr'><strong><em>nullum.</em></strong></span> 
     </span>
    </p>
   </div>
   <div class='ocr_carea' id='block_1_9' title="bbox 0 0 1542 5054">
    <p class='ocr_par' dir='ltr' id='par_1_9' title="bbox 0 0 1542 5054">
     <span class='ocr_line' id='line_1_37' title="bbox 0 0 1542 5054; baseline 0 2"><span class='ocrx_word' id='word_1_356' title='bbox 0 0 1542 5054; x_wconf 95' lang='lat' dir='ltr'><strong><em> </em></strong></span> 
     </span>
    </p>
   </div>
  </div>
 </body>
</html>
