<?xml version="1.0" encoding="UTF-8"?>
<!DOCTYPE html PUBLIC "-//W3C//DTD XHTML 1.0 Transitional//EN"
    "http://www.w3.org/TR/xhtml1/DTD/xhtml1-transitional.dtd">
<html xmlns="http://www.w3.org/1999/xhtml" xml:lang="en" lang="en">
 <head>
  <title>
</title>
<meta http-equiv="Content-Type" content="text/html;charset=utf-8" />
  <meta name='ocr-system' content='tesseract 3.04.00' />
  <meta name='ocr-capabilities' content='ocr_page ocr_carea ocr_par ocr_line ocrx_word'/>
</head>
<body>
  <div class='ocr_page' id='page_1' title='image "./commentariusina00beelgoog/commentariusina00beelgoog_0104.png"; bbox 0 0 3074 5054; ppageno 0'>
   <div class='ocr_carea' id='block_1_1' title="bbox 484 394 1458 480">
    <p class='ocr_par' dir='ltr' id='par_1_1' title="bbox 484 394 1458 480">
     <span class='ocr_line' id='line_1_1' title="bbox 484 394 1458 480; baseline 0.003 -16"><span class='ocrx_word' id='word_1_1' title='bbox 484 398 621 465; x_wconf 80' lang='lat' dir='ltr'><strong>CAPUT</strong></span> <span class='ocrx_word' id='word_1_2' title='bbox 657 397 721 480; x_wconf 86' lang='grc' dir='ltr'>ΙΙΙ,</span> <span class='ocrx_word' id='word_1_3' title='bbox 760 394 881 465; x_wconf 77' lang='lat' dir='ltr'><strong>Vnus.</strong></span> <span class='ocrx_word' id='word_1_4' title='bbox 920 394 1043 461; x_wconf 83' lang='grc' dir='ltr'><strong>7-Ι5.</strong></span> <span class='ocrx_word' id='word_1_5' title='bbox 1313 394 1356 462; x_wconf 79' lang='grc'><strong>85</strong></span> <span class='ocrx_word' id='word_1_6' title='bbox 1455 454 1458 467; x_wconf 92' lang='grc'><strong><em>.</em></strong></span> 
     </span>
    </p>
   </div>
   <div class='ocr_carea' id='block_1_2' title="bbox 175 582 1358 1420">
    <p class='ocr_par' dir='ltr' id='par_1_2' title="bbox 175 582 1358 1420">
     <span class='ocr_line' id='line_1_2' title="bbox 175 582 1354 674; baseline 0 -22"><span class='ocrx_word' id='word_1_7' title='bbox 175 609 246 652; x_wconf 83' lang='lat' dir='ltr'><strong>rem</strong></span> <span class='ocrx_word' id='word_1_8' title='bbox 262 591 350 654; x_wconf 81' lang='lat' dir='ltr'><strong>rideo</strong></span> <span class='ocrx_word' id='word_1_9' title='bbox 365 591 516 674; x_wconf 81' lang='lat' dir='ltr'><strong>quomodo</strong></span> <span class='ocrx_word' id='word_1_10' title='bbox 533 610 564 654; x_wconf 86' lang='lat' dir='ltr'><strong>se</strong></span> <span class='ocrx_word' id='word_1_11' title='bbox 575 585 833 655; x_wconf 78' lang='lat' dir='ltr'><strong>dabentVidesis</strong></span> <span class='ocrx_word' id='word_1_12' title='bbox 846 585 937 652; x_wconf 91' lang='lat' dir='ltr'><strong>etiam</strong></span> <span class='ocrx_word' id='word_1_13' title='bbox 949 583 1181 672; x_wconf 89' lang='lat' dir='ltr'><strong>Hoogevenium</strong></span> <span class='ocrx_word' id='word_1_14' title='bbox 1194 582 1234 650; x_wconf 94' lang='lat' dir='ltr'><strong>ad</strong></span> <span class='ocrx_word' id='word_1_15' title='bbox 1245 584 1354 672; x_wconf 84' lang='lat' dir='ltr'><strong>Viger.</strong></span> 
     </span>
     <span class='ocr_line' id='line_1_3' title="bbox 176 708 1358 802; baseline -0.002 -25"><span class='ocrx_word' id='word_1_16' title='bbox 176 713 254 801; x_wconf 85' lang='lat' dir='ltr'><strong>Cap.</strong></span> <span class='ocrx_word' id='word_1_17' title='bbox 277 713 320 780; x_wconf 90' lang='lat' dir='ltr'><strong>V.</strong></span> <span class='ocrx_word' id='word_1_18' title='bbox 346 713 418 780; x_wconf 82' lang='lat' dir='ltr'><strong>Sect</strong></span> <span class='ocrx_word' id='word_1_19' title='bbox 444 715 474 778; x_wconf 95' lang='grc' dir='ltr'><strong>Ι.</strong></span> <span class='ocrx_word' id='word_1_20' title='bbox 500 713 591 781; x_wconf 91' lang='lat' dir='ltr'>XIV.</span> <span class='ocrx_word' id='word_1_21' title='bbox 608 711 644 775; x_wconf 84' lang='lat' dir='ltr'><strong>‘O</strong></span> <span class='ocrx_word' id='word_1_22' title='bbox 660 735 734 802; x_wconf 86' lang='grc' dir='ltr'>προς</span> <span class='ocrx_word' id='word_1_23' title='bbox 757 734 809 785; x_wconf 82' lang='grc' dir='ltr'><strong>την</strong></span> <span class='ocrx_word' id='word_1_24' title='bbox 834 708 1035 796; x_wconf 69' lang='lat' dir='ltr'><strong>adsaporetur</strong></span> <span class='ocrx_word' id='word_1_25' title='bbox 1060 731 1223 795; x_wconf 83' lang='grc' dir='ltr'>κατημενος</span> <span class='ocrx_word' id='word_1_26' title='bbox 1240 711 1294 774; x_wconf 75' lang='lat' dir='ltr'><strong>itte</strong></span> <span class='ocrx_word' id='word_1_27' title='bbox 1316 711 1358 775; x_wconf 86' lang='lat' dir='ltr'><strong>ud</strong></span> 
     </span>
     <span class='ocr_line' id='line_1_4' title="bbox 177 833 1358 924; baseline -0.002 -22"><span class='ocrx_word' id='word_1_28' title='bbox 177 842 404 922; x_wconf 74' lang='lat' dir='ltr'><strong>otetmospoom</strong></span> <span class='ocrx_word' id='word_1_29' title='bbox 432 840 554 903; x_wconf 81' lang='lat' dir='ltr'><strong>sedens.</strong></span> <span class='ocrx_word' id='word_1_30' title='bbox 585 837 701 904; x_wconf 87' lang='lat' dir='ltr'>Sensus</span> <span class='ocrx_word' id='word_1_31' title='bbox 729 846 774 903; x_wconf 90' lang='lat' dir='ltr'><strong>est</strong></span> <span class='ocrx_word' id='word_1_32' title='bbox 805 861 813 902; x_wconf 73' lang='grc' dir='ltr'><strong><em>ε</em></strong></span> <span class='ocrx_word' id='word_1_33' title='bbox 843 835 897 924; x_wconf 88' lang='lat' dir='ltr'><strong>qui</strong></span> <span class='ocrx_word' id='word_1_34' title='bbox 924 834 968 900; x_wconf 92' lang='lat' dir='ltr'><strong>ibi</strong></span> <span class='ocrx_word' id='word_1_35' title='bbox 996 833 1125 900; x_wconf 87' lang='lat' dir='ltr'><strong>aderant</strong></span> <span class='ocrx_word' id='word_1_36' title='bbox 1150 833 1358 922; x_wconf 74' lang='lat' dir='ltr'><strong>agnoscebant</strong></span> 
     </span>
     <span class='ocr_line' id='line_1_5' title="bbox 178 955 1357 1050; baseline -0.007 -20"><span class='ocrx_word' id='word_1_37' title='bbox 178 983 305 1042; x_wconf 89' lang='lat' dir='ltr'><strong>omnes,</strong></span> <span class='ocrx_word' id='word_1_38' title='bbox 325 983 397 1030; x_wconf 93' lang='lat' dir='ltr'><strong>eum</strong></span> <span class='ocrx_word' id='word_1_39' title='bbox 413 982 482 1028; x_wconf 92' lang='lat' dir='ltr'><strong>esse</strong></span> <span class='ocrx_word' id='word_1_40' title='bbox 505 961 663 1028; x_wconf 91' lang='lat' dir='ltr'><strong>hominem</strong></span> <span class='ocrx_word' id='word_1_41' title='bbox 680 961 788 1041; x_wconf 89' lang='lat' dir='ltr'><strong>illum,</strong></span> <span class='ocrx_word' id='word_1_42' title='bbox 803 960 857 1050; x_wconf 88' lang='lat' dir='ltr'><strong>qui</strong></span> <span class='ocrx_word' id='word_1_43' title='bbox 882 959 972 1048; x_wconf 90' lang='lat' dir='ltr'><strong>stipis</strong></span> <span class='ocrx_word' id='word_1_44' title='bbox 988 977 1080 1025; x_wconf 89' lang='lat' dir='ltr'><strong>causa</strong></span> <span class='ocrx_word' id='word_1_45' title='bbox 1099 958 1183 1048; x_wconf 82' lang='grc' dir='ltr'><strong>(προς</strong></span> <span class='ocrx_word' id='word_1_46' title='bbox 1207 982 1259 1031; x_wconf 77' lang='grc' dir='ltr'><strong>την</strong></span> <span class='ocrx_word' id='word_1_47' title='bbox 1276 955 1357 1032; x_wconf 71' lang='lat' dir='ltr'><strong>sicu-</strong></span> 
     </span>
     <span class='ocr_line' id='line_1_6' title="bbox 179 1081 1355 1176; baseline 0 -27"><span class='ocrx_word' id='word_1_48' title='bbox 179 1109 330 1172; x_wconf 80' lang='grc' dir='ltr'><strong>μοσυνην,</strong></span> <span class='ocrx_word' id='word_1_49' title='bbox 348 1108 399 1151; x_wconf 88' lang='lat' dir='ltr'><strong>om</strong></span> <span class='ocrx_word' id='word_1_50' title='bbox 422 1088 460 1150; x_wconf 86' lang='lat' dir='ltr'><strong>do</strong></span> <span class='ocrx_word' id='word_1_51' title='bbox 480 1088 630 1176; x_wconf 83' lang='lat' dir='ltr'><strong>ootmoes)</strong></span> <span class='ocrx_word' id='word_1_52' title='bbox 647 1084 685 1151; x_wconf 90' lang='lat' dir='ltr'><strong>ad</strong></span> <span class='ocrx_word' id='word_1_53' title='bbox 704 1094 825 1173; x_wconf 87' lang='lat' dir='ltr'><strong>portam</strong></span> <span class='ocrx_word' id='word_1_54' title='bbox 850 1083 1024 1172; x_wconf 83' lang='lat' dir='ltr'><strong>speciosam</strong></span> <span class='ocrx_word' id='word_1_55' title='bbox 1050 1081 1189 1170; x_wconf 80' lang='lat' dir='ltr'><strong>quotidie</strong></span> <span class='ocrx_word' id='word_1_56' title='bbox 1212 1081 1355 1162; x_wconf 88' lang='lat' dir='ltr'><strong>sedehat;</strong></span> 
     </span>
     <span class='ocr_line' id='line_1_7' title="bbox 178 1205 1357 1299; baseline -0.004 -23"><span class='ocrx_word' id='word_1_57' title='bbox 178 1211 281 1299; x_wconf 92' lang='lat' dir='ltr'><strong>itaque</strong></span> <span class='ocrx_word' id='word_1_58' title='bbox 308 1210 442 1277; x_wconf 88' lang='lat' dir='ltr'><strong>maxima</strong></span> <span class='ocrx_word' id='word_1_59' title='bbox 468 1209 670 1277; x_wconf 78' lang='lat' dir='ltr'><strong>admiratione</strong></span> <span class='ocrx_word' id='word_1_60' title='bbox 694 1216 837 1298; x_wconf 85' lang='lat' dir='ltr'><strong>(stupore</strong></span> <span class='ocrx_word' id='word_1_61' title='bbox 863 1219 891 1273; x_wconf 84' lang='lat' dir='ltr'><strong>et</strong></span> <span class='ocrx_word' id='word_1_62' title='bbox 919 1205 1050 1288; x_wconf 75' lang='lat' dir='ltr'><strong>exstasi)</strong></span> <span class='ocrx_word' id='word_1_63' title='bbox 1073 1205 1209 1295; x_wconf 89' lang='lat' dir='ltr'><strong>perculsi</strong></span> <span class='ocrx_word' id='word_1_64' title='bbox 1234 1217 1306 1274; x_wconf 92' lang='lat' dir='ltr'><strong>sunt</strong></span> <span class='ocrx_word' id='word_1_65' title='bbox 1321 1208 1357 1273; x_wconf 83' lang='lat' dir='ltr'><strong>ob</strong></span> 
     </span>
     <span class='ocr_line' id='line_1_8' title="bbox 180 1329 777 1420; baseline 0 -22"><span class='ocrx_word' id='word_1_66' title='bbox 180 1336 215 1398; x_wconf 84' lang='lat' dir='ltr'><strong>id</strong></span> <span class='ocrx_word' id='word_1_67' title='bbox 237 1333 296 1412; x_wconf 81' lang='grc' dir='ltr'>(επι</span> <span class='ocrx_word' id='word_1_68' title='bbox 320 1329 390 1420; x_wconf 77' lang='grc' dir='ltr'>τῳ),</span> <span class='ocrx_word' id='word_1_69' title='bbox 417 1331 508 1420; x_wconf 88' lang='lat' dir='ltr'><strong>quod</strong></span> <span class='ocrx_word' id='word_1_70' title='bbox 526 1332 570 1398; x_wconf 89' lang='lat' dir='ltr'><strong>illi</strong></span> <span class='ocrx_word' id='word_1_71' title='bbox 596 1332 777 1419; x_wconf 75' lang='lat' dir='ltr'><strong>contigerat.</strong></span> 
     </span>
    </p>
   </div>
   <div class='ocr_carea' id='block_1_3' title="bbox 225 1567 1361 1662">
    <p class='ocr_par' dir='ltr' id='par_1_3' title="bbox 225 1567 1361 1662">
     <span class='ocr_line' id='line_1_9' title="bbox 225 1567 1361 1662; baseline -0.001 -24"><span class='ocrx_word' id='word_1_72' title='bbox 225 1574 280 1638; x_wconf 90' lang='lat' dir='ltr'><strong>tt.</strong></span> <span class='ocrx_word' id='word_1_73' title='bbox 308 1571 389 1636; x_wconf 84' lang='lat' dir='ltr'><strong>Cum</strong></span> <span class='ocrx_word' id='word_1_74' title='bbox 413 1579 557 1662; x_wconf 81' lang='lat' dir='ltr'><strong>terreret).</strong></span> <span class='ocrx_word' id='word_1_75' title='bbox 582 1570 702 1639; x_wconf 86' lang='lat' dir='ltr'><strong>Graeca</strong></span> <span class='ocrx_word' id='word_1_76' title='bbox 722 1567 836 1637; x_wconf 84' lang='lat' dir='ltr'><strong>habeut</strong></span> <span class='ocrx_word' id='word_1_77' title='bbox 851 1590 858 1632; x_wconf 92' lang='lat'>:</span> <span class='ocrx_word' id='word_1_78' title='bbox 874 1589 970 1653; x_wconf 79' lang='lat' dir='ltr'><strong>potem</strong></span> <span class='ocrx_word' id='word_1_79' title='bbox 992 1579 1108 1635; x_wconf 82' lang='lat' dir='ltr'><strong>terreret</strong></span> <span class='ocrx_word' id='word_1_80' title='bbox 1130 1580 1237 1635; x_wconf 84' lang='lat' dir='ltr'><strong>notem</strong></span> <span class='ocrx_word' id='word_1_81' title='bbox 1260 1573 1361 1656; x_wconf 80' lang='lat' dir='ltr'><strong>isqui</strong></span> 
     </span>
    </p>
   </div>
   <div class='ocr_carea' id='block_1_4' title="bbox 179 1694 1361 2526">
    <p class='ocr_par' dir='ltr' id='par_1_4' title="bbox 179 1694 1361 2526">
     <span class='ocr_line' id='line_1_10' title="bbox 179 1694 1358 1784; baseline 0.003 -26"><span class='ocrx_word' id='word_1_82' title='bbox 179 1706 309 1760; x_wconf 77' lang='lat' dir='ltr'><strong>suiectus</strong></span> <span class='ocrx_word' id='word_1_83' title='bbox 323 1698 431 1778; x_wconf 74' lang='lat' dir='ltr'><strong>fueret</strong></span> <span class='ocrx_word' id='word_1_84' title='bbox 447 1696 577 1784; x_wconf 72' lang='lat' dir='ltr'><strong>claudos</strong></span> <span class='ocrx_word' id='word_1_85' title='bbox 592 1695 728 1758; x_wconf 83' lang='lat' dir='ltr'><strong>Petrum</strong></span> <span class='ocrx_word' id='word_1_86' title='bbox 743 1705 773 1759; x_wconf 88' lang='lat' dir='ltr'><strong>et</strong></span> <span class='ocrx_word' id='word_1_87' title='bbox 784 1694 951 1759; x_wconf 82' lang='lat' dir='ltr'><strong>Ioannem.</strong></span> <span class='ocrx_word' id='word_1_88' title='bbox 970 1695 1075 1779; x_wconf 82' lang='lat' dir='ltr'><strong>Quum</strong></span> <span class='ocrx_word' id='word_1_89' title='bbox 1095 1696 1206 1760; x_wconf 88' lang='lat' dir='ltr'><strong>Petrus</strong></span> <span class='ocrx_word' id='word_1_90' title='bbox 1222 1703 1253 1761; x_wconf 88' lang='lat' dir='ltr'><strong>et</strong></span> <span class='ocrx_word' id='word_1_91' title='bbox 1268 1696 1358 1762; x_wconf 88' lang='lat' dir='ltr'><strong>Ioan-</strong></span> 
     </span>
     <span class='ocr_line' id='line_1_11' title="bbox 181 1816 1356 1911; baseline 0.003 -27"><span class='ocrx_word' id='word_1_92' title='bbox 181 1839 237 1886; x_wconf 89' lang='lat' dir='ltr'><strong>nes</strong></span> <span class='ocrx_word' id='word_1_93' title='bbox 253 1839 270 1885; x_wconf 95' lang='lat' dir='ltr'><strong>e</strong></span> <span class='ocrx_word' id='word_1_94' title='bbox 289 1817 403 1907; x_wconf 88' lang='lat' dir='ltr'><strong>templo</strong></span> <span class='ocrx_word' id='word_1_95' title='bbox 428 1818 582 1905; x_wconf 76' lang='lat' dir='ltr'><strong>egressuri</strong></span> <span class='ocrx_word' id='word_1_96' title='bbox 600 1829 719 1898; x_wconf 87' lang='lat' dir='ltr'><strong>essent,</strong></span> <span class='ocrx_word' id='word_1_97' title='bbox 738 1816 867 1885; x_wconf 86' lang='lat' dir='ltr'><strong>claudus</strong></span> <span class='ocrx_word' id='word_1_98' title='bbox 886 1817 938 1884; x_wconf 88' lang='lat' dir='ltr'><strong>iIIe</strong></span> <span class='ocrx_word' id='word_1_99' title='bbox 954 1817 1049 1906; x_wconf 89' lang='lat' dir='ltr'><strong>pedes</strong></span> <span class='ocrx_word' id='word_1_100' title='bbox 1064 1817 1208 1899; x_wconf 90' lang='lat' dir='ltr'><strong>illorum,</strong></span> <span class='ocrx_word' id='word_1_101' title='bbox 1231 1821 1356 1911; x_wconf 80' lang='lat' dir='ltr'><strong>opinor,</strong></span> 
     </span>
     <span class='ocr_line' id='line_1_12' title="bbox 184 1935 1359 2033; baseline 0.006 -28"><span class='ocrx_word' id='word_1_102' title='bbox 184 1937 417 2006; x_wconf 87' lang='lat' dir='ltr'><strong>venerabundus</strong></span> <span class='ocrx_word' id='word_1_103' title='bbox 442 1936 642 2027; x_wconf 86' lang='lat' dir='ltr'><strong>prehenderit</strong></span> <span class='ocrx_word' id='word_1_104' title='bbox 657 1935 711 2018; x_wconf 90' lang='lat' dir='ltr'><strong>(cI.</strong></span> <span class='ocrx_word' id='word_1_105' title='bbox 738 1938 848 2006; x_wconf 85' lang='lat' dir='ltr'><strong>Matth.</strong></span> <span class='ocrx_word' id='word_1_106' title='bbox 875 1940 1045 2008; x_wconf 90' lang='lat' dir='ltr'>XXVIII:</span> <span class='ocrx_word' id='word_1_107' title='bbox 1066 1939 1110 2021; x_wconf 82' lang='lat'><strong>9),</strong></span> <span class='ocrx_word' id='word_1_108' title='bbox 1137 1962 1275 2033; x_wconf 86' lang='lat' dir='ltr'><strong>voceque</strong></span> <span class='ocrx_word' id='word_1_109' title='bbox 1297 1944 1359 2012; x_wconf 50' lang='lat' dir='ltr'><strong>elau</strong></span> 
     </span>
     <span class='ocr_line' id='line_1_13' title="bbox 183 2062 1361 2151; baseline 0.007 -23"><span class='ocrx_word' id='word_1_110' title='bbox 183 2063 253 2130; x_wconf 91' lang='lat' dir='ltr'><strong>tiori</strong></span> <span class='ocrx_word' id='word_1_111' title='bbox 273 2062 508 2150; x_wconf 88' lang='lat' dir='ltr'><strong>significaverit,</strong></span> <span class='ocrx_word' id='word_1_112' title='bbox 535 2083 591 2151; x_wconf 92' lang='lat' dir='ltr'><strong>per</strong></span> <span class='ocrx_word' id='word_1_113' title='bbox 615 2062 673 2129; x_wconf 93' lang='lat' dir='ltr'><strong>hos</strong></span> <span class='ocrx_word' id='word_1_114' title='bbox 696 2063 780 2129; x_wconf 84' lang='lat' dir='ltr'><strong>uiros</strong></span> <span class='ocrx_word' id='word_1_115' title='bbox 805 2062 864 2130; x_wconf 87' lang='lat' dir='ltr'><strong>sihi</strong></span> <span class='ocrx_word' id='word_1_116' title='bbox 889 2065 1055 2151; x_wconf 87' lang='lat' dir='ltr'><strong>contigisse</strong></span> <span class='ocrx_word' id='word_1_117' title='bbox 1078 2066 1251 2135; x_wconf 88' lang='lat' dir='ltr'><strong>sanitatem.</strong></span> <span class='ocrx_word' id='word_1_118' title='bbox 1279 2070 1361 2137; x_wconf 89' lang='lat' dir='ltr'><strong>Hinc</strong></span> 
     </span>
     <span class='ocr_line' id='line_1_14' title="bbox 183 2187 1358 2281; baseline 0.003 -28"><span class='ocrx_word' id='word_1_119' title='bbox 183 2187 289 2275; x_wconf 91' lang='lat' dir='ltr'><strong>populi</strong></span> <span class='ocrx_word' id='word_1_120' title='bbox 316 2187 355 2254; x_wconf 89' lang='lat' dir='ltr'><strong>ad</strong></span> <span class='ocrx_word' id='word_1_121' title='bbox 382 2207 435 2254; x_wconf 91' lang='lat' dir='ltr'><strong>eos</strong></span> <span class='ocrx_word' id='word_1_122' title='bbox 464 2187 497 2253; x_wconf 84' lang='lat' dir='ltr'><strong>tu</strong></span> <span class='ocrx_word' id='word_1_123' title='bbox 521 2206 693 2253; x_wconf 89' lang='lat' dir='ltr'><strong>concursus</strong></span> <span class='ocrx_word' id='word_1_124' title='bbox 716 2189 758 2252; x_wconf 90' lang='lat' dir='ltr'><strong>od</strong></span> <span class='ocrx_word' id='word_1_125' title='bbox 782 2191 957 2272; x_wconf 83' lang='lat' dir='ltr'><strong>porticum,</strong></span> <span class='ocrx_word' id='word_1_126' title='bbox 984 2189 1105 2256; x_wconf 87' lang='lat' dir='ltr'><strong>Graece</strong></span> <span class='ocrx_word' id='word_1_127' title='bbox 1127 2213 1174 2254; x_wconf 86' lang='grc' dir='ltr'><strong>επι</strong></span> <span class='ocrx_word' id='word_1_128' title='bbox 1198 2216 1235 2281; x_wconf 71' lang='grc' dir='ltr'><strong>τῃ</strong></span> <span class='ocrx_word' id='word_1_129' title='bbox 1263 2217 1358 2278; x_wconf 66' lang='lat' dir='ltr'><strong>orco,</strong></span> 
     </span>
     <span class='ocr_line' id='line_1_15' title="bbox 181 2310 1359 2400; baseline 0.008 -26"><span class='ocrx_word' id='word_1_130' title='bbox 181 2311 223 2392; x_wconf 75' lang='lat' dir='ltr'><strong>dp·</strong></span> <span class='ocrx_word' id='word_1_131' title='bbox 236 2314 273 2375; x_wconf 88' lang='lat' dir='ltr'><strong>de</strong></span> <span class='ocrx_word' id='word_1_132' title='bbox 288 2313 464 2394; x_wconf 70' lang='lat' dir='ltr'><strong>poooderp&#39;.</strong></span> <span class='ocrx_word' id='word_1_133' title='bbox 483 2310 627 2377; x_wconf 91' lang='lat' dir='ltr'><strong>Porticus</strong></span> <span class='ocrx_word' id='word_1_134' title='bbox 651 2310 825 2378; x_wconf 83' lang='lat' dir='ltr'><strong>Satomonis</strong></span> <span class='ocrx_word' id='word_1_135' title='bbox 850 2322 915 2378; x_wconf 88' lang='lat' dir='ltr'><strong>erat</strong></span> <span class='ocrx_word' id='word_1_136' title='bbox 938 2313 1076 2400; x_wconf 90' lang='lat' dir='ltr'><strong>porticus</strong></span> <span class='ocrx_word' id='word_1_137' title='bbox 1104 2315 1262 2382; x_wconf 82' lang='lat' dir='ltr'><strong>orientalis</strong></span> <span class='ocrx_word' id='word_1_138' title='bbox 1289 2318 1359 2383; x_wconf 91' lang='lat' dir='ltr'><strong>atrii</strong></span> 
     </span>
     <span class='ocr_line' id='line_1_16' title="bbox 181 2431 1359 2526; baseline 0.009 -30"><span class='ocrx_word' id='word_1_139' title='bbox 181 2433 327 2518; x_wconf 88' lang='lat' dir='ltr'><strong>gentium.</strong></span> <span class='ocrx_word' id='word_1_140' title='bbox 344 2431 426 2502; x_wconf 89' lang='lat' dir='ltr'><strong>Vide</strong></span> <span class='ocrx_word' id='word_1_141' title='bbox 441 2431 588 2498; x_wconf 83' lang='lat' dir='ltr'><strong>Ackerm.</strong></span> <span class='ocrx_word' id='word_1_142' title='bbox 608 2431 774 2499; x_wconf 82' lang='lat' dir='ltr'><strong>Archaeol.</strong></span> <span class='ocrx_word' id='word_1_143' title='bbox 793 2433 812 2520; x_wconf 71' lang='lat' dir='ltr'>S</span> <span class='ocrx_word' id='word_1_144' title='bbox 828 2435 905 2502; x_wconf 89' lang='grc'><strong>550.</strong></span> <span class='ocrx_word' id='word_1_145' title='bbox 931 2434 1004 2501; x_wconf 83' lang='lat' dir='ltr'><strong>Vox</strong></span> <span class='ocrx_word' id='word_1_146' title='bbox 1023 2433 1170 2522; x_wconf 75' lang='grc' dir='ltr'>εκθαμβοι</span> <span class='ocrx_word' id='word_1_147' title='bbox 1192 2438 1305 2526; x_wconf 92' lang='lat' dir='ltr'><strong>pendet</strong></span> <span class='ocrx_word' id='word_1_148' title='bbox 1320 2438 1359 2506; x_wconf 86' lang='lat' dir='ltr'><strong>ah</strong></span> 
     </span>
    </p>
   </div>
   <div class='ocr_carea' id='block_1_5' title="bbox 181 2554 1359 2781">
    <p class='ocr_par' dir='ltr' id='par_1_5' title="bbox 181 2554 1359 2781">
     <span class='ocr_line' id='line_1_17' title="bbox 181 2554 1359 2649; baseline 0.007 -27"><span class='ocrx_word' id='word_1_149' title='bbox 181 2569 356 2644; x_wconf 88' lang='lat' dir='ltr'><strong>antegressa</strong></span> <span class='ocrx_word' id='word_1_150' title='bbox 379 2563 394 2621; x_wconf 84' lang='grc' dir='ltr'><em>ὁ</em></span> <span class='ocrx_word' id='word_1_151' title='bbox 416 2554 507 2633; x_wconf 54' lang='lat' dir='ltr'><strong>Iona,</strong></span> <span class='ocrx_word' id='word_1_152' title='bbox 531 2557 584 2644; x_wconf 87' lang='lat' dir='ltr'><strong>qui</strong></span> <span class='ocrx_word' id='word_1_153' title='bbox 601 2556 773 2644; x_wconf 86' lang='lat' dir='ltr'><strong>Singularis</strong></span> <span class='ocrx_word' id='word_1_154' title='bbox 789 2559 976 2625; x_wconf 86' lang='lat' dir='ltr'><strong>Collectiuus</strong></span> <span class='ocrx_word' id='word_1_155' title='bbox 993 2569 1055 2641; x_wconf 93' lang='lat' dir='ltr'><strong>est,</strong></span> <span class='ocrx_word' id='word_1_156' title='bbox 1081 2581 1177 2649; x_wconf 88' lang='lat' dir='ltr'><strong>quare</strong></span> <span class='ocrx_word' id='word_1_157' title='bbox 1193 2562 1225 2627; x_wconf 94' lang='lat' dir='ltr'><strong>in</strong></span> <span class='ocrx_word' id='word_1_158' title='bbox 1242 2563 1359 2632; x_wconf 88' lang='lat' dir='ltr'><strong>PluraIi</strong></span> 
     </span>
     <span class='ocr_line' id='line_1_18' title="bbox 182 2678 1267 2781; baseline 0.01 -38"><span class='ocrx_word' id='word_1_159' title='bbox 182 2678 324 2781; x_wconf 69' lang='grc' dir='ltr'>εκθαμβρι</span> <span class='ocrx_word' id='word_1_160' title='bbox 349 2692 396 2747; x_wconf 90' lang='lat' dir='ltr'><strong>est</strong></span> <span class='ocrx_word' id='word_1_161' title='bbox 419 2680 609 2748; x_wconf 88' lang='lat' dir='ltr'><strong>constructio</strong></span> <span class='ocrx_word' id='word_1_162' title='bbox 633 2683 674 2748; x_wconf 89' lang='lat' dir='ltr'><strong>od</strong></span> <span class='ocrx_word' id='word_1_163' title='bbox 697 2703 834 2749; x_wconf 82' lang='lat' dir='ltr'><strong>sensnm.</strong></span> <span class='ocrx_word' id='word_1_164' title='bbox 861 2682 937 2751; x_wconf 91' lang='lat' dir='ltr'><strong>Vid.</strong></span> <span class='ocrx_word' id='word_1_165' title='bbox 964 2685 1019 2750; x_wconf 86' lang='lat' dir='ltr'><strong>Gr.</strong></span> <span class='ocrx_word' id='word_1_166' title='bbox 1047 2683 1065 2772; x_wconf 72' lang='lat' dir='ltr'>S</span> <span class='ocrx_word' id='word_1_167' title='bbox 1089 2687 1145 2753; x_wconf 79' lang='grc'><strong>55.</strong></span> <span class='ocrx_word' id='word_1_168' title='bbox 1175 2687 1205 2753; x_wconf 92' lang='lat' dir='ltr'><strong>t.</strong></span> <span class='ocrx_word' id='word_1_169' title='bbox 1234 2683 1267 2772; x_wconf 84' lang='grc' dir='ltr'><strong>β.</strong></span> 
     </span>
    </p>
   </div>
   <div class='ocr_carea' id='block_1_6' title="bbox 181 2916 1364 3889">
    <p class='ocr_par' dir='ltr' id='par_1_6' title="bbox 181 2916 1364 3631">
     <span class='ocr_line' id='line_1_19' title="bbox 228 2916 1359 3011; baseline 0.007 -26"><span class='ocrx_word' id='word_1_170' title='bbox 228 2921 280 2986; x_wconf 77' lang='lat' dir='ltr'><strong>tt.</strong></span> <span class='ocrx_word' id='word_1_171' title='bbox 314 2917 449 3001; x_wconf 80' lang='lat' dir='ltr'><strong>Videres).</strong></span> <span class='ocrx_word' id='word_1_172' title='bbox 478 2916 553 2983; x_wconf 81' lang='lat' dir='ltr'><strong>Idov</strong></span> <span class='ocrx_word' id='word_1_173' title='bbox 577 2919 693 3011; x_wconf 77' lang='lat' dir='ltr'><strong>(dom).</strong></span> <span class='ocrx_word' id='word_1_174' title='bbox 721 2924 826 3001; x_wconf 84' lang='lat' dir='ltr'><strong>Quom</strong></span> <span class='ocrx_word' id='word_1_175' title='bbox 854 2934 960 2989; x_wconf 85' lang='lat' dir='ltr'><strong>nutem</strong></span> <span class='ocrx_word' id='word_1_176' title='bbox 988 2926 1109 2989; x_wconf 86' lang='lat' dir='ltr'><strong>videret</strong></span> <span class='ocrx_word' id='word_1_177' title='bbox 1134 2925 1247 2991; x_wconf 91' lang='lat' dir='ltr'><strong>Petrus</strong></span> <span class='ocrx_word' id='word_1_178' title='bbox 1276 2923 1359 2993; x_wconf 86' lang='lat' dir='ltr'><strong>hunc</strong></span> 
     </span>
     <span class='ocr_line' id='line_1_20' title="bbox 182 3042 1362 3137; baseline 0.008 -30"><span class='ocrx_word' id='word_1_179' title='bbox 182 3042 287 3130; x_wconf 90' lang='lat' dir='ltr'><strong>populi</strong></span> <span class='ocrx_word' id='word_1_180' title='bbox 313 3062 521 3124; x_wconf 90' lang='lat' dir='ltr'><strong>concursum,</strong></span> <span class='ocrx_word' id='word_1_181' title='bbox 548 3047 637 3113; x_wconf 90' lang='lat' dir='ltr'><strong>euius</strong></span> <span class='ocrx_word' id='word_1_182' title='bbox 665 3067 789 3115; x_wconf 89' lang='lat' dir='ltr'><strong>causam</strong></span> <span class='ocrx_word' id='word_1_183' title='bbox 814 3046 904 3114; x_wconf 83' lang='lat' dir='ltr'><strong>facile</strong></span> <span class='ocrx_word' id='word_1_184' title='bbox 932 3049 1145 3137; x_wconf 88' lang='lat' dir='ltr'><strong>perspexerit,</strong></span> <span class='ocrx_word' id='word_1_185' title='bbox 1171 3049 1218 3115; x_wconf 91' lang='lat' dir='ltr'><strong>sic</strong></span> <span class='ocrx_word' id='word_1_186' title='bbox 1245 3049 1284 3117; x_wconf 91' lang='lat' dir='ltr'><strong>ad</strong></span> <span class='ocrx_word' id='word_1_187' title='bbox 1308 3070 1362 3117; x_wconf 90' lang='lat' dir='ltr'><strong>eos</strong></span> 
     </span>
     <span class='ocr_line' id='line_1_21' title="bbox 181 3164 1364 3263; baseline 0.008 -32"><span class='ocrx_word' id='word_1_188' title='bbox 181 3164 285 3234; x_wconf 91' lang='lat' dir='ltr'><strong>dicere</strong></span> <span class='ocrx_word' id='word_1_189' title='bbox 308 3179 355 3235; x_wconf 93' lang='lat' dir='ltr'><strong>est</strong></span> <span class='ocrx_word' id='word_1_190' title='bbox 379 3188 509 3236; x_wconf 87' lang='lat' dir='ltr'><strong>exorsus</strong></span> <span class='ocrx_word' id='word_1_191' title='bbox 529 3195 537 3237; x_wconf 74' lang='grc' dir='ltr'>ι</span> <span class='ocrx_word' id='word_1_192' title='bbox 558 3172 650 3254; x_wconf 79' lang='lat' dir='ltr'><strong>Viri,</strong></span> <span class='ocrx_word' id='word_1_193' title='bbox 679 3181 739 3239; x_wconf 89' lang='lat' dir='ltr'><strong>etc.</strong></span> <span class='ocrx_word' id='word_1_194' title='bbox 766 3173 838 3240; x_wconf 86' lang='lat' dir='ltr'><strong>Vox</strong></span> <span class='ocrx_word' id='word_1_195' title='bbox 860 3195 1041 3263; x_wconf 74' lang='grc' dir='ltr'>απεκρινατο</span> <span class='ocrx_word' id='word_1_196' title='bbox 1059 3173 1090 3239; x_wconf 93' lang='lat' dir='ltr'><strong>in</strong></span> <span class='ocrx_word' id='word_1_197' title='bbox 1114 3173 1291 3242; x_wconf 86' lang='lat' dir='ltr'><strong>Graecitate</strong></span> <span class='ocrx_word' id='word_1_198' title='bbox 1313 3193 1364 3240; x_wconf 91' lang='lat' dir='ltr'><strong>ve-</strong></span> 
     </span>
     <span class='ocr_line' id='line_1_22' title="bbox 183 3289 1364 3384; baseline 0.008 -29"><span class='ocrx_word' id='word_1_199' title='bbox 183 3289 256 3356; x_wconf 90' lang='lat' dir='ltr'><strong>teris</strong></span> <span class='ocrx_word' id='word_1_200' title='bbox 273 3302 303 3357; x_wconf 92' lang='lat' dir='ltr'><strong>et</strong></span> <span class='ocrx_word' id='word_1_201' title='bbox 320 3291 392 3358; x_wconf 86' lang='lat' dir='ltr'><strong>novi</strong></span> <span class='ocrx_word' id='word_1_202' title='bbox 409 3292 597 3360; x_wconf 83' lang='lat' dir='ltr'><strong>Testamenti</strong></span> <span class='ocrx_word' id='word_1_203' title='bbox 618 3295 834 3384; x_wconf 68' lang='lat' dir='ltr'><strong>passim&#39;uotot</strong></span> <span class='ocrx_word' id='word_1_204' title='bbox 850 3316 910 3362; x_wconf 90' lang='lat' dir='ltr'><strong>non</strong></span> <span class='ocrx_word' id='word_1_205' title='bbox 928 3307 1045 3363; x_wconf 87' lang='lat' dir='ltr'><strong>tantum</strong></span> <span class='ocrx_word' id='word_1_206' title='bbox 1062 3300 1226 3382; x_wconf 75' lang='lat' dir='ltr'><strong>respondit</strong></span> <span class='ocrx_word' id='word_1_207' title='bbox 1247 3301 1288 3364; x_wconf 89' lang='lat' dir='ltr'><strong>ad</strong></span> <span class='ocrx_word' id='word_1_208' title='bbox 1313 3301 1364 3364; x_wconf 81' lang='lat' dir='ltr'><strong>io-</strong></span> 
     </span>
     <span class='ocr_line' id='line_1_23' title="bbox 182 3418 1360 3509; baseline 0.011 -31"><span class='ocrx_word' id='word_1_209' title='bbox 182 3425 357 3499; x_wconf 80' lang='lat' dir='ltr'><strong>terropoto,</strong></span> <span class='ocrx_word' id='word_1_210' title='bbox 377 3435 485 3482; x_wconf 91' lang='lat' dir='ltr'><strong>verum</strong></span> <span class='ocrx_word' id='word_1_211' title='bbox 502 3418 610 3497; x_wconf 90' lang='lat' dir='ltr'><strong>etiam,</strong></span> <span class='ocrx_word' id='word_1_212' title='bbox 630 3418 699 3485; x_wconf 88' lang='lat' dir='ltr'><strong>data</strong></span> <span class='ocrx_word' id='word_1_213' title='bbox 714 3418 818 3507; x_wconf 90' lang='lat' dir='ltr'><strong>aliqua</strong></span> <span class='ocrx_word' id='word_1_214' title='bbox 834 3421 997 3488; x_wconf 86' lang='lat' dir='ltr'><strong>occasione</strong></span> <span class='ocrx_word' id='word_1_215' title='bbox 1014 3423 1106 3487; x_wconf 85' lang='lat' dir='ltr'><strong>verbo</strong></span> <span class='ocrx_word' id='word_1_216' title='bbox 1127 3426 1231 3508; x_wconf 80' lang='lat' dir='ltr'><strong>socero</strong></span> <span class='ocrx_word' id='word_1_217' title='bbox 1247 3428 1360 3509; x_wconf 80' lang='lat' dir='ltr'><strong>coepit,</strong></span> 
     </span>
     <span class='ocr_line' id='line_1_24' title="bbox 181 3543 1278 3631; baseline 0.01 -29"><span class='ocrx_word' id='word_1_218' title='bbox 181 3560 309 3609; x_wconf 79' lang='lat' dir='ltr'><strong>exorsos</strong></span> <span class='ocrx_word' id='word_1_219' title='bbox 332 3552 378 3607; x_wconf 85' lang='lat' dir='ltr'><strong>est</strong></span> <span class='ocrx_word' id='word_1_220' title='bbox 400 3543 524 3625; x_wconf 84' lang='lat' dir='ltr'><strong>dicere,</strong></span> <span class='ocrx_word' id='word_1_221' title='bbox 548 3553 582 3609; x_wconf 85' lang='lat' dir='ltr'><strong>ut</strong></span> <span class='ocrx_word' id='word_1_222' title='bbox 605 3544 795 3611; x_wconf 90' lang='lat' dir='ltr'><strong>Nostratium</strong></span> <span class='ocrx_word' id='word_1_223' title='bbox 823 3570 830 3612; x_wconf 76' lang='grc' dir='ltr'><strong>ε</strong></span> <span class='ocrx_word' id='word_1_224' title='bbox 856 3547 899 3631; x_wconf 78' lang='lat' dir='ltr'><strong>hp</strong></span> <span class='ocrx_word' id='word_1_225' title='bbox 922 3567 997 3611; x_wconf 82' lang='lat' dir='ltr'><strong>nom</strong></span> <span class='ocrx_word' id='word_1_226' title='bbox 1020 3549 1072 3612; x_wconf 82' lang='lat' dir='ltr'><strong>Iret</strong></span> <span class='ocrx_word' id='word_1_227' title='bbox 1095 3548 1204 3611; x_wconf 87' lang='lat' dir='ltr'><strong>woord</strong></span> <span class='ocrx_word' id='word_1_228' title='bbox 1227 3568 1278 3631; x_wconf 91' lang='lat' dir='ltr'><strong>op.</strong></span> 
     </span>
    </p>

    <p class='ocr_par' dir='ltr' id='par_1_7' title="bbox 183 3664 1364 3889">
     <span class='ocr_line' id='line_1_25' title="bbox 228 3664 1362 3763; baseline 0.008 -33"><span class='ocrx_word' id='word_1_229' title='bbox 228 3664 311 3763; x_wconf 29' lang='lat' dir='ltr'><strong>thu&#39;d</strong></span> <span class='ocrx_word' id='word_1_230' title='bbox 332 3669 512 3751; x_wconf 76' lang='lat' dir='ltr'><strong>orirurm&#39;rti,</strong></span> <span class='ocrx_word' id='word_1_231' title='bbox 531 3671 623 3753; x_wconf 82' lang='lat' dir='ltr'><strong>quasi</strong></span> <span class='ocrx_word' id='word_1_232' title='bbox 645 3679 754 3734; x_wconf 81' lang='lat' dir='ltr'><strong>nostro</strong></span> <span class='ocrx_word' id='word_1_233' title='bbox 775 3672 891 3736; x_wconf 81' lang='lat' dir='ltr'><strong>virtute</strong></span> <span class='ocrx_word' id='word_1_234' title='bbox 911 3682 969 3736; x_wconf 83' lang='lat' dir='ltr'><strong>aut</strong></span> <span class='ocrx_word' id='word_1_235' title='bbox 988 3675 1167 3753; x_wconf 84' lang='lat' dir='ltr'><strong>potestate¹,</strong></span> <span class='ocrx_word' id='word_1_236' title='bbox 1186 3668 1273 3750; x_wconf 73' lang='lat' dir='ltr'><strong>cet).</strong></span> <span class='ocrx_word' id='word_1_237' title='bbox 1292 3672 1362 3739; x_wconf 89' lang='lat' dir='ltr'><strong>Non</strong></span> 
     </span>
     <span class='ocr_line' id='line_1_26' title="bbox 183 3790 1364 3889; baseline 0.008 -35"><span class='ocrx_word' id='word_1_238' title='bbox 183 3790 282 3856; x_wconf 84' lang='lat' dir='ltr'><strong>serunt</strong></span> <span class='ocrx_word' id='word_1_239' title='bbox 296 3791 458 3879; x_wconf 79' lang='lat' dir='ltr'><strong>Apostoli,</strong></span> <span class='ocrx_word' id='word_1_240' title='bbox 478 3812 512 3858; x_wconf 92' lang='lat' dir='ltr'><strong>se</strong></span> <span class='ocrx_word' id='word_1_241' title='bbox 530 3812 547 3859; x_wconf 92' lang='lat' dir='ltr'><strong>a</strong></span> <span class='ocrx_word' id='word_1_242' title='bbox 572 3793 689 3889; x_wconf 90' lang='lat' dir='ltr'><strong>populo</strong></span> <span class='ocrx_word' id='word_1_243' title='bbox 715 3794 854 3883; x_wconf 87' lang='lat' dir='ltr'><strong>conspici</strong></span> <span class='ocrx_word' id='word_1_244' title='bbox 879 3793 979 3862; x_wconf 92' lang='lat' dir='ltr'><strong>oculis</strong></span> <span class='ocrx_word' id='word_1_245' title='bbox 1003 3793 1256 3878; x_wconf 87' lang='lat' dir='ltr'><strong>admirabundIs,</strong></span> <span class='ocrx_word' id='word_1_246' title='bbox 1275 3797 1364 3886; x_wconf 89' lang='lat' dir='ltr'><strong>quasi</strong></span> 
     </span>
    </p>
   </div>
   <div class='ocr_carea' id='block_1_7' title="bbox 181 4005 1364 4523">
    <p class='ocr_par' dir='ltr' id='par_1_8' title="bbox 181 4005 1364 4523">
     <span class='ocr_line' id='line_1_27' title="bbox 213 4005 1363 4095; baseline 0 -21"><span class='ocrx_word' id='word_1_247' title='bbox 213 4022 233 4088; x_wconf 87' lang='lat'><strong>¹)</strong></span> <span class='ocrx_word' id='word_1_248' title='bbox 250 4024 315 4077; x_wconf 81' lang='lat' dir='ltr'><strong>Van.</strong></span> <span class='ocrx_word' id='word_1_249' title='bbox 339 4037 410 4076; x_wconf 80' lang='lat' dir='ltr'><strong>unca.</strong></span> <span class='ocrx_word' id='word_1_250' title='bbox 431 4024 480 4076; x_wconf 92' lang='lat' dir='ltr'><strong>Pro</strong></span> <span class='ocrx_word' id='word_1_251' title='bbox 500 4005 638 4095; x_wconf 81' lang='grc' dir='ltr'>ευσεβειᾳ</span> <span class='ocrx_word' id='word_1_252' title='bbox 653 4026 748 4089; x_wconf 70' lang='lat' dir='ltr'><strong>pretate</strong></span> <span class='ocrx_word' id='word_1_253' title='bbox 792 4023 861 4075; x_wconf 87' lang='lat' dir='ltr'><strong>hanc</strong></span> <span class='ocrx_word' id='word_1_254' title='bbox 876 4036 966 4075; x_wconf 88' lang='lat' dir='ltr'><strong>vocem</strong></span> <span class='ocrx_word' id='word_1_255' title='bbox 982 4023 1060 4075; x_wconf 86' lang='lat' dir='ltr'><strong>etiam</strong></span> <span class='ocrx_word' id='word_1_256' title='bbox 1073 4023 1194 4088; x_wconf 86' lang='lat' dir='ltr'><strong>legerunt</strong></span> <span class='ocrx_word' id='word_1_257' title='bbox 1206 4025 1296 4075; x_wconf 89' lang='lat' dir='ltr'><strong>auctor</strong></span> <span class='ocrx_word' id='word_1_258' title='bbox 1309 4022 1363 4074; x_wconf 85' lang='lat' dir='ltr'><strong>Ita-</strong></span> 
     </span>
     <span class='ocr_line' id='line_1_28' title="bbox 181 4096 1361 4175; baseline -0.003 -13"><span class='ocrx_word' id='word_1_259' title='bbox 181 4112 208 4162; x_wconf 90' lang='lat' dir='ltr'><strong>in</strong></span> <span class='ocrx_word' id='word_1_260' title='bbox 219 4111 375 4165; x_wconf 88' lang='lat' dir='ltr'><strong>lectionibus</strong></span> <span class='ocrx_word' id='word_1_261' title='bbox 389 4113 531 4165; x_wconf 84' lang='lat' dir='ltr'><strong>Valesianis</strong></span> <span class='ocrx_word' id='word_1_262' title='bbox 544 4115 656 4165; x_wconf 83' lang='lat' dir='ltr'><strong>oocurrtt</strong></span> <span class='ocrx_word' id='word_1_263' title='bbox 667 4096 748 4175; x_wconf 77' lang='grc' dir='ltr'>εξου-</span> <span class='ocrx_word' id='word_1_264' title='bbox 792 4109 847 4171; x_wconf 82' lang='lat' dir='ltr'><strong>tae,</strong></span> <span class='ocrx_word' id='word_1_265' title='bbox 867 4109 895 4160; x_wconf 90' lang='lat' dir='ltr'><strong>S.</strong></span> <span class='ocrx_word' id='word_1_266' title='bbox 912 4109 1123 4174; x_wconf 80' lang='lat' dir='ltr'><strong>chrysostomus,</strong></span> <span class='ocrx_word' id='word_1_267' title='bbox 1145 4107 1361 4174; x_wconf 81' lang='lat' dir='ltr'><strong>Theophylactus,</strong></span> 
     </span>
     <span class='ocr_line' id='line_1_29' title="bbox 182 4190 1364 4270; baseline -0.003 -25"><span class='ocrx_word' id='word_1_268' title='bbox 182 4211 253 4270; x_wconf 79' lang='grc' dir='ltr'>σιᾳ,</span> <span class='ocrx_word' id='word_1_269' title='bbox 269 4210 406 4268; x_wconf 64' lang='lat' dir='ltr'><strong>potestate,</strong></span> <span class='ocrx_word' id='word_1_270' title='bbox 419 4216 498 4268; x_wconf 71' lang='lat' dir='ltr'><strong>quam</strong></span> <span class='ocrx_word' id='word_1_271' title='bbox 513 4201 650 4255; x_wconf 69' lang='lat' dir='ltr'><strong>lectionem</strong></span> <span class='ocrx_word' id='word_1_272' title='bbox 670 4205 748 4256; x_wconf 67' lang='lat' dir='ltr'><strong>epam</strong></span> <span class='ocrx_word' id='word_1_273' title='bbox 793 4191 959 4242; x_wconf 80' lang='lat' dir='ltr'><strong>Cassiodorus</strong></span> <span class='ocrx_word' id='word_1_274' title='bbox 971 4193 998 4242; x_wconf 84' lang='lat' dir='ltr'><strong>et</strong></span> <span class='ocrx_word' id='word_1_275' title='bbox 1009 4190 1193 4242; x_wconf 89' lang='lat' dir='ltr'><strong>Oecumenius.</strong></span> <span class='ocrx_word' id='word_1_276' title='bbox 1205 4190 1296 4256; x_wconf 87' lang='lat' dir='ltr'><strong>Itaque</strong></span> <span class='ocrx_word' id='word_1_277' title='bbox 1310 4203 1364 4242; x_wconf 92' lang='lat' dir='ltr'><strong>non</strong></span> 
     </span>
     <span class='ocr_line' id='line_1_30' title="bbox 182 4274 1364 4352; baseline 0.002 -18"><span class='ocrx_word' id='word_1_278' title='bbox 182 4284 297 4336; x_wconf 78' lang='lat' dir='ltr'><strong>referunt</strong></span> <span class='ocrx_word' id='word_1_279' title='bbox 315 4286 452 4336; x_wconf 85' lang='lat' dir='ltr'><strong>Versiones</strong></span> <span class='ocrx_word' id='word_1_280' title='bbox 467 4285 749 4352; x_wconf 83' lang='lat' dir='ltr'><strong>Vulgatu,Syriacaet</strong></span> <span class='ocrx_word' id='word_1_281' title='bbox 793 4274 897 4326; x_wconf 56' lang='lat' dir='ltr'><strong>videm?</strong></span> <span class='ocrx_word' id='word_1_282' title='bbox 918 4274 1117 4338; x_wconf 63' lang='lat' dir='ltr'><strong>ambigendum,</strong></span> <span class='ocrx_word' id='word_1_283' title='bbox 1146 4274 1210 4339; x_wconf 63' lang='lat' dir='ltr'>(1¹15ss</span> <span class='ocrx_word' id='word_1_284' title='bbox 1240 4285 1364 4337; x_wconf 65' lang='lat' dir='ltr'><strong>germana</strong></span> 
     </span>
     <span class='ocr_line' id='line_1_31' title="bbox 181 4337 1363 4428; baseline 0.005 -9"><span class='ocrx_word' id='word_1_285' title='bbox 181 4369 341 4422; x_wconf 78' lang='lat' dir='ltr'><strong>Armeniaca.</strong></span> <span class='ocrx_word' id='word_1_286' title='bbox 367 4368 419 4421; x_wconf 89' lang='lat' dir='ltr'><strong>Sed</strong></span> <span class='ocrx_word' id='word_1_287' title='bbox 443 4369 469 4419; x_wconf 90' lang='lat' dir='ltr'><strong>in</strong></span> <span class='ocrx_word' id='word_1_288' title='bbox 493 4368 597 4420; x_wconf 86' lang='lat' dir='ltr'><strong>GraecIs</strong></span> <span class='ocrx_word' id='word_1_289' title='bbox 620 4371 752 4423; x_wconf 86' lang='lat' dir='ltr'><strong>codicibus</strong></span> <span class='ocrx_word' id='word_1_290' title='bbox 796 4358 872 4410; x_wconf 68' lang='grc' dir='ltr'>Ιθῦῑῑθ</span> <span class='ocrx_word' id='word_1_291' title='bbox 897 4357 977 4424; x_wconf 72' lang='lat' dir='ltr'>hujus</span> <span class='ocrx_word' id='word_1_292' title='bbox 1001 4359 1050 4410; x_wconf 73' lang='lat' dir='ltr'><strong>¹⁰⁰i</strong></span> <span class='ocrx_word' id='word_1_293' title='bbox 1076 4358 1111 4410; x_wconf 58' lang='lat' dir='ltr'><strong>Sit</strong></span> <span class='ocrx_word' id='word_1_294' title='bbox 1130 4337 1287 4428; x_wconf 58' lang='grc' dir='ltr'>ευσῑβεῑᾳν</span> <span class='ocrx_word' id='word_1_295' title='bbox 1304 4356 1363 4421; x_wconf 64' lang='lat' dir='ltr'><strong>Pie·</strong></span> 
     </span>
     <span class='ocr_line' id='line_1_32' title="bbox 182 4434 859 4523; baseline -0.003 -19"><span class='ocrx_word' id='word_1_296' title='bbox 182 4455 331 4506; x_wconf 84' lang='lat' dir='ltr'><strong>constanter</strong></span> <span class='ocrx_word' id='word_1_297' title='bbox 356 4453 453 4518; x_wconf 84' lang='lat' dir='ltr'><strong>tegttur</strong></span> <span class='ocrx_word' id='word_1_298' title='bbox 482 4434 639 4523; x_wconf 80' lang='grc' dir='ltr'>ευσεβειᾳ;</span> <span class='ocrx_word' id='word_1_299' title='bbox 672 4453 752 4518; x_wconf 88' lang='lat' dir='ltr'><strong>atque</strong></span> <span class='ocrx_word' id='word_1_300' title='bbox 798 4447 859 4494; x_wconf 87' lang='lat' dir='ltr'><strong>tato.</strong></span> 
     </span>
    </p>
   </div>
   <div class='ocr_carea' id='block_1_8' title="bbox 0 0 1548 5054">
    <p class='ocr_par' dir='ltr' id='par_1_9' title="bbox 0 0 1548 5054">
     <span class='ocr_line' id='line_1_33' title="bbox 0 0 1548 5054; baseline 0 0"><span class='ocrx_word' id='word_1_301' title='bbox 0 0 1548 5054; x_wconf 95' lang='lat' dir='ltr'><strong> </strong></span> 
     </span>
    </p>
   </div>
  </div>
 </body>
</html>
