3074 5054
184 405 249 470 5l6
531 402 664 469 ACTUS
699 402 1034 477 APOSTOLORUM,

181 594 271 682 plena
294 594 463 661 miraculis.
491 631 536 642 -
559 592 674 659 Cancer
694 593 779 660 Petri
802 592 882 658 intua
906 591 1029 658 moenia
1051 591 1183 658 ciuitatis
1208 591 1305 657 luisse
1323 591 1368 657 vi·

179 716 281 783 detur.
300 719 408 804 ltaque
425 727 522 800 perte
541 720 649 800 ferree
671 716 723 782 illa
745 725 833 804 ponta
858 714 970 794 suerit,
999 712 1058 803 pee'
1079 734 1172 801 quam
1189 735 1206 779 e
1221 733 1368 781 canoecea

181 840 273 908 domo
287 841 337 906 via
353 851 471 929 pateret
487 841 517 904 in
535 839 680 928 plateam.

221 964 356 1050 Ηνοιχθη
377 965 454 1030 Aen.
472 963 594 1030 Passiu.
624 983 695 1028 cum
720 962 845 1029 notione
869 966 1032 1047 reflexion.
1057 959 1181 1035 Φυλακη
1204 961 1369 1026 Abstrocti

181 1106 292 1152 nomen
316 1107 373 1175 pto
396 1087 545 1153 Concreti
567 1086 693 1153 nomine
716 1082 827 1176 φυλαξ.
849 1086 964 1153 Confer
987 1084 1178 1153 Nostratium
1194 1087 1232 1148 de
1249 1083 1365 1148 wacht.

224 1212 270 1275 Et
289 1221 437 1276 exeuntes
459 1221 682 1293 processerunt
702 1213 807 1274 uicum
824 1210 946 1289 unane).
966 1211 1083 1276 Graece
1103 1234 1110 1274 ε
1130 1232 1182 1270 και
1203 1203 1368 1282 εξελθοντες

180 1332 345 1424 speeiem,
371 1333 404 1400 h.
431 1353 460 1400 e.
485 1337 662 1419 opressique
684 1354 741 1423 pen
765 1345 885 1422 poetam
908 1334 1040 1401 lerneam
1061 1341 1283 1417 processerunt
1297 1332 1367 1414 plo-

180 1469 262 1524 teem
284 1478 403 1540 uoom;
420 1468 450 1522 et
472 1466 537 1522 tum
561 1457 709 1523 continuo
731 1457 885 1544 Angelus,
911 1459 963 1545 qui
987 1457 1136 1524 hactenus
1160 1458 1288 1523 Petuum
1312 1454 1367 1521 de-

180 1581 325 1659 duxerat,
355 1581 394 1647 ab
423 1579 532 1647 eodem
559 1583 705 1646 discessit
733 1579 865 1669 (απεστη
893 1584 970 1649 Anu.
1002 1581 1051 1669 9),
1080 1592 1168 1669 puta,
1199 1599 1238 1644 ex
1265 1576 1366 1644 oculis

180 1703 279 1791 ipsius
299 1703 434 1769 euanuit.
454 1741 498 1752 —
519 1705 624 1789 Popm
649 1727 723 1789 μιαν
751 1705 836 1792 (eene
859 1717 964 1771 street
991 1704 1062 1791 ver)
1087 1714 1133 1768 est
1156 1701 1365 1769 Aecusalivus

179 1829 291 1893 obiecti
305 1829 523 1912 quotetitotioi.
539 1826 587 1895 Cl.
603 1826 735 1895 Kiihnen
751 1830 860 1916 §toa
877 1829 978 1896 Etiam
998 1828 1098 1894 Latini
1117 1827 1163 1894 sie
1179 1826 1363 1914 loquuntur,

180 1959 213 2015 ut
229 1970 300 2016 cum
317 1948 442 2029 dicunt,
460 1970 491 2015 v.
509 1970 540 2036 g.
560 1972 735 2036 nutuquum
749 1955 862 2035 pedem
879 1975 898 2017 e
914 1973 963 2017 me
979 1952 1134 2016 discessit.

228 2191 280 2256 ll.
305 2192 350 2255 Et
375 2190 492 2256 Petrus
519 2195 561 2256 etl
587 2213 619 2256 se
644 2199 813 2282 reversus).
840 2194 897 2260 Gr.
920 2214 1076 2280 pentapetes
1103 2214 1132 2255 eu
1155 2189 1271 2277 ἑαυτῳ,
1291 2211 1365 2258 cum

178 2333 239 2402 qua
261 2312 417 2380 locutione
441 2313 575 2379 conienni
600 2325 700 2401 potest
721 2316 913 2381 Nostratium
936 2338 1004 2380 :otu
1021 2315 1080 2405 (so)
1097 2319 1167 2381 sicle
1188 2319 1296 2381 zelven
1310 2339 1366 2400 pe-

178 2438 287 2500 tomen
309 2438 424 2516 zp'ode.
452 2435 613 2502 Exclamat
636 2437 765 2515 Petrus,
791 2436 890 2503 iactus
914 2439 975 2503 iam
1001 2438 1091 2526 plene
1114 2439 1162 2504 sui
1187 2439 1362 2505 conscius:

179 2559 355 2637 Hactenus,
385 2557 503 2645 inquit,
533 2558 634 2624 visum
661 2559 787 2646 aliquod
815 2579 865 2625 me
890 2561 994 2628 uidene
1022 2561 1253 2642 existimabam,
1281 2582 1367 2629 nune

177 2704 250 2751 veno
267 2687 443 2749 certissime
465 2687 529 2750 scio
554 2680 636 2771 (otis
657 2681 800 2770 αληθως),
827 2705 888 2751 non
906 2705 974 2752 esse
990 2707 1047 2775 pen
1064 2686 1164 2752 uisum
1181 2697 1265 2773 gesta
1283 2707 1366 2775 quae

177 2818 260 2894 gesta
277 2816 364 2886 sunt,
395 2806 451 2873 sed
471 2807 641 2875 Dominum
668 2807 837 2896 reapsead
863 2829 912 2876 me
933 2810 1056 2877 misisse
1072 2810 1226 2897 Angelum
1247 2831 1363 2891 suum,

177 2952 290 3019 meque
317 2931 525 3020 e1·ipuissede
548 2932 690 2999 manibus
714 2932 868 3012 Herodis,
893 2945 923 3001 et
942 2934 1093 3001 delusisse
1124 2954 1247 3001 omnem
1276 2935 1365 3003 illam

177 3055 438 3142 exspectationem
455 3054 662 3136 ludaeorum,
682 3058 735 3144 qui
758 3057 797 3123 ah
821 3056 946 3123 Herode
962 3077 1012 3123 me
1029 3057 1154 3146 publice
1171 3057 1365 3125 interficien-

176 3178 251 3245 dum
267 3178 444 3266 sperabant.
464 3216 508 3227 —
524 3180 559 3244 ln
574 3179 730 3246 locutione
747 3179 806 3245 hac
826 3201 833 3241 ε
853 3183 972 3263 eripuit
993 3202 1043 3245 otc
1064 3183 1101 3246 ob
1125 3185 1215 3246 omni
1236 3203 1366 3266 ecspec·

176 3304 292 3367 tutione
307 3303 503 3368 [iudaeorum
511 3352 523 3385 ,
544 3312 590 3367 est
612 3303 802 3389 Metonymia
827 3302 978 3390 quaedam
1002 3303 1033 3369 in
1055 3324 1130 3370 uoce
1147 3309 1362 3391 exspectatio,

176 3436 210 3492 ut
234 3444 313 3511 quae
335 3423 449 3493 dieitur
471 3425 510 3491 de
534 3428 688 3510 supplicio
712 3429 824 3509 Petri,
850 3428 940 3491 aeide
964 3427 1001 3491 ab
1025 3429 1090 3493 illis
1113 3430 1265 3511 expetito.

222 3669 275 3734 ta.
304 3667 580 3755 Considereospoe
604 3673 692 3736 venit
713 3674 748 3736 ite
769 3673 897 3736 doenum
919 3671 1061 3752 Mariae,
1086 3668 1174 3753 etet).
1199 3671 1262 3736 Pro
1287 3692 1363 3737 con-

175 3793 320 3857 sidereos
343 3809 453 3877 graece
476 3801 523 3856 cst
539 3787 668 3854 continu
684 3791 807 3881 (elon),
829 3792 889 3858 hoo
906 3802 952 3858 est
968 3815 976 3857 ε
992 3802 1022 3857 et
1038 3811 1146 3858 eorum
1171 3811 1251 3879 quae
1275 3804 1364 3880 gesta

176 3914 297 3982 luceant
323 3914 386 3981 iam
412 3919 515 4000 fectus
537 3918 676 3982 conscius
699 3911 844 4004 (caesios
868 3928 901 3982 nt
923 3914 1003 3982 insta
1027 3915 1106 3982 XlV
1125 3934 1132 3976 :
1153 3913 1202 4002 6),
1230 3913 1363 3984 domum

175 4037 265 4126 petiit
280 4039 396 4105 Maniae
419 4038 519 4118 illius,
539 4059 617 4127 quae
631 4052 696 4106 enat
712 4050 810 4107 maten
826 4040 950 4106 loannis
974 4040 1058 4119 eius,
1078 4040 1131 4127 qni
1153 4054 1364 4127 cognomento

176 4158 276 4225 dictus
293 4170 340 4225 est
355 4160 493 4227 Maccus.
521 4161 617 4227 Erant
636 4172 737 4227 autem
763 4162 793 4228 in
818 4162 886 4250 piae
910 4161 1000 4227 istius
1017 4160 1157 4227 mulieris
1173 4160 1267 4229 domo
1285 4184 1364 4230 con·

175 4281 290 4368 gregati
316 4281 493 4349 Christiani
512 4279 671 4374 (αδελφοι)
693 4284 802 4364 multi,
824 4285 927 4350 Deum
952 4305 1009 4372 pro
1033 4285 1148 4373 captiui
1172 4286 1257 4367 Petri
1281 4287 1364 4354 libe-

176 4404 293 4473 mtione
316 4416 451 4474 ouantes.
475 4407 527 4483 Gi,
547 4428 593 4476 vs.
620 4410 652 4476 tt.
679 4408 898 4498 Προσευχομαι
920 4409 1074 4492 (Verbum
1096 4410 1221 4498 Depon.
1241 4412 1361 4502 Mel),
