3074 5054
485 407 623 476 CAPUT
656 409 754 487 XIII,
792 409 913 478 VERS.
947 410 1097 476 'al—at.
1302 408 1361 474 dil

187 591 249 666 uon
267 599 326 665 nIsi
340 598 418 666 duos
435 598 563 666 duxisse
576 617 592 663 a
606 617 667 685 quo
683 608 820 687 tempore
833 598 905 666 Saul
922 598 1067 664 iounotus
1080 597 1137 664 luit
1150 617 1205 664 nex
1216 616 1316 685 usque
1328 597 1366 665 ad

186 723 256 789 eius
272 732 415 789 montem.
430 723 571 808 Quonam
586 741 658 808 engo
672 741 765 789 sensu
777 722 849 788 Saul
867 721 918 788 hio
931 731 1030 787 tamen
1044 721 1158 788 dieitur
1174 721 1252 788 duos
1268 741 1365 787 annos

148 915 153 922 ,
187 847 546 936 regnasseIRespondet
563 849 602 913 R.
623 847 719 912 Iesaia
744 845 841 934 (apud
861 847 1036 914 Simeonem
1053 846 1091 913 de
1107 848 1192 913 Mais
1207 847 1237 911 in
1259 849 1365 911 Variis

186 976 300 1054 sooria,
315 971 381 1039 adl
401 971 484 1038 Sam.
500 971 564 1039 Xlll
581 990 588 1031 :
608 974 637 1058 l)
654 989 661 1032 :
688 982 798 1031 asnaa
818 982 866 1029 *aa
882 983 984 1030 auam
1001 982 1036 1028 ω
1052 983 1123 1029 nanu
1139 983 1223 1029 ωπωω
1235 966 1313 1028 anab
1329 983 1366 1029 aa

187 1106 242 1154 aaa
259 1108 313 1154 aaa
328 1090 386 1152 ab:
400 1089 511 1151 anania
534 1107 563 1170 -ρ
583 1088 662 1151 iasa
686 1088 768 1175 Ἶέωω
792 1103 846 1148 aaa
870 1083 972 1147 intuba
997 1086 1076 1147 aba:
1104 1085 1170 1147 aba:
1193 1099 1241 1146 am
1264 1100 1367 1147 nnana

187 1213 221 1280 h.
240 1233 270 1279 e.
288 1215 527 1297 duplicandam
551 1224 613 1295 est,
638 1215 713 1277 duos
741 1231 840 1274 annos
869 1206 1025 1295 (regnasse
1053 1205 1190 1286 Saulum)
1213 1229 1309 1291 aeque
1325 1210 1367 1270 od

185 1335 285 1426 (diem
311 1337 409 1426 illum)
426 1356 487 1428 quo
503 1335 553 1424 (ie
570 1344 684 1424 aeaeae)
702 1339 849 1399 iaotectuo
871 1335 937 1417 suit
952 1333 1056 1396 David
1060 1356 1076 1413 ;
1092 1352 1167 1395 nom
1183 1330 1219 1395 ob
1236 1352 1271 1396 ea
1287 1333 1366 1395 lnoro

186 1484 250 1546 quo
275 1465 424 1527 iaattctua
438 1465 504 1546 suit
520 1463 639 1537 David,
659 1463 750 1546 quoni
773 1469 946 1525 cessaverat
961 1478 1094 1540 requiam
1111 1459 1177 1522 eius
1194 1455 1317 1543 (Sauli),
1336 1468 1366 1520 el

186 1597 304 1670 quanto
327 1597 465 1668 talepore
493 1588 640 1669 aequavit
664 1588 809 1668 posthac,
844 1604 976 1666 nequeam
1005 1583 1117 1666 absque
1144 1601 1260 1646 corona
1286 1584 1361 1664 fuit.

182 1846 185 1853 ’
233 1850 288 1915 92.
315 1850 359 1912 Et
381 1859 484 1913 amolo
505 1849 575 1929 ello,
591 1849 839 1947 seeseiteoiloillia
859 1847 966 1911 David
990 1841 1122 1928 renem).
1149 1843 1265 1909 Sensus
1289 1854 1362 1908 est:

189 1975 231 2038 Et
253 1995 324 2038 cam
348 1976 430 2038 deinc
446 1969 602 2059 (Saulem)
626 1991 642 2037 a
663 1972 745 2058 aegia
762 1971 907 2058 dignitate
924 1967 1010 2036 Deus
1034 1972 1199 2034 amovisset
1223 1969 1288 2054 (και
1313 1993 1365 2054 με·

191 2095 368 2178 ταστησας),
387 2097 417 2161 in
436 2097 504 2163 looo
527 2096 593 2161 eius
619 2116 722 2182 negem
746 2095 807 2160 illis
832 2093 990 2160 constituit
1013 2092 1180 2170 Davidem,
1199 2092 1247 2157 oui
1273 2092 1363 2157 etiam

130 2227 131 2231 ’
191 2221 395 2287 testimouium
425 2220 510 2287 dedit
537 2220 585 2287 his
613 2219 715 2286 verbis
741 2245 748 2286 :
780 2247 793 2276 ε
822 2218 926 2284 Inveni
958 2216 1128 2296 Davidem,
1156 2218 1216 2282 lsai
1245 2213 1362 2295 lilium,

142 2355 145 2360 “
192 2349 292 2412 eirenae
316 2348 546 2428 inlitteratum
568 2344 734 2433 (κατατην
755 2340 881 2433 aaudiat
907 2367 984 2428 μου,
1009 2343 1031 2407 i.
1055 2363 1082 2408 e.
1111 2344 1221 2422 lolem,
1241 2343 1365 2425 qualem

189 2490 242 2534 cor
258 2491 362 2534 alaeam
378 2467 562 2556 desiderat),
578 2469 630 2556 qui
648 2467 784 2534 facturus
801 2478 847 2533 est
863 2465 966 2532 omnia
991 2464 1131 2531 mandata
1147 2483 1224 2530 mea.
1250 2491 1263 2520 a
1287 2465 1364 2530 Tes-

187 2591 350 2657 timonium
371 2590 449 2670 noo,
469 2611 528 2656 non
553 2588 677 2677 quidem
704 2588 752 2654 his
773 2587 875 2654 verbis
897 2586 951 2652 sed
976 2589 1017 2651 od
1040 2607 1108 2649 rem
1133 2583 1216 2672 quod
1239 2584 1363 2663 attinet,

182 2726 285 2782 exstat
302 2717 314 2781 I
333 2717 408 2802 lieg.
433 2716 511 2784 XIII
537 2735 544 2775 :
571 2716 629 2792 In,
655 2724 685 2778 et
707 2712 830 2778 Psalmo
854 2710 1083 2776 LXXXVIII:
1108 2711 1170 2788 20,
1195 2710 1250 2774 II.
1274 2708 1366 2773 Notat

173 2837 225 2904 ad
242 2838 326 2904 huno
342 2839 445 2904 locum
461 2837 669 2927 Staplelonius
685 2836 732 2924 (in
751 2835 903 2903 antidotis
920 2832 1111 2922 Apostolinis
1126 2832 1157 2896 in
1171 2832 1241 2898 det.
1259 2829 1338 2918 Ap.)
1354 2850 1360 2889 :

193 2991 209 3020 «
224 2962 343 3041 David,
361 2965 483 3048 linquit,
502 2962 550 3028 vie
566 2972 693 3027 vocatur
712 2963 768 3045 qui
790 2962 884 3044 faciet
908 2979 1015 3023 onmes
1037 2960 1212 3022 voluntates
1228 2957 1306 3032 Dei,
1322 2965 1365 3020 ta-

175 3089 276 3152 lnetsi
306 3085 456 3174 quaedam
484 3087 558 3152 lecit
584 3094 690 3151 eontra
718 3084 904 3149 voluntatem
933 3082 1012 3160 Dei,
1042 3081 1114 3168 quala
1147 3101 1205 3146 non
1236 3078 1274 3145 do
1303 3079 1365 3151 illis

175 3210 361 3277 rationibus
389 3210 543 3299 pennatis,
569 3208 624 3274 sed
648 3208 686 3274 de
713 3207 860 3274 continuo
886 3206 953 3271 eius
976 3224 1068 3270 eursu
1094 3224 1130 3269 ao
1154 3213 1277 3281 tenone,
1304 3222 1366 3289 quo

180 3332 220 3397 iu
238 3332 389 3399 mandatis
411 3335 470 3398 Dei
495 3332 680 3412 ambulavit,
706 3333 875 3414 eaqeoieeas
893 3340 921 3393 et
945 3330 1122 3394 custodiens
1145 3328 1239 3409 leuem
1256 3326 1315 3388 Dei
1331 3327 1367 3389 in

191 3580 363 3647 Relalivum
387 3587 411 3668 ᾠ
436 3583 482 3671 (ln
507 3583 618 3648 Dalivo
641 3577 811 3664 comitandi)
830 3576 1019 3664 iungendum
1042 3585 1088 3640 est
1111 3593 1182 3639 oum
1199 3571 1367 3660 Panticipio

193 3727 398 3795 μαρτυρησας.

234 3953 379 4019 att-at.
399 3952 508 4016 Huius
525 3952 610 4016 Deus
627 3973 665 4015 ea
681 3954 799 4015 semiue
814 3955 985 4015 secandum
998 3950 1263 4032 promissionem,
1278 3946 1366 4030 eto).

192 4075 315 4142 Transit
339 4095 422 4141 nuno
444 4075 558 4141 Paulus
581 4073 619 4140 ad
643 4074 808 4142 dicendum
831 4074 881 4154 id,
901 4074 984 4162 quod
1009 4071 1204 4161 potissimum
1229 4067 1367 4145 volebat,

193 4202 310 4270 seilicet
326 4204 430 4268 lesum
454 4203 647 4268 Nazarenum
665 4222 733 4268 esse
757 4202 903 4268 Messiam
929 4201 1016 4267 illum
1040 4200 1093 4288 qui
1117 4208 1264 4263 venturus
1289 4203 1366 4259 enat.

193 4327 346 4394 Tnansido
366 4338 467 4393 autem
485 4326 519 4392 stt
531 4347 588 4414 pen
600 4324 844 4392 recordationem
861 4324 1093 4413 pollicitationis
1107 4322 1203 4399 illios,
1219 4338 1279 4406 qua
1292 4316 1370 4384 divi-

192 4452 270 4519 nitus
299 4452 489 4540 promissum
514 4452 612 4517 luerat
641 4450 723 4529 Ione,
749 4462 783 4516 ut
810 4450 940 4517 Messias
964 4446 1130 4514 mittendus
1153 4443 1260 4531 stirpis
1289 4451 1370 4508 esset
