3074 5054
447 394 585 462 CAPUT
621 394 719 472 Vlll,
758 395 880 463 VERS.
919 397 1065 464 at-at.
1294 397 1361 464 aaa
1483 435 1486 439 -

222 588 366 655 22—23.
392 586 623 651 Paenitentiam
640 587 746 669 itaque
762 606 862 668 cpe...
880 590 909 650 si
924 590 1028 671 sorte,
1048 584 1139 670 etc).
1167 588 1291 655 Graece
1310 610 1317 652 :
1337 607 1362 648 ει

187 732 252 800 apa,
266 708 352 797 quod
364 708 543 774 dubitantis
560 717 619 773 est.
637 707 798 775 Dubitatic
815 720 918 775 autern
935 720 1054 797 spectat
1072 707 1123 776 hic
1140 708 1361 796 benignitatem

187 830 254 911 llci,
271 841 424 919 quatenus
448 827 526 895 hacc
548 828 642 895 veluti
667 829 796 896 allectus
813 830 939 918 quidam
965 830 1078 917 pendet
1094 850 1112 897 a
1128 831 1265 897 Simonis
1282 850 1357 920 poe-

187 955 315 1032 nitentia,
334 965 490 1042 tamquam
503 972 521 1018 a
533 972 626 1020 eausa
643 953 792 1040 quadam;
813 974 905 1041 quae,
919 974 956 1020 an
974 966 1156 1042 poneretur,
1173 958 1285 1022 Petrus
1302 953 1361 1021 du·

188 1077 302 1146 litabat.
332 1081 441 1167 ltaque
473 1099 533 1145 non
562 1076 738 1157 dubitabat,
772 1091 876 1145 utrum
904 1078 991 1145 Deus
1019 1078 1250 1146 condonaturos
1279 1088 1361 1145 esset

188 1199 294 1268 Simoni
323 1220 396 1267 vere
424 1201 611 1288 poeniteuti3
642 1200 696 1267 sed
723 1199 896 1280 dubitabat,
922 1221 960 1266 au
984 1200 1091 1268 Simon
1120 1212 1247 1268 acturus
1276 1211 1359 1267 esset

189 1325 410 1410 poenitentiam.
430 1325 508 1390 Nam
521 1322 631 1401 video,
650 1324 768 1411 iuquit,
785 1335 814 1390 tc
829 1345 899 1392 esse
914 1323 1070 1392 homiuem
1089 1325 1359 1393 scelestissimum.

190 1449 308 1516 luimus
336 1449 473 1517 Simonis
501 1447 634 1536 qualiter
657 1460 854 1536 comparatus
883 1460 984 1526 esset,
1016 1452 1145 1529 Petrus,
1175 1450 1244 1516 Deo
1273 1468 1362 1515 reve·

191 1571 258 1638 laute
283 1569 347 1652 (Cf.
374 1572 451 1660 Cap.
483 1572 511 1638 V
537 1592 545 1632 r
572 1573 616 1654 5),
642 1572 854 1660 perspexerit,
884 1570 1016 1659 ideoque
1040 1572 1157 1637 ueritus
1185 1570 1299 1651 fuerit,
1330 1581 1363 1638 ut

192 1699 284 1768 Simon
313 1719 418 1767 veram
448 1699 667 1787 poenitentiam
696 1710 810 1786 ageret.
840 1699 901 1766 Sed
930 1720 1002 1766 curn
1031 1700 1099 1766 talis
1128 1710 1208 1766 esset
1232 1700 1360 1778 Simon,

194 1821 263 1891 huno
279 1834 381 1892 tamen
398 1821 436 1890 ad
452 1823 672 1911 poenitentiam
689 1822 873 1890 adhortatur
888 1824 1012 1890 Petrus.
1028 1825 1110 1911 Ergo
1126 1844 1164 1890 ue
1180 1823 1363 1910 gravissimo

196 1946 308 2032 quidem
325 1946 481 2035 peccatori
498 1965 571 2033 spes
587 1944 695 2012 reniae
712 1945 852 2034 praecisa
868 1956 925 2012 est.

230 2071 389 2135 Μετανοειν
407 2092 455 2132 aru
477 2091 536 2133 τινι
560 2067 599 2134 de
621 2073 812 2153 poettitcudo
836 2068 950 2137 dicitur
975 2072 995 2137 2
1019 2070 1094 2137 Cor.
1120 2072 1183 2137 Xll
1205 2051 1365 2149 τ91“,ει·

196 2192 315 2284 demque
330 2193 447 2260 locutio
463 2191 573 2260 eodem
597 2213 691 2260 seusu
708 2195 846 2261 occurrit
870 2196 961 2262 etiarn
978 2193 1061 2283 apud
1080 2195 1250 2282 scriptores
1266 2197 1366 2264 Grae·

196 2333 239 2383 cos
254 2315 413 2405 profanae.
439 2314 522 2382 Vide
538 2316 579 2380 H.
598 2314 744 2404 Stephani
764 2316 861 2383 Theo.
881 2315 920 2383 ad
937 2314 970 2382 b.
989 2337 1020 2382 r.
1039 2315 1101 2383 Sed
1118 2338 1270 2401 μετανοειν
1288 2339 1363 2393 απο,

195 2440 233 2507 rel
252 2465 284 2505 εκ
304 2462 403 2516 τινος,
423 2450 455 2506 ut
477 2449 524 2505 cst
544 2441 644 2527 Apoc.
677 2442 750 2507 lX:
775 2444 835 2520 90,
862 2438 1075 2507 Hebraeorum
1100 2439 1195 2505 refert
1219 2439 1367 2527 loquendi

194 2565 353 2644 rationem,
379 2583 440 2652 qua
468 2583 578 2652 nempe
602 2564 640 2631 de
658 2569 849 2650 poenitendo
877 2564 984 2631 dicunt
1010 2579 1043 2643 qa
1075 2566 1152 2641 nati,
1185 2574 1218 2630 ut
1235 2584 1264 2629 v.
1284 2584 1315 2651 g.
1336 2564 1368 2630 in

191 2685 351 2757 Zachariae
368 2689 380 2753 l
400 2707 407 2749 :
427 2690 448 2755 4
472 2685 561 2753 hoc:
588 2703 682 2771 0³th
713 2684 839 2772 uprbbaq
868 2690 1008 2770 rep-auru,
1036 2707 1114 2776 quae
1139 2687 1270 2775 Vulgata
1295 2687 1367 2754 red-

190 2805 228 2877 dit
256 2836 264 2877 :
293 2813 517 2876 convertimini
546 2814 584 2875 de
615 2808 855 2892 capitationibus
885 2812 997 2874 cestria
1024 2812 1184 2893 pernimio.
1202 2847 1247 2858 -
1277 2810 1366 2895 Quae

186 2926 235 3002 hic
246 2934 361 3002 dicitur
376 2939 503 3000 mulitia
519 2933 586 3023 (της
602 2957 711 3008 κακιας
729 2956 784 2995 σου
800 2939 936 3018 ταυτης),
952 2931 1004 2998 illa
1017 2933 1200 3021 intelligitur
1215 2932 1364 3022 pravitas,

182 3074 275 3146 quarn
295 3079 341 3126 vs.
366 3061 409 3128 20
432 3060 544 3125 Petrus
564 3058 683 3124 Sirnoui
706 3055 960 3144 exprobraverat.
980 3056 1187 3133 Μετανοησον,
1201 3058 1368 3141 poeniteat

181 3191 212 3249 te
228 3184 323 3252 huius
340 3183 429 3262 lacti,
451 3193 480 3248 ει
496 3184 599 3249 Deum
617 3181 689 3248 tanti
707 3180 836 3248 sceleris
852 3181 974 3247 veniam
989 3202 1141 3265 precare,
1159 3202 1207 3268 gr.
1228 3175 1365 3256 δεηθητι,

178 3312 267 3401 quod
283 3322 330 3378 est
346 3331 384 3377 eu
408 3310 507 3377 classe
530 3308 697 3376 uerborum
720 3308 952 3396 Deponeutium
972 3308 1184 3375 Passircrum.
1204 3306 1286 3375 Vide
1304 3308 1363 3375 Gr.

176 3452 253 3524 pag.
279 3439 358 3504 270.
377 3438 412 3515 7,
429 3445 459 3503 ει
475 3434 513 3502 dc
529 3454 589 3500 usu
606 3433 802 3500 horistorum
825 3430 1026 3521 (parare-acor
1046 3444 1076 3499 et
1099 3428 1231 3519 δεηθητι)
1254 3430 1285 3497 in
1309 3428 1369 3497 hac

175 3559 323 3625 oratione
340 3577 409 3646 pag.
426 3559 504 3637 547,
519 3559 551 3624 δ.
568 3568 598 3622 ει
615 3555 653 3623 dc
670 3555 839 3622 ludicativc
857 3555 965 3622 Futuri
983 3555 1160 3646 αφεθησεται
1178 3564 1248 3642 post
1264 3575 1290 3616 ει
1307 3575 1367 3642 apa

176 3698 253 3769 pag.
274 3683 481 3749 hitherium.
501 3683 533 3746 5.
549 3717 593 3728 -
609 3679 737 3742 Επινοια
754 3699 812 3745 vox
839 3677 941 3745 media
964 3689 1031 3753 cst,
1056 3676 1234 3764 diciturque
1259 3676 1369 3743 tamin

178 3800 298 3872 bonaur
312 3816 442 3893 partem,
465 3823 557 3891 quam
575 3803 606 3868 iu
631 3801 754 3870 malam.

231 3933 266 3996 in
281 3932 397 4014 felle...
421 3940 450 3995 ει
473 3929 704 4011 obtipctione...
726 3928 815 3991 video
840 3936 868 3990 te
893 3928 981 4011 aare).
1013 3926 1134 3993 Graece
1162 3945 1201 3996 εις
1227 3920 1364 4008 χολην...

180 4074 236 4116 και
264 4047 435 4136 συνδεσμον
464 4055 524 4140 ὁρω
554 4072 588 4113 σε
617 4072 701 4114 οντα.
733 4047 924 4137 Praepositio
953 4069 993 4120 εις
1022 4044 1074 4113 hic
1106 4044 1243 4132 iungitur
1271 4044 1367 4112 verbo

183 4178 320 4262 quietio,
337 4198 421 4238 οντα.
441 4173 567 4241 Scilicet
591 4172 652 4238 uua
678 4170 730 4237 hic
751 4171 902 4258 cogitatur
917 4180 1021 4236 motas
1040 4168 1186 4258 quidam,
1205 4166 1305 4256 qualis
1322 4176 1370 4231 est

185 4300 280 4367 animi
302 4301 333 4366 in
356 4299 445 4389 peius
473 4297 605 4365 ruentia
625 4296 707 4364 Vide
731 4296 789 4364 Gr.
812 4316 882 4384 pag.
901 4297 980 4363 444.
1003 4297 1035 4362 4.
1062 4295 1119 4358 Fet
1141 4294 1374 4359 amaritudinis

190 4422 303 4491 dictum
320 4434 367 4489 est
382 4441 438 4510 pro
453 4423 681 4507 folcmarum,
707 4417 800 4505 idque
817 4417 855 4485 ad
872 4437 991 4485 morem
1009 4414 1243 4495 Hebraeorum,
1265 4414 1318 4505 qui
1336 4412 1376 4481 ob

1210 4525 1248 4582 lh'
