3074 5054
510 395 648 464 curun
683 395 779 479 vrri,
818 391 940 462 unas.
979 393 1010 459 t.
1285 392 1347 460 nm

176 605 192 652 a
212 585 427 674 superstitioso
450 584 503 653 illo
525 585 628 663 cultu,
647 604 710 673 quo
731 583 1051 670 Hierosolymitanum
1072 580 1221 670 templum
1244 601 1353 669 prose·

177 713 364 802 quehantur,
393 723 424 778 et
451 712 606 800 imprimis
634 732 687 780 eos
721 710 869 778 inducere
896 708 935 776 ad
965 707 1194 797 agnoscendum
1223 708 1254 774 in
1283 709 1355 775 lesu

177 839 331 906 Nazareno
347 838 536 927 promissum
554 837 719 914 Messinm,
737 856 830 925 quem
853 831 971 923 Moses]
983 834 1122 900 similem
1146 835 1201 900 sui
1216 831 1355 899 futurum

176 962 390 1052 praedixisset.
421 963 502 1029 Hinc
526 962 618 1030 tacito
638 982 692 1029 eos
713 971 836 1041 monet,
859 970 986 1027 caueant
1008 978 1047 1026 ne
1068 959 1227 1026 imitentur
1248 977 1354 1025 exem·

177 1086 258 1175 plum
282 1087 436 1155 maiorum
459 1107 606 1167 suorum,
624 1087 677 1176 qui
695 1087 816 1154 Mosam
838 1083 978 1151 divinum
995 1084 1127 1171 legatum
1147 1102 1164 1149 a
1181 1087 1216 1149 se
1231 1080 1354 1171 repule-

177 1221 252 1278 rant.
272 1210 453 1279 Orationem
472 1230 559 1279 suam
585 1211 779 1300 Stephanus,
797 1221 832 1277 ut
851 1230 946 1298 supra
967 1209 1049 1287 dixi,
1068 1207 1106 1276 ad
1128 1207 1221 1274 finem
1240 1205 1355 1296 perdu-

176 1355 245 1403 cere
272 1356 334 1403 non
363 1337 479 1425 potuit,
496 1336 636 1424 adeoque
652 1336 852 1404 conclusione
869 1335 921 1402 illa
936 1346 1032 1403 caret.
1050 1315 1156 1421 Quare
1171 1333 1298 1402 difficile
1314 1331 1354 1399 sit

177 1461 305 1544 dooere,
324 1462 426 1531 eundo
450 1484 506 1553 per
528 1463 666 1551 singula,
688 1482 779 1553 quem
801 1464 831 1528 in
856 1462 949 1529 finem
974 1461 1220 1550 unumquodque
1235 1460 1353 1528 dictum

179 1587 279 1655 luerit.

514 1940 688 2015 CAPUT
740 1939 1018 2018 OCTAVUM.

187 2153 370 2206 hrcuururnu.
388 2154 449 2206 Mox
471 2169 486 2206 a
508 2155 635 2222 Stephani
656 2159 755 2219 morte,
773 2157 854 2209 veluti
877 2158 951 2222 signo
973 2157 1051 2221 dato,
1069 2157 1220 2222 gravissima
1241 2157 1361 2210 oboritur

216 2237 338 2289 adversus
370 2236 531 2290 Christianos
561 2240 808 2305 Hierosolymitanns
842 2241 1008 2306 persecutio,
1042 2239 1120 2292 Saulo
1154 2240 1283 2307 imprimis
1315 2253 1359 2293 eos

216 2324 335 2374 rorante.
359 2319 416 2382 Quo
442 2321 473 2372 fit
501 2324 530 2374 ut
556 2321 713 2387 Christiani,
739 2324 856 2390 exceptis
882 2328 969 2376 tamen
995 2323 1138 2390 apostolis,
1165 2323 1360 2390 dispergantur,

217 2402 278 2454 alius
293 2401 358 2466 alio,
376 2416 423 2469 per
444 2404 529 2455 varias
552 2404 661 2457 Iudaeae
686 2409 713 2457 et
738 2405 869 2458 Samariae
892 2407 1024 2470 regiones,
1043 2420 1083 2458 rs.
1101 2407 1175 2457 t-a.
1195 2405 1246 2458 Sed
1273 2407 1358 2470 vergit

219 2498 244 2536 aa
267 2499 308 2538 res
331 2487 358 2537 in
382 2486 573 2538 incrementum
598 2485 760 2539 Christianae
784 2487 930 2552 religionis,
948 2492 979 2540 ut
999 2500 1067 2554 quaa
1088 2500 1160 2540 nunc
1183 2488 1261 2539 etiam
1286 2491 1361 2540 extra

217 2567 415 2635 Hierosolymam
433 2571 576 2635 praedicari
592 2573 691 2639 coepit,
702 2586 741 2624 vs.
755 2572 780 2624 l.
800 2572 843 2625 Sic
859 2586 893 2624 ex
910 2573 1033 2639 dispersis
1050 2587 1133 2637 nnus,
1152 2572 1289 2639 Philippus
1306 2572 1360 2625 dia·

220 2664 310 2715 conus,
329 2655 357 2705 in
381 2655 485 2706 civitate
507 2655 639 2708 Samariae
663 2657 835 2720 Evangelium
856 2657 1003 2723 praedicat,
1022 2656 1150 2723 editisque
1174 2655 1306 2707 miraculis
1327 2655 1361 2707 ad

220 2733 341 2788 divinitus
363 2737 583 2803 comprobandam
606 2739 782 2790 annunciatae
804 2738 937 2791 doctrinae
960 2740 1112 2802 veritatem,
1135 2738 1311 2790 samaritanos
1328 2736 1361 2789 ad

220 2817 271 2872 lesu
289 2819 385 2873 Christi
403 2820 555 2886 religionem
571 2821 709 2874 convertit.
729 2820 830 2883 Quibus
846 2822 983 2889 baptizatis
1000 2823 1095 2875 deinde
1110 2823 1204 2875 Petrus
1215 2826 1242 2874 et
1254 2823 1362 2875 loannes

220 2915 261 2968 per
281 2905 475 2971 impositionem
498 2919 624 2957 manuum
648 2904 775 2972 Spiritum
800 2904 925 2958 Sanctum
948 2907 1100 2969 conterunt,
1119 2921 1157 2958 vs.
1176 2909 1249 2958 5-7.
1277 2905 1360 2967 Quam
1382 2916 1386 2924 ·

221 2992 370 3052 potestatem
387 2989 489 3041 abillis
506 2991 614 3042 mercari
632 2991 690 3043 vult
707 3005 740 3043 ex
758 2992 868 3045 novellis
890 2992 941 3044 illis
964 2992 1118 3045 Christianis
1139 2993 1250 3060 aliquis,
1269 2992 1360 3045 Simon

221 3073 336 3135 nomine,
356 3073 402 3138 qui
419 3076 496 3124 antea
513 3076 596 3125 artem
614 3074 740 3138 magicam
758 3075 890 3127 Samariae
906 3079 1074 3138 exercuerat,
1093 3089 1132 3127 vs.
1151 3077 1258 3128 tr—ta.
1278 3075 1362 3136 Quem

221 3151 307 3207 Petrus
331 3154 501 3208 vehementer
524 3156 645 3222 corripit,
672 3161 699 3209 et
723 3158 756 3211 ad
781 3159 971 3225 poenitentiam
997 3158 1159 3222 adhortatur,
1186 3173 1225 3211 vs,
1254 3159 1384 3212 att-nt.-

222 3233 337 3291 liedeunt
354 3237 559 3305 Hierosolymam
577 3239 670 3291 Petrus
687 3244 714 3292 et
730 3241 853 3306 ioannes,
872 3239 955 3309 eliqua
979 3244 1118 3308 pergentes
1140 3243 1236 3307 passim
1254 3255 1302 3307 per
1318 3254 1364 3293 ro-

222 3321 306 3384 ginnes
331 3322 463 3376 Samariae
487 3324 573 3376 Iesum
599 3324 731 3379 Christum
758 3325 925 3392 praedicant,
950 3340 989 3378 vs.
1013 3328 1056 3378 25.
1083 3325 1219 3393 Philippus
1245 3339 1306 3378 vero
1331 3324 1364 3380 ab

221 3406 307 3471 angelo
329 3406 435 3458 iubetur
456 3407 523 3458 inira
546 3408 633 3471 viam,
656 3423 723 3476 quae
746 3407 842 3461 Gazam
865 3409 951 3471 ducit;
975 3410 1076 3474 inquo
1101 3410 1211 3471 itinere,
1237 3409 1365 3461 divinitus

221 3486 374 3552 admonitus,
386 3489 512 3542 viatorem
529 3492 651 3543 convenit
667 3491 836 3558 Aethiopem,
854 3493 960 3555 reginae
980 3491 1106 3544 Candacis
1123 3493 1271 3544 ministrum
1282 3533 1289 3553 ,
1302 3491 1365 3544 reli-

221 3570 292 3633 gione
310 3572 448 3635 ludnenm;
468 3586 546 3639 quem
564 3573 597 3625 ad
615 3573 694 3626 fidem
717 3575 813 3627 Christi
835 3576 980 3634 convertit,
1002 3577 1029 3627 et
1045 3575 1177 3640 baptizat,
1196 3589 1237 3626 vs.
1255 3574 1362 3626 net-38.

222 3649 273 3712 Quo
296 3653 364 3706 lactc
391 3652 528 3721 Philippus
549 3655 636 3707 subito
659 3656 687 3708 in
710 3657 820 3708 Azotum
845 3656 974 3722 abripitur
996 3669 1030 3707 ex
1051 3655 1131 3707 oculis
1153 3655 1293 3721 baptizati,
1318 3655 1364 3721 qni

221 3731 300 3788 laetus
316 3737 367 3789 itai·
383 3750 461 3788 sunm
479 3737 596 3803 perlicit,
615 3751 655 3789 vs.
675 3738 721 3801 39,
740 3738 781 3789 td.

230 3924 329 3992 Facta
345 3937 391 3992 eet
412 3938 517 3993 nutem
541 3929 576 3993 iu
600 3929 659 3993 itta
678 3931 854 4018 dimoto).
876 3928 1006 3996 Locutio
1023 3950 1052 3992 en
1069 3943 1192 4002 εκεινᾱις
1207 3951 1273 4001 ταις
1289 3926 1362 4013 ἡμε-

194 4063 267 4131 ραις,
297 4061 330 4117 ut
358 4063 389 4117 et
416 4050 570 4119 Hebraica
597 4063 661 4139 nat-p
688 4066 796 4138 canza,
825 4052 905 4119 valet
934 4072 968 4117 eo
1000 4065 1156 4136 tempore,
1190 4052 1363 4136 peridem

194 4177 309 4259 tempus
325 4197 335 4236 .·
352 4174 406 4242 sed
424 4174 519 4243 dictio
535 4198 564 4240 en
580 4198 675 4265 εκεινῃ
691 4201 727 4264 ep
751 4177 848 4267 ἡμερᾳ
872 4188 993 4266 tempus
1016 4188 1099 4244 notat
1120 4176 1311 4257 accuratius,
1329 4186 1365 4243 ut

194 4289 252 4378 trie,
274 4299 328 4366 uhi
350 4298 431 4367 valet
456 4325 463 4366 :
488 4303 598 4366 statim
626 4323 645 4366 a
668 4303 809 4385 lapidato
837 4301 1011 4386 Stephano.
1040 4303 1097 4366 Em
1124 4324 1176 4376 την
1203 4297 1363 4374 εκκλησιαν

193 4424 365 4493 vertendum
387 4446 448 4495 non
472 4437 537 4492 erat
560 4428 596 4492 in
617 4429 761 4508 ecclesio,
784 4427 839 4495 sed
865 4453 873 4495 :
898 4430 935 4494 in
955 4430 1115 4495 ecclesiam
1130 4448 1142 4492 .·
1159 4426 1283 4515 Belgice
1301 4450 1310 4494 z
1329 4447 1365 4491 er
