3074 5054
177 369 244 437 tat
519 366 655 434 ACTUS
693 367 1030 450 APOSTOLORUM,

221 559 277 624 tt.
303 558 390 622 Huic
412 577 519 622 omnes
534 557 734 641 Prophetae,
753 558 840 639 etc).
855 560 959 644 Τουτῳ
977 570 1023 626 εει
1039 561 1169 628 Dativus
1185 564 1344 627 commodi
1349 587 1362 641 ‚-

176 681 301 768 Belgice
317 679 437 748 diceres
457 700 464 741 :
484 701 561 744 ooor
577 684 676 767 deero
695 685 858 765 petoipeo,
882 692 941 748 ete.
958 682 1117 757 ,Sententia
1134 684 1243 750 eodem
1259 684 1360 763 redit,

176 804 201 870 si
216 803 301 871 dieas
320 829 328 871 ε
347 802 385 869 de
409 822 445 869 eo
471 803 555 888 (lesu
578 803 750 885 Nazareno)
775 802 923 870 diuinitus
948 802 1048 871 edocti
1068 805 1272 872 testificantur
1289 825 1364 894 pro·

176 927 287 1016 phetae
304 944 411 992 omnes
428 925 548 1007 (παντες
564 929 591 986 οἱ
609 947 773 1014 apapreat,
793 930 919 992 tortoles
933 929 1128 1014 prophetes).
1147 927 1231 1014 Quid
1249 939 1364 994 testan-

175 1054 245 1120 tort
275 1046 454 1130 Testantur,
488 1050 590 1138 ipsum
623 1070 692 1117 esse
719 1071 790 1117 eum
820 1073 882 1135 per
914 1056 1002 1118 euius
1031 1075 1147 1119 rrooeeo
1175 1054 1243 1142 (per
1271 1053 1364 1118 ouius

175 1195 359 1266 personam,
386 1194 443 1262 per
465 1173 555 1240 euius
582 1194 734 1262 personae
762 1176 882 1263 merita)
909 1189 1094 1260 accepturos
1123 1188 1203 1242 esset
1231 1173 1365 1262 (λαβειν)

175 1300 390 1369 remissionem
418 1308 635 1387 peccatorum,
666 1299 750 1366 nullo
776 1299 957 1367 discrimine
980 1302 1098 1388 gentis,
1123 1301 1267 1389 quisquis
1296 1324 1367 1366 cre-

175 1429 265 1490 deret
288 1426 324 1488 io
351 1444 441 1504 eoor,·
464 1423 530 1487 sive
553 1424 695 1488 erederet
716 1425 789 1506 illi,·
815 1442 885 1491 nam
906 1423 1022 1512 passim
1040 1423 1070 1488 in
1092 1423 1264 1511 Scripturis
1289 1443 1367 1510 pro·

178 1549 297 1616 miscuo
313 1546 427 1613 dicitur
443 1547 567 1610 credere
584 1547 698 1627 elicui,
716 1554 745 1609 et
761 1549 888 1610 credere
906 1550 941 1611 io
958 1549 1115 1632 oliqoeoe5
1134 1545 1190 1613 sed
1207 1547 1368 1635 posterior

177 1669 324 1761 loquendi
360 1669 438 1735 ratio
473 1667 687 1734 Hebraeorum
724 1677 771 1733 est
801 1670 988 1756 (altasar),
1025 1670 1113 1758 prior
1148 1690 1221 1737 uero
1258 1671 1368 1759 potius

179 1797 383 1864 Graecorum.
408 1791 441 1859 S.
470 1792 600 1858 loannes
624 1792 694 1880 (Ep.
715 1793 754 1871 l,
776 1811 846 1878 cap.
866 1791 918 1858 V:
941 1793 999 1882 to)
1024 1793 1055 1858 in
1081 1792 1221 1860 eamdem
1238 1804 1369 1861 senten-

178 1924 252 1990 tiam
275 1919 401 1988 adhibet
417 1919 603 1987 locutionem
621 1921 748 1983 credere
773 1920 808 1983 io
833 1920 970 2003 Filium,
990 1932 1020 1987 ει
1036 1923 1164 1986 eredere
1180 1923 1279 1987 Filio.
1300 1924 1369 1989 No-

178 2059 244 2114 tum
272 2055 335 2124 est,
364 2041 573 2111 Scholastioos
601 2040 856 2109 interdictiones
880 2046 1008 2109 eredere
1032 2045 1099 2109 Deo
1124 2055 1154 2111 et
1178 2049 1308 2110 eredere
1333 2050 1370 2111 ire

180 2173 283 2236 Deum
303 2167 350 2235 sic
365 2165 572 2252 distinguere,
591 2175 625 2231 ut
640 2168 766 2230 eredere
784 2166 850 2230 Deo
866 2166 949 2254 apud
967 2167 1052 2255 ipsos
1069 2177 1153 2234 nolet
1169 2179 1271 2234 actum
1289 2168 1367 2236 fidei

179 2314 271 2384 quam
295 2301 404 2359 vocant
428 2295 613 2376 informem,
639 2289 694 2357 sed
717 2294 843 2356 credero
872 2295 907 2357 io
934 2293 1038 2358 Deum
1061 2304 1163 2361 actum
1191 2296 1267 2377 fidei
1295 2297 1369 2378 for-

178 2429 291 2485 motae.
318 2417 435 2503 «Quae
451 2413 625 2495 distinctio,
643 2424 678 2481 ut
693 2415 849 2503 sapienter
865 2426 970 2482 monet
990 2417 1123 2484 Lorinus
1140 2417 1190 2496 (ad
1206 2419 1276 2484 Act.
1297 2421 1366 2507 Ap.

179 2545 255 2632 Cap.
275 2542 332 2609 V:
358 2542 424 2626 lt),
449 2557 511 2604 nun
538 2548 585 2603 est
609 2537 801 2626 respuenda,
829 2537 904 2605 dum
925 2524 1065 2621 constat,
1092 2560 1153 2607 non
1177 2561 1216 2607 ex
1238 2543 1370 2630 propria

179 2663 359 2752 Scripturae
374 2659 480 2748 phrasi
497 2657 621 2725 ductam
637 2679 706 2726 esse
723 2658 771 2725 vel
790 2658 862 2725 inde
878 2659 940 2725 vim
958 2658 1093 2739 habere,
1113 2660 1167 2727 sed
1184 2682 1222 2728 ex
1239 2682 1370 2730 eorum·

180 2787 251 2856 dem
276 2784 388 2874 placito
412 2782 643 2870 theologorum3
667 2801 739 2848 oum
761 2781 851 2849 liceat
872 2781 910 2849 ad
939 2784 1066 2872 propria
1091 2785 1244 2874 cuiusque
1272 2785 1370 2854 disci-

180 2910 282 2999 plinae
306 2907 504 2976 fundamenta
530 2905 755 2994 significantius
780 2926 816 2973 ac
844 2907 1024 2996 expressius
1047 2907 1248 2999 declaranda,
1275 2909 1367 2977 locu-

179 3036 278 3102 tiones
294 3032 409 3121 alioqui
427 3052 627 3113 communeS,
642 3031 817 3120 peculiares
834 3033 1042 3122 propriasque
1059 3032 1192 3100 efficere.
1213 3063 1226 3092 ι

223 3166 316 3232 Dicat
338 3164 408 3253 quis
432 3185 439 3225 :
465 3161 528 3229 Sed
548 3181 609 3228 cur
631 3159 755 3227 tandem
778 3180 857 3249 opus
879 3161 952 3242 luit,
975 3172 1009 3229 ut
1030 3163 1150 3229 visione
1174 3163 1225 3230 illa
1250 3165 1370 3233 Petrus

70 3296 73 3301 '
178 3290 361 3358 edoceretur
377 3286 415 3353 de
431 3284 584 3355 Gentibus
599 3281 797 3350 admittendis
815 3283 847 3348 in
865 3284 1045 3351 societatem
1061 3286 1140 3352 Novi
1160 3288 1368 3368 Testamenti,

178 3433 275 3503 quum
298 3411 359 3476 iam
384 3408 508 3475 disertis
525 3406 629 3474 verbis
645 3409 732 3474 lesus
748 3407 907 3493 Apostolis
924 3409 1147 3496 praecepisset,
1167 3419 1201 3475 ut
1217 3413 1371 3478 docerent

175 3547 282 3623 peotes
298 3532 431 3600 omnes?
447 3531 569 3616 (March.
595 3532 759 3600 XXVlll:
783 3533 841 3610 19,
867 3534 930 3612 to;
957 3534 1057 3600 Marc.
1082 3534 1162 3602 XVl
1183 3560 1189 3600 :
1212 3537 1271 3615 tt;
1294 3538 1365 3604 Act.

177 3666 240 3753 Ap.
260 3664 297 3729 1:
315 3659 352 3749 8)
367 3659 547 3746 Quaestioni
569 3657 643 3724 huic
668 3659 768 3723 Lucas
794 3658 963 3745 Brugensis
981 3659 1035 3748 (ad
1057 3659 1168 3726 llatth.
1188 3661 1335 3729 XXVlll
1357 3684 1365 3725 :

181 3789 234 3872 te)
251 3786 430 3877 respondet,
449 3783 658 3862 ooniioiendo,
673 3782 840 3871 Apostolos
855 3804 915 3850 non
933 3784 1070 3873 primum
1088 3786 1192 3853 statim
1209 3799 1370 3856 momento

180 3919 380 4001 praeceptum
405 3907 465 3975 hoc
489 3906 572 3974 clare
600 3906 808 3987 intellexisse3
833 3907 864 3972 iu
889 3928 949 3996 qua
978 3909 1124 3998 opinione
1152 3909 1241 3978 video
1270 3911 1371 3980 luisse

181 4035 274 4102 etiam
292 4032 518 4112 Salmeronem,
535 4032 642 4097 Tract.
661 4031 789 4118 XXXll
808 4029 838 4095 in
855 4031 926 4096 Act.
946 4023 1009 4119 Ap.

226 4276 373 4344 tel-ta.
399 4274 511 4340 Adduo
539 4277 681 4361 loquente
709 4277 806 4341 Petro
834 4275 927 4340 oerdo
950 4278 1041 4355 doec,
1065 4277 1179 4340 cecidit
1200 4274 1366 4359 Spa-tene,

183 4400 270 4482 etc).
290 4402 401 4467 Petrus
418 4399 503 4467 hunc
519 4419 695 4468 sermonem
712 4399 844 4467 necdum
862 4399 1000 4479 linierat,
1018 4419 1088 4465 cum
1107 4399 1138 4464 in
1154 4398 1285 4487 gentiles
1301 4399 1369 4468 eius
