3074 5054
177 383 221 449 8t
506 382 640 450 ACTUS
678 381 1012 464 Arosnottttttttt,

176 590 279 637 sermo
303 569 356 638 hio
371 575 593 656 operatorios,
614 572 647 640 h.
666 594 695 639 e.
715 576 891 663 operantis,
911 596 971 642 non
988 575 1161 664 praemon,
1180 585 1232 641 aut
1248 585 1354 663 optan-

176 694 228 759 tis.
246 694 371 761 Nomen
388 695 477 774 lesu,
496 695 522 761 si
539 692 579 761 de
595 695 753 783 patrandis
770 708 822 763 ant
839 698 964 786 patratis
989 698 1148 765 miraculis
1169 710 1353 777 sermnem,

175 817 214 885 ad
233 818 300 886 eins
321 819 466 886 virtutem
487 819 553 886 sive
576 821 745 909 potentiam
770 842 839 889 esse
863 822 1072 905 referendum,
1091 822 1202 911 colligo
1220 844 1257 889 ex
1275 825 1352 912 Cap.

176 941 222 1008 tv
240 961 248 1003 t
269 944 329 1022 50,
347 940 399 1008 nbi
425 926 565 1031 prodigia
581 942 647 1009 [ieri
667 943 815 1012 dieantur
833 967 894 1030 por
910 968 1023 1013 nomen
1039 943 1108 1036 (tto
1124 970 1176 1009 του
1194 945 1356 1034 ονοματος)

175 1067 257 1134 lesu.
283 1061 476 1155 Praepositio
493 1090 535 1145 εν,
554 1067 585 1132 in
603 1067 758 1135 loentione
780 1091 808 1132 εν
830 1094 873 1155 τῳ
891 1092 1030 1156 ονοματι,
1048 1081 1144 1151 notat,
1165 1074 1200 1136 in
1216 1071 1353 1159 potentia

176 1192 247 1259 Iesu
270 1191 387 1259 Christi
410 1211 536 1259 eausam
556 1212 624 1258 esse
643 1192 727 1259 iilius
744 1194 924 1261 sanationis.
951 1197 1058 1262 Monet
1073 1194 1111 1262 ad
1128 1192 1162 1261 h.
1181 1194 1203 1260 i.
1222 1196 1317 1262 Corn.
1338 1214 1356 1262 a

175 1317 252 1407 Lap.
279 1318 440 1406 sequentia
467 1343 475 1383 z
509 1319 749 1399 «Potestatem,
769 1320 893 1404 inquit,
912 1318 1045 1387 faciendi
1069 1318 1219 1387 miracula
1241 1320 1354 1385 Petrus

173 1441 300 1507 habetat
321 1452 571 1529 permanentem,
598 1461 659 1506 non
683 1462 740 1529 per
765 1440 922 1522 habitum,
941 1443 996 1510 sed
1019 1442 1114 1509 instar
1137 1441 1272 1509 habitus.
1292 1439 1352 1507 Dei

174 1565 257 1632 enim
280 1565 487 1632 assistentiam
512 1563 644 1631 habehat
667 1564 706 1631 ad
730 1565 859 1632 modum
883 1566 1026 1646 habitus,
1045 1577 1079 1633 nt
1095 1587 1152 1655 per
1170 1566 1238 1633 eins
1254 1565 1355 1631 omni-

175 1690 344 1780 potentiam
367 1690 427 1758 sibi
452 1700 608 1779 paratam,
635 1690 756 1779 quoties
780 1688 889 1771 vellet,
917 1691 1006 1757 toties
1032 1688 1217 1757 miraenlnm
1234 1688 1352 1755 ederet.

174 1816 277 1883 Deum
301 1834 374 1903 ergo
397 1813 521 1903 Deique
545 1814 712 1902 potentiam
737 1815 849 1881 Petrus
867 1815 955 1903 quasi
975 1812 1108 1883 habehat
1132 1815 1164 1880 in
1190 1833 1300 1894 manu,
1319 1832 1355 1878 ae

175 1958 232 2027 per
255 1958 322 2004 eam
353 1947 418 2004 erat
447 1937 535 2024 quasi
565 1937 813 2025 omnipotens.»
845 1938 959 2005 Confer
990 1939 1080 2005 etiam
1107 1938 1140 2005 S.
1167 1936 1230 2004 Th.
1257 1940 1291 2004 2.
1318 1939 1352 2003 2.
1421 1951 1425 1958 ·

175 2082 208 2149 q.
237 2062 314 2129 t78.
341 2061 409 2127 Art.
440 2062 471 2127 i.

220 2311 254 2375 7.
281 2309 413 2386 Graeca,
442 2331 493 2370 και
521 2330 635 2381 renone
653 2331 682 2370 κ.
703 2331 732 2370 τ.
751 2303 797 2384 i„
816 2305 941 2393 Belgioe
958 2316 1057 2372 ventas
1076 2326 1084 2368 ε
1104 2327 1143 2371 eo
1158 2308 1228 2370 tem
1250 2325 1293 2368 nir
1318 2324 1355 2367 nn

176 2453 366 2500 nnornnmnn
389 2437 450 2520 (της
474 2427 590 2508 tettae,
609 2431 772 2501 Genitivns
791 2434 915 2515 portis,
934 2429 997 2496 vid.
1023 2431 1081 2498 Gr.
1107 2448 1177 2517 pag.
1200 2429 1287 2507 205,
1307 2424 1358 2514 d.)

175 2569 264 2641 peoot
285 2558 437 2622 tebbeode
452 2553 600 2643 (πιασας).
628 2552 860 2643 Comprehensa
884 2572 977 2620 mann
1001 2553 1068 2619 eius
1093 2550 1231 2631 dextera,
1254 2552 1359 2615 erexit

176 2680 298 2772 (ηγειρε)
326 2701 415 2762 enm,
445 2691 475 2745 et
502 2682 663 2762 confestim
688 2685 907 2769 (παραχρημα,
938 2675 1082 2762 dadelijk)
1110 2678 1196 2741 boses
1225 2677 1293 2740 etos
1315 2677 1358 2759 (αἱ

178 2801 284 2889 βασεις
306 2808 435 2888 ptootoe
456 2806 562 2886 pedis,
582 2802 620 2869 de
639 2800 828 2881 voetzoolen)
845 2814 875 2868 et
893 2804 1024 2884 ptontoe
1042 2799 1092 2880 (τα
1109 2821 1209 2889 opopa
1227 2800 1302 2876 toti,
1321 2796 1359 2863 de

178 2925 299 3009 hinton,
316 2931 479 3015 verzenen)
496 2928 710 2993 consolidatae
725 2937 811 2992 root.

224 3177 259 3245 8.
280 3177 324 3241 Et
339 3177 483 3242 omittens.
511 3175 570 3243 Gr.
596 3198 647 3237 και
671 3171 867 3259 εξαλλομενος
885 3177 1134 3258 (opposproopeo
1156 3170 1270 3256 aanor)
1287 3166 1357 3233 soil.

180 3318 197 3364 e
219 3297 308 3380 loon,
327 3299 359 3365 in
383 3320 445 3389 qno
468 3297 604 3379 iacebat,
618 3303 705 3366 stetit
727 3283 807 3377 (εστὴ
826 3300 871 3378 ltt'j
885 3299 978 3363 stood
994 3318 1033 3380 op
1048 3299 1130 3376 zp'ne
1145 3289 1276 3371 vortere),
1296 3302 1357 3357 eto.

180 3424 345 3490 ambulans
363 3436 392 3491 et
407 3427 539 3490 emittens
557 3422 684 3510 (gaande
700 3443 739 3488 en
755 3420 966 3511 springende).
987 3420 1053 3487 lbat
1069 3420 1127 3498 ita,
1146 3428 1180 3483 nt
1192 3436 1248 3504 per
1264 3414 1361 3481 inter-

179 3548 259 3616 valla
273 3547 422 3637 temporis
439 3567 514 3637 prae
529 3546 641 3634 gaudio
658 3545 828 3614 subsiliret.

198 3805 201 3820 ’
228 3797 351 3863 9-10.
380 3793 494 3860 Omnia
526 3794 684 3877 popolus).
716 3790 827 3860 Omnis
855 3788 907 3855 ille
935 3786 1092 3877 populns,
1122 3785 1175 3874 qui
1205 3783 1263 3851 hae
1286 3782 1363 3851 hora

183 3920 329 4010 frequens
353 3919 459 3987 aderat
481 3920 513 3986 in
533 3919 685 4008 Templo,
710 3918 832 3984 videbat
854 3936 926 3982 eom
949 3917 1128 3979 tondentem
1147 3913 1262 3977 Deum.
1287 3911 1364 3976 Pro·

184 4062 258 4109 num
283 4052 329 4109 est
349 4041 503 4123 indicare,
528 4040 685 4108 hominem
710 4038 749 4106 oh
773 4037 962 4106 sanationem
986 4055 1074 4102 snam
1097 4031 1360 4110 exnitabnntlnm,

185 4175 216 4230 et
233 4184 308 4232 voee
324 4164 514 4252 et'religioso
538 4175 626 4252 gestu
645 4165 713 4229 Deo
737 4173 857 4250 gratnm
881 4181 973 4228 snum
996 4159 1134 4226 animum
1150 4155 1246 4223 fnisse
1271 4164 1363 4222 testa-

185 4298 263 4358 tum.
290 4291 324 4356 ln
348 4311 545 4379 επεγινωσκον
574 4256 664 4352 aaron
687 4291 732 4351 ὁτι
758 4286 843 4360 οὗτος
859 4308 892 4359 ην
909 4296 957 4352 est
971 4286 1118 4351 attractio
1135 4281 1186 4348 ilia
1203 4280 1278 4347 satis
1302 4279 1363 4345 ste-

186 4428 285 4496 quens
302 4410 375 4501 (vid.
390 4412 449 4479 Gr.
464 4407 563 4498 365),
578 4408 678 4496 quatis
695 4418 741 4474 est
757 4406 788 4473 in
805 4405 866 4474 hoo
882 4405 1042 4473 Ciceronis
1055 4403 1104 4489 (ad
1121 4405 1209 4470 Fam.
1225 4401 1269 4470 tv
1286 4425 1294 4466 ε
1311 4399 1360 4480 tt:
1387 4400 1389 4403 ’
