3074 5054
445 392 581 460 CAPUT
616 391 713 470 Vlll,
750 392 872 462 Vltus.
912 396 1057 464 lh-ld.
1286 396 1352 463 ata

181 589 268 652 ctiam
292 589 361 669 ipae
383 587 530 651 credidit.
561 584 701 653 Vere-ne
724 584 831 652 Simon
856 584 1044 665 crediderit,
1067 606 1105 653 an
1128 605 1201 652 vero
1225 596 1352 653 externa

181 719 289 776 tantum
310 708 416 798 specie
439 707 533 775 fidem
555 707 672 775 Christi
698 707 857 796 professus
880 709 938 787 sit,
963 707 1066 775 adhuc
1088 707 1288 797 disputatum.
1312 709 1353 775 Et

180 845 290 922 potest,
308 847 344 904 ut
367 832 444 903 mihi
468 833 603 914 videtur,
620 832 660 901 de
685 832 746 901 hoc
772 833 937 923 disputari.
961 835 1071 922 Neque
1092 833 1175 901 enirn
1196 835 1228 899 in
1249 834 1352 900 Lucae

180 959 347 1026 narratione
367 958 485 1027 dictum
509 956 682 1046 quidquam
701 967 765 1038 est,
785 955 869 1045 quod
890 967 921 1023 te
942 965 1031 1040 capot
1052 965 1104 1036 ut,
1121 954 1216 1022 altera
1238 955 1352 1021 reiecta
1378 952 1380 957 ⁴

180 1082 339 1164 sententia,
369 1084 496 1150 alteram
522 1081 732 1172 amplectaris
757 1080 850 1167 Quod
874 1080 949 1148 dicit
972 1079 1193 1168 Stapletonius,
1210 1079 1273 1146 lalli
1290 1098 1352 1145 non

180 1229 263 1298 posse
286 1210 481 1300 Scripturam
507 1229 586 1297 quae
614 1208 691 1276 dixit
715 1208 874 1276 Simonem
897 1209 1084 1285 credidisse,
1106 1204 1139 1271 id
1165 1203 1292 1293 quidem
1313 1202 1352 1270 ad

181 1347 366 1423 praesentem
388 1334 629 1403 controversiam
658 1331 863 1400 dirimendam
889 1352 949 1399 non
973 1331 1048 1398 satis
1070 1331 1164 1398 ualet.
1190 1329 1353 1418 Scriptura

181 1458 271 1540 enlm,
293 1459 379 1548 quod
402 1458 565 1527 Cornelius
580 1479 599 1525 a
617 1457 734 1546 lapide
756 1456 808 1524 hia
830 1457 967 1536 monuit,
993 1474 1085 1544 saepe
1106 1453 1245 1542 loquitur
1265 1473 1352 1520 more

182 1579 353 1664 hominum3
377 1583 417 1650 iis
440 1583 523 1651 enim
551 1603 585 1650 se
611 1580 842 1662 accommodam
871 1580 1013 1648 homines
1035 1589 1137 1647 autem
1164 1576 1300 1645 iudicant
1321 1586 1353 1644 et

182 1705 342 1795 loquuntur
357 1705 397 1774 de
417 1706 512 1775 rebus
532 1717 562 1774 et
582 1707 725 1797 personis
749 1717 842 1795 prout
862 1706 999 1774 exterius
1017 1715 1186 1794 appaream
1204 1703 1351 1770 interiora

182 1830 255 1898 euim
277 1841 309 1898 et
332 1850 443 1898 aroana
470 1830 575 1898 cordis
599 1831 778 1920 perspicere
805 1839 976 1918 nequeunt.
996 1829 1050 1897 Sic
1072 1848 1145 1917 ergo
1167 1827 1275 1896 Simon
1300 1825 1352 1894 hic

183 1953 287 2022 dicitur
307 1954 495 2035 credidisse,
522 1956 594 2044 quia
615 1955 753 2023 exterius
781 1954 984 2045 profitebatur
1008 1974 1042 2021 se
1064 1952 1211 2032 credere,
1233 1962 1300 2019 esto
1321 1952 1352 2020 id

183 2075 318 2164 lingeret,
337 2088 368 2145 et
383 2097 490 2145 revera
505 2079 636 2146 interius
653 2082 684 2145 in
701 2079 797 2147 corde
813 2100 874 2147 nou
895 2078 1048 2146 crederet.
1094 2102 1096 2107 ·

219 2215 247 2270 et
260 2226 333 2270 cam
354 2205 533 2288 baptizatae
549 2214 644 2289 esset,
664 2205 855 2270 adhaerebat
870 2199 1050 2288 Philippo).
1068 2205 1239 2278 Graecam
1256 2226 1352 2296 προσ-

182 2349 324 2418 καρτερωιι
352 2350 395 2412 τῳ
422 2323 584 2412 Φιλιππῳ,
603 2326 635 2394 h.
662 2348 691 2395 e.
721 2329 760 2394 ad
789 2330 856 2393 cias
885 2329 982 2392 latere
1005 2348 1070 2393 aaa
1094 2329 1279 2394 discedebat.
1304 2327 1353 2394 De

181 2450 329 2519 locutione
348 2473 581 2541 προσκαρτερειν
606 2474 666 2516 τινι
687 2452 758 2520 uide
781 2472 876 2542 supra
899 2475 932 2542 p.
948 2455 1010 2532 503
1032 2464 1061 2520 ct
1077 2454 1117 2520 de
1132 2453 1259 2541 Syotaxi
1276 2454 1353 2520 Par-

181 2573 270 2664 ticipii
299 2595 372 2642 aum
387 2574 493 2643 Verbo
517 2574 714 2644 Substantivo
732 2597 802 2666 pag.
824 2580 900 2646 lat.
921 2578 1100 2667 Speraverit
1122 2579 1349 2667 praestigiator,

181 2717 213 2765 ex
235 2700 287 2766 illa
309 2698 514 2766 familiaritate
537 2701 715 2789 contingere
739 2702 798 2769 sihi
821 2722 913 2792 posse
929 2701 1105 2770 facultatem
1130 2701 1279 2770 miracula
1295 2723 1350 2792 pa·

181 2825 291 2906 trandi,
310 2823 411 2914 qualia
428 2823 568 2913 patrabat
584 2824 762 2916 Philippus.

220 2953 327 3016 uidem
355 2953 451 3016 etiam
477 2953 569 3035 sipha
596 2990 641 3000 —-
669 2955 909 3044 admirabatur).
939 2954 1055 3022 Sensus
1082 2963 1129 3021 est
1155 2978 1163 3020 :
1193 2973 1352 3044 quumque

180 3087 314 3143 cerneret
341 3076 469 3166 (daopoa
495 3084 536 3165 τε)
565 3097 673 3166 magua
701 3079 778 3146 varii
803 3080 925 3168 generis
947 3079 1097 3148 miracula
1121 3076 1279 3170 (δυναμεις
1299 3104 1351 3143 και

179 3223 284 3288 copam
314 3197 458 3291 papeia),
481 3220 599 3289 quaea
626 3202 774 3293 Philippo
803 3203 972 3271 edebantur
999 3204 1185 3294 (peropaca),
1207 3201 1352 3290 obstupe·

178 3323 271 3393 iactus
287 3335 351 3407 est3
366 3345 476 3414 graece
486 3321 643 3407 ιξιστατο,
659 3328 697 3396 de
713 3350 775 3419 quo
792 3327 900 3399 Verbo
916 3328 988 3396 ride
1003 3348 1098 3417 supra
1109 3327 1149 3395 ad
1164 3328 1240 3418 Cap.
1257 3328 1347 3395 1127.

220 3571 273 3638 tt.
302 3567 406 3648 Quam
430 3583 534 3638 catam
561 3574 741 3656 audissem,
761 3570 852 3660 ete).
878 3570 955 3638 Cum
972 3571 1134 3660 Apostoli,
1157 3571 1210 3658 qui
1233 3580 1267 3638 ut
1284 3569 1351 3639 dic·

177 3704 238 3760 tum
260 3703 308 3761 est
328 3692 392 3782 (vs.
413 3693 460 3784 l),
486 3696 714 3784 lli'e‘rcsolymis
743 3695 923 3763 commorati
941 3705 1045 3776 crant,
1069 3693 1280 3783 accepissent,
1298 3695 1352 3761 Sa-

177 3818 303 3885 mariam
327 3818 501 3908 amplexam
529 3840 598 3887 esse
622 3819 715 3888 fidem
743 3819 968 3897 Christianam,
989 3821 1025 3886 ed
1046 3819 1198 3886 miserunt
1223 3820 1350 3885 Petrum

176 3951 204 4008 et
229 3944 395 4024 loannem3
423 3954 595 4033 nempeut
622 3943 654 4011 hi
684 3943 845 4032 baptizatis
872 3942 1072 4010 Samaritanis
1100 3940 1350 4009 confirmationis

176 4067 407 4136 Sacramentum
431 4069 625 4150 conterrent,
652 4068 736 4158 quod
762 4090 822 4136 non
845 4061 963 4158 poterat
988 4068 1154 4157 Philippus
1177 4068 1345 4135 Diaconos.

206 4371 224 4435 'l
241 4372 306 4424 Vide
324 4372 501 4426 Salmeronem
518 4373 602 4426 Tract.
619 4373 701 4426 XXVI
713 4375 739 4424 iu
786 4373 938 4440 apostolicis
955 4374 997 4439 (ad
1016 4372 1043 4424 h.
1062 4372 1101 4439 l),
1118 4372 1252 4433 Larinum,
1271 4369 1349 4423 Corn.

177 4452 231 4506 dot.
260 4455 329 4522 Ap,
350 4455 529 4524 Stapletonarn
555 4459 583 4509 iu
610 4453 740 4510 hutidctis
790 4456 929 4525 aLaplde,
941 4457 1041 4510 calmet
1052 4455 1095 4524 (ad
1107 4455 1133 4508 h.
1144 4452 1197 4522 1.).,
1210 4454 1283 4507 alios.
