3074 5054
175 365 241 431 474
525 360 660 428 ACTUS
697 360 1030 445 APOSTOLORUM,

174 551 340 621 theatrales
361 551 427 619 suis
449 549 604 618 sumtibus
629 550 675 626 (ut
695 552 813 618 Romae
836 551 963 635 aediles)
984 553 1095 634 edere;
1125 554 1207 622 uode
1232 556 1358 623 nonnisi

174 673 385 765 opulentiores
408 672 488 740 hane
511 673 703 762 provinciam
728 673 834 741 subire
863 685 1015 763 poterant.
1046 679 1161 745 Munus
1187 677 1361 746 Asiarchae

173 819 309 867 annuum
327 808 403 865 erat.
424 796 602 886 Eligehatur
619 796 680 865 hoc
696 796 788 865 modo
808 821 816 863 ε
835 799 923 867 initio
948 801 1102 889 cuiusque
1125 800 1216 878 anni,
1236 799 1269 868 id
1294 811 1359 879 cst,

174 922 233 991 suh
249 921 479 1011 aequinoctium
503 919 697 999 autumnale,
711 920 851 1010 singulae
874 920 969 990 urbes
984 923 1078 991 Asiae
1101 923 1288 991 concionem
1306 922 1360 993 ha·

174 1046 304 1127 behaot,
323 1047 353 1113 in
371 1065 432 1134 qua
455 1045 509 1114 uni
534 1065 573 1112 ex
591 1045 657 1113 suis
674 1043 977 1136 ciuibusAatapqrae
995 1047 1144 1114 honorem
1163 1047 1357 1116 deserebant.

174 1173 255 1240 'l'um
272 1190 475 1260 unaquaeque
496 1171 604 1238 ciuitas
628 1171 760 1258 legatum
784 1172 952 1240 incertam
976 1171 1086 1240 urhem
1109 1171 1252 1240 mittebat
1267 1171 1360 1239 Asiae

175 1296 406 1386 proconsularis
431 1296 609 1386 primariam
629 1297 748 1386 (quales
764 1307 853 1364 crant
876 1296 1041 1386 Ephesus,
1061 1297 1210 1384 Smyrna,
1225 1296 1357 1376 Sardoa,

173 1416 266 1506 aliae)
279 1419 318 1487 ad
332 1444 366 1484 το
383 1420 533 1502 natumst.
552 1440 581 1487 c.
601 1419 639 1488 ad
663 1440 828 1488 commune
844 1421 944 1508 gentis
968 1421 1157 1501 concilium,
1173 1420 1227 1509 qui
1246 1439 1357 1487 nomen

175 1541 262 1622 eius,
284 1542 337 1629 qui
365 1541 448 1609 domi
474 1541 591 1609 electus
614 1552 698 1623 erat,
725 1541 850 1631 publice
874 1543 1076 1610 renuntiaret.
1103 1544 1150 1609 Ex
1178 1540 1229 1609 his
1255 1552 1357 1609 autem

175 1682 253 1751 quos
265 1661 403 1750 singulae
419 1661 513 1730 urbes
529 1662 622 1729 Asiae
645 1661 813 1730 Asiarchas
832 1663 1082 1743 nominaverant,
1101 1672 1166 1729 tum
1182 1661 1357 1751 ¹seligehan-

175 1798 226 1854 tur
241 1786 411 1855 Asiarchae
427 1787 554 1869 decem,
573 1807 706 1876 quorum
723 1807 804 1855 unus
821 1787 933 1855 ceteris
949 1785 1202 1876 praeficiebatur.

221 2033 277 2100 52.
303 2031 375 2097 Alii
402 2040 508 2097 autem
535 2032 625 2096 aliud
649 2030 843 2114 clamabant,
871 2037 957 2121 etc).
990 2029 1080 2112 Erpa
1105 2026 1182 2114 (our)
1210 2028 1287 2095 varii
1312 2029 1352 2097 ihi

176 2164 264 2220 erant
291 2153 462 2233 clamores,
480 2156 553 2220 aliie
575 2155 641 2219 olio
664 2156 829 2240 quaepiam
852 2153 1097 2239 vociferantibus
1115 2148 1218 2242 (ailoe
1234 2149 1312 2216 alla
1327 2175 1353 2215 τι

174 2283 322 2372 eupator).
341 2281 407 2349 Nec
423 2280 455 2349 id
470 2281 603 2362 mirum;
622 2290 688 2347 erat
712 2281 794 2348 enim
820 2291 922 2347 cactus
947 2282 999 2346 illc
1021 2278 1054 2368 (ἡ
1071 2275 1232 2363 acaia-rra)
1250 2288 1354 2346 coetus

175 2409 323 2491 confusos
339 2403 573 2496 (συγκεχυμενη)
590 2405 612 2470 1.
632 2424 661 2471 e.
687 2403 845 2480 turbatus,
870 2403 913 2472 uti
939 2402 974 2470 fir
995 2401 1118 2491 quando
1136 2399 1225 2490 plebs
1244 2399 1354 2468 tumul-

178 2529 276 2596 tuarie
300 2528 478 2608 concurrit,
502 2537 532 2593 ct
552 2531 699 2614 plerique
724 2529 767 2619 (οἱ
794 2523 923 2604 πλειους)
948 2525 1144 2606 nesciebant,
1169 2544 1302 2612 quanam
1318 2543 1355 2589 er

177 2674 271 2722 causa
287 2653 362 2722 illuc
379 2653 607 2722 conuenissent.

222 2780 271 2846 De
286 2779 316 2846 ri
333 2779 508 2846 Particulae
524 2801 575 2842 our
589 2776 748 2855 hocloco,
762 2775 832 2842 ride
848 2776 887 2843 ad
904 2777 981 2865 Cap.
997 2775 1075 2844 Vlll
1091 2799 1099 2841 r
1117 2777 1137 2843 4
1153 2801 1161 2843 :
1180 2788 1211 2844 et
1227 2777 1266 2844 de
1283 2797 1352 2857 usu,

179 2923 272 2993 quem
288 2902 341 2970 hie
355 2902 470 2971 hahent
485 2925 539 2990 par
556 2913 586 2970 et
602 2898 634 2967 da
651 2901 710 2986 (vs.
730 2901 800 2989 55),
819 2901 889 2968 vide
906 2898 984 2969 ihid.
1004 2897 1043 2967 od
1059 2919 1106 2966 rs,
1125 2901 1181 2968 25.

222 3147 367 3214 35-3o.
386 3147 434 3211 De
451 3147 543 3212 turdo
555 3155 660 3211 autom
675 3142 885 3211 detruncarunt¹
900 3147 1141 3228 Alexandrum,
1158 3143 1246 3225 eled.
1265 3146 1310 3208 Ea
1326 3140 1356 3208 dc

176 3294 228 3337 του
245 3269 356 3358 apion,
370 3273 440 3340 scil.
459 3295 553 3353 τινες,
572 3272 657 3361 quod
678 3271 731 3339 hie
755 3270 963 3362 supplendum
980 3270 1116 3349 uidetur,
1136 3281 1170 3336 ut
1185 3280 1271 3336 certe
1287 3290 1357 3358 sup·

176 3399 323 3488 plcndum
340 3410 386 3467 est
402 3401 487 3467 loan.
512 3401 592 3470 XVI
609 3425 616 3468 ι
634 3402 687 3467 17.
716 3401 822 3487 ltaque
844 3398 990 3466 verterim
1009 3417 1017 3460 τ
1039 3398 1177 3478 eridam
1195 3407 1303 3461 autem
1320 3416 1355 3460 ea

177 3527 235 3590 illu
252 3525 344 3590 trrrba
358 3536 589 3609 protraxerunt
606 3525 846 3602 Alexandrum,
864 3523 997 3588 Iudaeis
1013 3543 1081 3586 eum
1101 3517 1208 3609 (pone)
1230 3520 1357 3602 propel-

176 3649 339 3715 lentibus.
359 3648 534 3716 Alexander
549 3659 667 3724 autem,
686 3647 765 3725 iam,
781 3656 816 3715 ut
832 3645 965 3724 uidetur,
986 3645 1016 3711 in
1040 3643 1235 3711 eminentiori
1253 3642 1356 3732 aliquo

176 3774 245 3842 loeo
259 3771 459 3855 constitutum
474 3792 570 3860 quum
594 3793 693 3838 arecon
711 3783 796 3838 moto
812 3770 1013 3860 (caraecarae
1029 3791 1081 3844 την
1097 3790 1198 3858 papa.
1218 3767 1301 3838 Vide
1319 3766 1356 3836 ad

177 3957 350 3968 ...ι-.-

210 4077 230 4144 1)
248 4079 331 4140 Quem
347 4077 373 4128 in
392 4076 473 4128 finem
490 4075 667 4128 Alexandrum
680 4089 744 4143 pra-
791 4074 861 4140 quod
888 4088 926 4127 vs.
957 4073 989 4126 34
1018 4075 1051 4127 ab
1081 4074 1200 4142 Ephesiis
1223 4057 1359 4134 Ιουδαιος

177 4161 307 4213 traxerint
333 4159 389 4221 illi,
414 4161 440 4210 et
463 4157 489 4208 hi
515 4157 693 4224 propalarint,
716 4159 744 4208 in
791 4157 895 4221 dieitur,
914 4157 941 4209 iel
963 4157 1069 4224 quidem
1090 4172 1144 4210 rem
1165 4171 1217 4210 non
1239 4158 1356 4216 ceolhelm

177 4247 251 4295 tanta
272 4243 400 4299 brevitate
423 4240 580 4292 narrationis
601 4242 671 4291 certo
694 4238 745 4290 dici
791 4239 958 4304 potuitonim
976 4239 1056 4293 fuisso
1072 4239 1357 4293 iudaea-Christianus.

178 4324 279 4390 nequit.
294 4325 424 4376 lneertum
435 4321 533 4388 pariter
544 4325 597 4385 est,
616 4322 746 4374 luerit-nc
791 4321 845 4373 Nec
864 4322 946 4386 magis
963 4323 1055 4386 scitur,
1069 4322 1132 4390 quid
1151 4321 1302 4375 Alexander
1318 4320 1359 4373 ilio

178 4405 327 4463 Alexander
339 4405 382 4458 ille
392 4404 557 4458 Christianus
566 4417 672 4466 nee-nm
684 4417 745 4458 uam
791 4404 909 4473 apologia
922 4420 969 4458 sua
982 4406 1087 4474 proprio
1098 4405 1252 4458 intenderit.
