3074 5054
182 372 225 440 56
504 371 650 440 durus
686 370 1013 440 APOSTOLORUM.

182 560 295 629 dixerit
316 560 532 649 ihSingulari·
545 584 650 627 αυτου.
676 561 867 629 Vaticinium
891 544 951 626 hoc
973 559 1012 626 ad
1035 558 1165 626 ludaeos
1187 560 1270 647 quod
1286 562 1357 629 atti·

181 694 263 764 net,·
280 682 540 773 complementum
571 704 662 751 suum
690 682 798 752 habuit
824 685 856 750 in
891 683 978 751 clade
1010 683 1276 769 ierosolymitana.
1307 685 1357 753 Ad

179 806 288 875 ludam
312 811 396 874 vero
411 805 494 895 quod
513 818 648 894 spectat,
670 805 878 873 indubitanter
902 805 1016 886 credo,
1036 806 1127 872 etiam
1151 806 1182 872 in
1206 806 1259 873 illo
1280 808 1358 874 vati-

180 930 295 998 cinium
319 929 396 997 illud
419 929 578 1018 impletum
603 929 717 1010 luisse,
733 948 919 1018 quamquam
943 949 1004 996 non
1029 929 1072 995 ita
1093 927 1176 995 clare
1200 929 1357 1020 perspicio

179 1056 324 1132 modam,
343 1073 404 1142 quo
422 1052 452 1120 id
469 1052 583 1119 lactum
599 1053 651 1120 sit.
1280 1039 1283 1043 ’

223 1178 370 1245 Psalmus·
388 1178 453 1245 108
477 1175 590 1263 (llebr.
621 1173 699 1261 109)
723 1175 895 1243 secundum
919 1176 1051 1243 litteram
1075 1195 1093 1242 a
1117 1174 1275 1264 Propheta
1291 1177 1355 1250 Da·

179 1297 249 1370 vide
272 1297 373 1366 dictus
396 1297 518 1365 videtur
542 1298 573 1364 in
590 1298 828 1367 calumniatores
844 1318 937 1378 suna,
956 1309 986 1364 et
1009 1296 1208 1387 peculiariter
1225 1298 1255 1364 in
1273 1299 1357 1366 Doe-

177 1441 266 1509 gem,
297 1423 350 1509 qul
378 1421 446 1495 sub·
465 1423 549 1509 Rege
576 1422 668 1489 Saule
692 1423 784 1510 regiis
807 1422 952 1510 gregibus
983 1431 1049 1523 erat
1076 1421 1269 1511 praelectus3
1300 1423 1356 1491 sed

177 1550 282 1637 typice
309 1550 436 1639 respicit
463 1549 592 1617 ludaeos
619 1560 649 1616 et
676 1549 802 1630 ludam,
833 1549 945 1617 hostos'
968 1549 1105 1629 Christi,
1135 1550 1225 1617 cuius
1252 1549 1355 1617 David

180 1681 286 1760 typum
308 1671 429 1760 gessid.
448 1673 645 1741 Vocabulum
668 1695 836 1750 επισκοπη,
863 1671 946 1762 quod
971 1671 1023 1741 hic
1045 1684 1074 1740 et
1096 1673 1178 1762 apud
1200 1674 1289 1740 LXX
1311 1673 1352 1740 le·

176 1795 277 1880 gitur,
306 1794 472 1884 respondet
498 1796 653 1863 Hebraico
681 1810 761 1887 caph
786 1817 847 1885 quo
873 1798 1016 1863 universe
1045 1796 1236 1884 significatur
1260 1818 1355 1880 proe-

175 1920 301 2000 soctoro·
325 1917 446 2004 aliqua,
461 1916 613 2002 *officiam
640 1920 705 1987 sive
731 1923 951 1986 ministeriam
977 1918 1115 2006 aliquod.
1142 1918 1190 1986 Ad
1218 1918 1354 1987 officium

176 2042 381 2125 Apostolotos
398 2045 507 2138 Petrus
531 2044 591 2111 hoc
607 2045 717 2124 relert3
736 2059 766 2112 et
782 2064 868 2112 mens
889 2046 956 2112 eius
980 2057 1027 2112 est
1050 2046 1155 2113 dicere
1174 2045 1353 2134 :Spiritum

177 2163 323 2232 Sanctum
357 2185 413 2254 per
440 2184 475 2231 os
503 2165 637 2234 Davidis‘
661 2167 691 2233 in
727 2178 799 2256 typo
827 2167 1036 2255 praedixisse,
1066 2168 1231 2235 inlocum
1260 2169 1355 2237 ludae

176 2285 270 2354 alium
293 2286 332 2354 ad
355 2287 571 2375 Apostolatum
596 2310 665 2357 esse
690 2291 922 2358 assumendum.
984 2321 987 2325 ·

223 2535 279 2601 dl.
309 2535 440 2618 Oportet
463 2555 536 2618 erpo
558 2555 597 2598 eor
617 2536 667 2598 his
689 2536 788 2616 viris,
815 2532 906 2618 cet).
936 2535 1042 2601 Naxus
1066 2546 1113 2601 est
1130 2555 1138 2596 :
1157 2536 1262 2620 Quum
1285 2554 1353 2602 ora·

177 2665 281 2732 culum
305 2667 440 2755 Spiritus
464 2666 566 2734 Sancti
597 2665 695 2741 dicat,
720 2676 750 2730 et
774 2668 985 2748 episcopatum
1009 2669 1076 2731 eins
1096 2669 1232 2748 occipiat
1253 2667 1349 2748 oller,

176 2797 298 2874 oportet
324 2807 396 2875 ergo
421 2808 459 2854 ex
488 2786 537 2854 his
564 2788 658 2867 viris,
684 2787 795 2876 qui...
828 2807 922 2854 unum
952 2787 1018 2853 lieri
1051 2789 1213 2856 nobiscum
1242 2799 1350 2855 testem

177 2913 414 2980 resurrectionis
437 2912 576 2979 Domini.
601 2912 764 2981 Genitivus
784 2935 841 2975 των
864 2910 1064 2976 cavallonno
1082 2915 1143 3002 (rs
1162 2912 1222 3000 al)
1238 2914 1351 3001 pendet

177 3052 286 3100 avoca
309 3031 360 3096 ἕνα
381 3032 444 3122 (vs.
463 3030 534 3118 Ἦ).
554 3034 838 3100 Demonstrativum
861 3058 991 3110 τουτων,
1011 3034 1094 3123 quod
1117 3035 1227 3121 legitur
1248 3055 1266 3101 a
1289 3035 1350 3102 fine

175 3157 321 3223 versiculi
338 3160 399 3237 Ἡ,
417 3157 525 3225 abesse
542 3168 679 3246 poterat,
698 3168 732 3225 ut
747 3158 844 3245 liquet
860 3159 1031 3225 versiculos
1047 3162 1085 3227 al
1107 3169 1137 3225 et
1148 3162 1191 3226 bh
1203 3161 1350 3227 continuo

176 3279 299 3368 legenti.
318 3281 465 3350 Additum
486 3293 586 3349 tamen
608 3283 664 3349 luit
682 3294 735 3350 aut
755 3283 882 3350 maioris
903 3283 1086 3371 emphaseos
1107 3304 1218 3362 causa,
1241 3296 1293 3351 aut
1311 3285 1350 3352 ad

175 3406 395 3473 resumendum
416 3406 493 3474 illud
514 3429 573 3469 των
594 3405 813 3485 concliorum,
833 3407 916 3495 quod
936 3428 954 3474 a
975 3428 1050 3474 voce
1070 3406 1139 3485 ἕνα,
1158 3428 1175 3474 a
1194 3428 1253 3496 qua
1276 3429 1350 3497 pen·

175 3525 245 3607 det,
268 3540 333 3595 erat
354 3531 514 3597 remotius.
533 3530 710 3599 Verborum
734 3551 812 3619 quae
835 3529 888 3598 hic
907 3531 1050 3618 leguntur
1070 3530 1207 3617 syntaxis
1229 3529 1350 3598 facilior

175 3649 332 3718 intellectu
357 3651 466 3720 fuisset
493 3653 570 3720 haec
595 3674 603 3714 τ
628 3657 678 3718 Δει
707 3678 758 3717 ουν
787 3677 926 3744 μαρτυρα
954 3678 1005 3729 της
1034 3676 1228 3728 αναστασεως
1256 3677 1349 3717 aaron

173 3775 309 3862 γενεσθαι
332 3799 386 3838 συν
406 3777 478 3862 ἧμιν
502 3773 552 3839 ἕνα
575 3799 687 3840 τουτων
709 3783 768 3840 τῶν
791 3774 908 3867 ανδρων
931 3783 990 3841 τῶν
1007 3774 1206 3840 συνελθοντων
1229 3777 1302 3862 ripun
1317 3799 1348 3840 εν

174 3919 266 3960 unare
291 3920 411 3988 χρονῳ,
435 3921 465 3962 εν
489 3893 513 3985 ᾧ
534 3898 650 3973 εισηλθε
677 3901 728 3962 καὶ
757 3898 872 3976 chaldea
900 3905 944 3991 ep'
971 3902 1051 3985 ἡμας
1078 3901 1189 3991 Κυριος
1217 3901 1346 3980 Ἰησους,

174 4016 339 4111 αρξαμενος
367 4046 426 4085 orno
453 4027 507 4085 τοῦ
535 4019 748 4108 βαπτισματος
768 4026 924 4100 ’Ioannem
946 4019 1000 4097 ἕως
1021 4031 1072 4097 τῆς
1090 4024 1202 4113 ἡμερας
1222 4019 1255 4098 ἧς
1282 4047 1348 4088 aaa·

108 4192 111 4197 .
174 4138 269 4232 ληφθη
286 4147 337 4233 αφ’
353 4144 450 4230 ἡμων.

197 4393 226 4458 ,1)
242 4394 281 4446 (ll.
292 4394 372 4446 Corn.
388 4393 506 4459 aLapid.
527 4395 553 4445 in
571 4394 628 4444 Act.
644 4396 653 4444 l
672 4410 677 4444 :
693 4395 734 4456 to,
753 4397 779 4445 et
796 4395 871 4446 binis
889 4396 917 4446 in
934 4409 974 4461 ps.
993 4397 1050 4447 408.
