3074 5054
221 380 287 448 uaa
569 380 705 449 aarum
740 331 1075 463 arusrouoauu,

219 580 366 660 apparet,
391 570 513 660 concipi
537 580 637 637 tamen
659 580 771 659 potest.
792 570 907 638 Confer
927 573 1118 641 Nostratium
1139 599 1147 642 :
1167 579 1199 642 ilc
1214 599 1308 660 orooq
1326 602 1347 644 u
1365 601 1406 646 ou

219 706 281 762 met
296 699 353 776 md·
368 704 397 759 te
413 714 499 777 poan
522 695 698 760 woadelea.
717 694 875 774 Ceterum,
893 692 932 761 de
949 694 1065 762 laxiore
1085 717 1143 764 usu
1161 698 1308 766 Infinitiui
1329 703 1407 786 fiatis

221 819 292 886 vide
308 819 366 887 Gr.
386 837 456 908 pag.
476 820 542 886 555
559 816 668 905 sqj-
684 817 809 884 Dicitur
830 817 926 904 ἡμαςς
953 820 1025 908 quia
1050 821 1166 902 Lucas,
1193 823 1406 914 Historiogra-

222 944 304 1036 phus
326 954 442 1022 noster,
468 941 664 1009 incomitata
688 953 764 1010 erat.
784 943 980 1030 -Ονοματι
1002 956 1050 1012 est
1069 947 1200 1014 Dativus
1221 951 1403 1018 relationis.

222 1109 265 1121 -
282 1069 394 1159 Σπειρη
412 1063 549 1142 {adasa-q
576 1086 727 1158 quaenam
747 1068 947 1157 intelligatur,
972 1089 1032 1136 nan
1056 1071 1131 1138 satis
1155 1083 1240 1140 certo
1269 1086 1404 1144 constat.

222 1191 392 1273 Σεὸαστος,
412 1193 593 1276 depastus,
611 1210 781 1279 cognomen
802 1190 860 1258 luit
883 1191 1033 1259 tributum
1055 1195 1238 1282 lmperatori
1264 1196 1407 1268 Romano

223 1316 296 1385 inde
322 1336 340 1383 a
367 1317 499 1383 Caesare
521 1314 662 1394 Octavia,
691 1334 708 1381 a
731 1334 793 1404 quo
815 1313 893 1383 haec
914 1316 1080 1404 appellatio
1109 1318 1260 1386 sumsisse
1282 1320 1408 1389 initium

131 1513 134 1516 ,
224 1440 367 1509 traditur.
387 1441 462 1507 Mox
474 1449 575 1506 autem
589 1435 650 1505 hoc
662 1436 798 1526 epitheto
814 1437 984 1528 appellatae
1000 1439 1087 1507 fuere
1103 1442 1269 1510 nonnullae
1282 1465 1409 1534 quoque

225 1587 294 1648 res,
313 1584 391 1656 quae
413 1561 452 1631 ad
472 1565 678 1652 Imperatores
701 1562 906 1651 pertinerent3
932 1563 979 1630 sic
1001 1563 1094 1654 (apud
1118 1567 1211 1633 Mart.
1239 1566 1319 1649 Vll,
1348 1569 1409 1658 59)

223 1692 370 1776 depasta
388 1690 463 1755 uolo
481 1697 528 1754 est
549 1685 619 1753 aula
636 1684 823 1766 Domitiani;
842 1685 888 1752 sio
904 1706 921 1753 a
937 1686 1106 1754 Claudiano
1123 1687 1174 1771 (de
1189 1690 1278 1759 Bello
1299 1692 1410 1762 Gildo-

223 1815 309 1893 nico,
324 1834 370 1881 vs.
385 1814 463 1895 Μ)
477 1820 666 1878 memoratur
679 1812 757 1893 leqio
771 1809 932 1893 Aequora,
948 1821 978 1877 et
990 1830 1007 1877 a
1021 1811 1197 1879 Ptolemaeo
1211 1813 1294 1893 (nib.
1311 1815 1355 1897 ll,
1371 1820 1405 1885 5.

222 1937 307 2026 apud
330 1939 486 2006 Wetsten.
505 1932 543 2001 ad
560 1931 592 1999 ln.
621 1930 661 2020 l.)
683 1928 789 2021 λεγιων
813 1928 960 2007 Sadasara.
981 1935 1085 2019 Quare
1109 1956 1169 2002 non
1186 1936 1408 2023 improbabilis

225 2073 271 2131 est
283 2060 384 2131 Grotii
399 2059 594 2136 coniectura,
609 2060 767 2123 cohortem
781 2059 959 2141 desperatam
972 2078 1041 2126 esse
1053 2059 1281 2148 intelligendam
1298 2067 1409 2130 color-

226 2200 289 2255 tem
305 2205 397 2255 unam
418 2185 553 2272 aliquam
570 2203 609 2249 ex
631 2185 751 2265 teutone
772 2185 928 2267 depasta.
948 2183 1049 2255 Aliam
1067 2183 1125 2252 lrac
1142 2183 1179 2252 de
1196 2206 1230 2252 re
1249 2189 1408 2257 coniectu-

227 2330 310 2391 ram,
329 2307 401 2388 sed,
419 2317 453 2374 ut
480 2304 557 2374 milri
588 2303 713 2394 quidem
742 2304 876 2390 videtur,
902 2306 1005 2374 minus
1033 2307 1245 2396 probabilem,
1279 2313 1410 2401 protulit

226 2435 427 2503 Scltwarzt'us
441 2431 472 2498 in
491 2432 720 2498 Disserttttioae
733 2433 771 2495 da
786 2433 911 2497 colrorte
925 2432 1043 2498 Italica
1055 2443 1083 2499 et
1099 2436 1258 2520 deputata,
1275 2457 1346 2527 pag.
1366 2441 1408 2507 45

226 2581 298 2651 sqq.
309 2559 519 2646 -lnterpros
532 2565 637 2623 noster
648 2576 755 2623 vocem
769 2551 925 2643 δεσμωται
939 2554 1039 2624 reddit
1054 2561 1226 2641 costodiae,
1242 2581 1299 2628 nec
1314 2564 1407 2643 male;

229 2703 300 2751 nam
312 2700 419 2749 vocem
432 2683 589 2746 erratodlae
602 2678 641 2746 de
653 2682 786 2764 captivis
799 2690 990 2769 usurpamnt
1001 2681 1092 2748 etiam
1106 2683 1284 2764 Suetonius,
1293 2686 1410 2776 aliique

226 2807 396 2896 scriptores
424 2805 503 2872 bono
525 2805 645 2885 Latini,
670 2824 749 2895 quos
772 2815 912 2873 recenset
936 2806 1065 2874 Grotius
1089 2806 1128 2873 ad
1152 2807 1185 2875 lr.
1209 2807 1231 2875 l.
1263 2812 1408 2880 Ceterum

227 2931 329 2999 versio
345 2930 494 3017 Vulgata,
512 2941 546 2996 ut
563 2939 646 2996 recte
667 2927 760 2995 huius
777 2928 838 2996 loci
855 2930 917 3020 (vs.
942 2933 975 3011 l,
993 2930 1025 3012 ᾖ)
1043 2952 1168 2999 sensum
1182 2936 1351 3022 expressit,
1370 2938 1410 3003 ita

226 3067 327 3123 tamen
355 3053 483 3123 liberior
510 3053 562 3121 hio
587 3064 633 3120 ast
657 3073 749 3142 quam
771 3074 828 3143 pro
854 3074 959 3131 more3
989 3069 1082 3144 atque
1110 3058 1201 3125 etiam
1226 3080 1264 3125 cx
1290 3059 1411 3130 duabus

228 3178 366 3270 periodis
383 3177 512 3247 Graecis
530 3196 621 3244 urrann
638 3175 711 3244 lecit
727 3177 878 3244 Latinam.

272 3427 373 3493 a-tt.
400 3428 610 3491 Aaaeudoutee
628 3448 757 3505 rtaoem,
781 3426 868 3504 eta).
889 3429 996 3507 Ortatm
1014 3440 1116 3497 autem
1141 3434 1411 3498 inscendit-samua

227 3543 414 3637 (επιέαντες)
431 3568 542 3613 navam
561 3551 730 3636 quomdam
749 3547 877 3637 (πλοιῳ)
900 3550 1153 3637 Adramyttenam
1176 3555 1235 3639 (cet
1256 3552 1412 3621 Adrume-

229 3672 349 3753 linam)‚
374 3670 442 3737 loca
462 3671 561 3736 Asiae
580 3672 736 3736 littoralia
761 3674 851 3757 (κατα
873 3694 925 3746 την
942 3671 1058 3757 Ασιαν)
1082 3676 1200 3739 οὐίίανί
1221 3670 1410 3761 (μελλοντες“

229 3792 339 3878 πλεῖν),
365 3795 515 3862 Caesarea
536 3796 687 3859 soluimus
711 3796 914 3884 (ανηχθημην.
936 3795 1006 3862 vide
1029 3815 1124 3885 supra
1148 3816 1206 3886 pag
1225 3799 1292 3885 ll),
1315 3801 1413 3867 comi·

221 3932 311 3988 tante
327 3939 384 3986 nos
403 3917 586 3987 Aristarcho
603 3916 692 4007 (Cap.
711 3920 792 3985 XIX
813 3945 821 3986 :
841 3922 912 4010 29),
931 3919 1102 3988 Macedone
1118 3940 1157 3986 ex
1172 3919 1411 3989 Thessalonica.

231 4049 272 4112 Et
290 4048 392 4113 altero
407 4038 462 4111 'clia
477 4043 529 4134 (τῃ
545 4065 576 4108 τε
593 4040 678 4132 ἑτερᾳ
694 4043 764 4110 soit.
783 4043 896 4134 ἡμερᾳ)
920 4044 1068 4112 Sidonem
1087 4046 1271 4129 appulimus
1283 4043 1414 4132 (κατηχ-

268 4276 286 4341 ι)
307 4278 373 4328 Van.
389 4291 461 4327 onor.
475 4256 688 4346 Ρτομελλοντες
703 4273 799 4338 legitur
845 4277 932 4328 nibus.
955 4275 1103 4329 Laelionam
1127 4256 1269 4345 pellona
1287 4277 1414 4330 Tisonon·

230 4349 374 4440 μελλοντι
393 4367 418 4417 in
431 4366 513 4418 Godd.
527 4366 569 4416 ΑΒ
587 4365 729 4430 multisque
747 4364 799 4415 Mi·
845 4361 944 4414 dorsrus
955 4362 981 4412 in
993 4364 1096 4413 lentum
1111 4361 1216 4426 recepit.

234 4449 364 4513 puseolis,
379 4451 405 4502 el
425 4448 546 4518 plurimis
566 4446 683 4512 antiquis
702 4446 802 4498 versio-
