3074 5054
456 400 593 467 CAPUT
628 400 730 477 Xlll,
769 397 890 465 VERS.
928 397 1073 465 25-26.
1291 396 1357 462 515

176 609 247 656 esse
271 589 407 676 putatis?
424 590 493 655 Non
518 608 574 676 ego
591 609 661 655 sum
678 588 829 668 Messias,
848 588 919 668 sed,
946 607 1036 666 ecce,
1062 596 1209 653 venturus
1226 594 1273 652 est
1289 595 1359 674 post

176 732 227 778 me
252 712 301 802 (h.
322 734 350 780 e.
370 724 439 801 post
463 733 513 779 me
536 713 567 778 in
592 711 753 801 publicum
779 713 916 801 prodibit
939 731 1067 778 munere
1091 710 1253 779 functurus
1274 706 1356 788 suo),

176 847 325 924 tantoque
339 837 392 903 ille
408 857 457 903 me
474 837 620 924 dignitate
636 837 842 924 praestantior
858 845 923 912 est,
942 847 975 902 ut
992 834 1102 922 dignus
1126 854 1181 922 ego
1203 854 1264 900 non
1282 834 1354 908 sim,

177 960 230 1049 qui
258 961 305 1026 rel
321 962 421 1051 soleas
445 960 560 1027 solvam
575 980 592 1026 a
609 959 743 1048 pedibus
767 961 834 1026 eius
855 959 905 1048 (ln.
925 979 953 1025 e.
980 959 1029 1024 vel
1053 957 1194 1025 infimum
1219 957 1358 1024 ministe-

178 1082 261 1149 rium
286 1083 329 1149 illi
356 1083 533 1172 praestem).
549 1085 692 1169 —Quae
714 1083 829 1150 Paulus
854 1082 905 1150 hic
929 1103 945 1149 a
970 1084 1107 1171 Baptista
1131 1082 1169 1150 de
1186 1085 1256 1149 lesu
1277 1081 1357 1148 dicta

178 1223 247 1270 esse
271 1205 383 1286 refert,
414 1226 447 1272 ea
473 1218 502 1272 et
530 1206 568 1273 ab
597 1206 800 1293 Evangelistis
829 1206 946 1294 scripto
970 1207 1147 1293 consignata
1172 1216 1254 1272 sunt.
1280 1205 1354 1272 Vid.

179 1328 289 1396 lllattb.
310 1331 341 1396 lll
361 1352 369 1394 ε
392 1333 567 1409 ll;Marc.
588 1331 596 1396 l
617 1334 681 1411 :73
702 1330 859 1396 Lucili:
882 1333 939 1410 ld,
961 1332 1124 1410 16310an.
1144 1330 1153 1396 l
1174 1352 1182 1393 τ
1204 1333 1259 1397 17.

226 1454 305 1520 Cum
331 1475 391 1522 non
416 1454 571 1521 scribatur
590 1458 621 1518 o'a
643 1477 680 1540 pre
702 1455 853 1518 rinocorure
878 1476 972 1533 ειναι,
991 1453 1129 1520 sedatior
1154 1476 1190 1539 με
1208 1455 1357 1518 ὑπονοειτε

180 1605 267 1658 eruar,
286 1580 449 1659 sententia,
468 1599 546 1667 quae
564 1578 615 1646 hic
631 1579 770 1659 ellertur,
787 1579 1003 1666 interrogative
1018 1578 1167 1645 sumenda
1180 1589 1238 1644 est.
1255 1583 1356 1667 Atque

182 1703 239 1772 hoc
253 1704 384 1771 sortasse
400 1704 459 1770 sibi
476 1703 573 1769 voluit
588 1704 679 1770 etiam
697 1705 852 1791 Interpres
870 1716 973 1770 noster
986 1723 1056 1769 cum
1074 1703 1247 1769 scriberet:
1264 1726 1356 1789 quem

183 1850 227 1894 me
254 1831 457 1893 arbitramini
482 1849 557 1893 esso.
589 1826 732 1892 Editores
764 1836 864 1892 tamen
893 1826 1059 1914 Vulgatae,
1093 1827 1182 1893 colon
1212 1827 1355 1914 ponendo

184 1962 248 2039 post
276 1971 383 2017 vocem
413 1972 496 2030 esse,
527 1950 618 2017 verba
645 1949 695 2016 illa
719 1969 776 2037 pro
805 1920 954 2016 sententia
981 1952 1118 2015 relation
1146 1950 1295 2016 habuere.
1324 1951 1355 2018 Si

183 2097 245 2136 τινα
269 2073 321 2140 hic
342 2093 399 2161 pro
423 2071 523 2137 ὅντινα
547 2074 682 2160 positum
710 2072 806 2152 foret,
825 2072 909 2161 quod
938 2095 998 2140 non
1026 2074 1093 2140 sine
1120 2075 1261 2163 exemplo
1291 2087 1353 2155 est,

182 2195 256 2262 nihil
280 2208 437 2284 praeterea
460 2194 606 2273 obstaret,
632 2195 797 2284 quominus
814 2215 849 2262 ea
867 2195 958 2262 rerba
977 2217 1033 2283 pro
1056 2198 1205 2264 sententia
1229 2197 1354 2263 relativa

182 2295 378 2386 haberentur.
944 2408 945 2411 Ἴ

224 2442 297 2508 Non
321 2462 392 2505 oum
415 2437 495 2527 epo).
515 2439 555 2504 lta
577 2451 606 2505 et
630 2441 749 2508 Graece
773 2466 827 2505 ουκ
851 2465 913 2527 ειμι
938 2465 1013 2532 εγω,
1037 2463 1116 2530 quae
1134 2443 1258 2530 Belgica
1282 2444 1353 2512 red-

180 2563 623 2631 uideris:1toentetntor
650 2566 693 2653 (je
719 2584 756 2630 ne
784 2565 812 2630 le
839 2564 905 2630 suis
933 2563 1016 2653 pas),
1047 2566 1115 2634 scil.
1147 2567 1301 2646 lllosoioo,
1320 2580 1354 2634 ut

182 2689 268 2776 plene
285 2686 432 2754 scribitur
458 2688 488 2752 in
514 2687 678 2773 Evangelio
697 2688 730 2754 S.
751 2688 875 2754 loannis
898 2690 975 2776 Cap.
992 2689 1000 2755 l
1017 2713 1024 2755 :
1044 2692 1087 2757 10
1106 2709 1113 2750 :
1134 2713 1187 2752 ουκ
1211 2713 1273 2776 ειμι
1295 2714 1353 2780 εγω

183 2819 343 2908 ὁΧριστος
359 2819 410 2906 (de
425 2816 601 2905 Messias);
618 2837 805 2906 quamquam
822 2839 880 2885 vox
898 2821 1031 2885 lllessioo
1050 2820 1080 2885 in
1106 2820 1200 2886 simili
1217 2821 1354 2887 oratione

184 2943 243 3011 lore
259 2944 363 3023 abest,
387 2955 419 3009 ut
436 2962 514 3030 quae
531 2940 620 3008 facile
645 2953 745 3007 mente
769 2943 983 3031 supplebatur.
1011 2943 1058 3010 Cl.
1084 2947 1182 3010 Marc.
1201 2944 1266 3011 Xlll
1286 2965 1294 3007 :
1314 2947 1353 3023 63

184 3069 257 3136 Luc.
276 3069 352 3135 XXl
371 3089 379 3130 ε
399 3070 437 3144 8;
457 3070 547 3134 Joan.
567 3066 657 3132 Xlll:
680 3069 732 3133 19.
751 3066 877 3133 Videsis
893 3067 984 3133 etiam
1001 3087 1080 3156 quae
1097 3067 1231 3134 diximus
1248 3067 1286 3135 de
1302 3068 1353 3134 illa

184 3194 310 3261 formula
329 3194 359 3258 in
375 3192 601 3259 Dissertatione
617 3191 738 3278 (pagina
755 3193 797 3260 53
815 3202 845 3257 et
860 3199 940 3279 sp),
960 3212 1052 3280 qrtam
1069 3192 1161 3260 modo
1178 3193 1352 3261 citavimus.

224 3443 278 3508 26.
309 3442 379 3505 Viri
404 3443 542 3524 fratres,
567 3440 629 3520 filit
653 3441 777 3521 panerio
801 3437 982 3521 Abrabam,
1008 3437 1096 3524 alc).
1128 3442 1175 3506 Ex
1203 3442 1355 3508 terrariore

184 3562 271 3628 animi
289 3582 382 3628 sensu
407 3573 436 3626 et
448 3559 567 3626 ardenti
584 3579 690 3626 amore
707 3562 810 3639 (Rom.
830 3560 873 3626 lX
892 3581 898 3623 :
920 3564 951 3646 5)
969 3562 1134 3649 populares
1150 3585 1224 3631 suos
1240 3565 1355 3633 Paulus

183 3685 358 3773 alloquitur,
376 3684 542 3751 adhortans
559 3695 592 3749 ut
608 3684 739 3751 oblatam
757 3685 903 3752 divinitus
920 3687 1048 3752 salutem
1066 3687 1232 3775 recipiant,
1252 3690 1354 3756 lesum

183 3809 371 3877 Nazarenum
397 3831 454 3899 pro
478 3810 592 3875 Messio
616 3811 770 3898 promisso
795 3811 1007 3899 agnoscendo,
1026 3811 1172 3899 illiusque
1196 3811 1355 3879 doctrinae

183 3942 210 3996 et
225 3931 397 4020 praeceptis
422 3952 490 3998 sese
508 3931 729 4000 submittendo.
757 3933 804 3998 Cf.
832 3955 878 3999 vs.
906 3937 960 4002 59.
988 3934 1056 4000 Non
1074 3933 1175 4000 solum
1191 3944 1292 4002 autem
1316 3936 1354 4003 ad

183 4060 344 4149 populares
370 4081 443 4127 suos
467 4060 621 4126 Israelitas
646 4059 719 4148 (otor
743 4083 844 4149 γενους
872 4058 1019 4152 Αβρααμ)
1043 4060 1135 4126 verba
1159 4060 1280 4148 dirigit,
1299 4062 1352 4128 sed

182 4193 208 4249 el
231 4184 270 4250 ad
293 4187 471 4268 proselytos
488 4211 497 4248 :
515 4208 565 4246 και
583 4190 610 4247 ci
626 4207 654 4247 eu
676 4184 747 4269 ὑμιν
773 4181 953 4274 φοβουμενοι
977 4208 1027 4247 τον
1052 4181 1140 4249 Θεον.
1168 4183 1280 4250 Confer
1302 4183 1354 4250 bic

182 4325 258 4394 quae
274 4307 446 4373 notavimus
463 4327 556 4395 supra
573 4307 610 4373 ad
627 4328 673 4372 vs.
694 4307 747 4372 16.

231 4431 317 4496 Vobis
333 4433 459 4497 uerbum
476 4436 590 4499 solutis
608 4436 700 4498 leuiora
722 4435 855 4499 otiosum
872 4429 943 4517 eat).
962 4435 1245 4505 Demonstrativum
1261 4437 1354 4504 anius
