3074 5054
181 378 248 444 teo
522 373 658 443 ACTUS
692 371 1027 454 APOSTOLORUM,

182 564 243 631 ihis
260 583 328 631 esse
344 562 545 646 videbantur3
567 565 692 655 (quare)
704 583 795 652 grave
819 548 1046 646 existimarunt,
1064 562 1288 653 Apostolorum
1305 563 1365 632 sibi

135 725 137 728 ·
180 685 337 753 vindicare
353 687 627 775 nuncupationem.
645 686 829 752 Diviserunt
844 707 916 774 ergo
933 687 1058 754 nomina
1075 687 1159 776 ipsa,
1178 696 1210 752 et
1225 685 1365 773 Presby-

181 810 257 876 teris
281 809 467 898 presbyterii
493 831 605 878 nornen
629 810 835 899 reliquerunt,
855 811 906 877 atii
925 831 997 878 vero
1021 811 1170 900 Episcopi
1195 822 1269 879 sunt
1290 832 1368 878 nun-

181 934 298 1022 cupati,
317 933 362 1012 hi,
378 935 431 1022 qui
445 935 648 1003 ordinationis
664 935 795 1024 praediti
813 946 884 1002 suut
900 946 1061 1025 potestate.
1077 963 1091 993 ι
1110 934 1203 1023 Apud
1221 935 1366 1003 Ecched.

182 1057 260 1125 ibid.
282 1079 315 1145 p.
336 1058 414 1125 196.

227 1305 373 1373 uti-50.
397 1306 464 1388 Epo
485 1306 549 1370 acio
570 1306 720 1388 quoniam
748 1302 932 1382 intrahunt,
956 1298 1046 1388 ete).
1071 1299 1175 1387 Pergit
1196 1297 1369 1387 Apostolus

181 1424 305 1506 dicere,
324 1447 358 1492 se
381 1447 442 1493 nou
467 1427 533 1493 sine
558 1446 650 1493 causa
668 1437 729 1493 tarn
744 1425 877 1491 sollicite
901 1443 955 1491 eos
978 1443 1117 1490 monere.
1132 1459 1178 1470 -
1195 1423 1260 1510 Ego
1278 1422 1367 1502 scio,

182 1550 298 1636 inquit,
318 1561 387 1638 post
410 1569 514 1616 meum
538 1549 711 1617 discessum
737 1551 932 1637 ingressuros
953 1567 1022 1615 esse
1046 1547 1085 1614 ad
1106 1567 1162 1613 vos
1187 1546 1280 1635 lupos
1297 1567 1368 1613 cru-

182 1672 267 1740 deles
284 1675 392 1764 (solaco
405 1671 571 1760 doctores),
591 1674 643 1762 qui
661 1673 744 1762 gregi
763 1683 865 1740 restro
882 1692 942 1738 uon
960 1681 1102 1760 parcent,
1121 1668 1176 1737 sed
1193 1669 1367 1758 perniciem

184 1795 226 1861 ihi
251 1797 362 1863 afferre
379 1796 585 1864 conabuntur.
603 1797 686 1881 Quin
711 1797 804 1863 etiam
825 1816 863 1862 ex
883 1796 960 1885 ipsis
983 1794 1072 1863 vobis
1097 1803 1265 1879 exsurgent
1288 1793 1366 1869 viri,

184 1921 236 2008 qui
254 1921 458 2008 praedicaturi
481 1933 553 1988 sunt
576 1921 732 1988 doctrinas
757 1921 867 1999 salsas,
885 1931 920 1988 ut
945 1921 1071 1986 Christi
1086 1920 1259 2003 discipulos
1284 1919 1367 2005 (τους

183 2044 381 2132 66666661)
398 2043 452 2112 illo
468 2037 619 2125 avellant,
638 2054 667 2111 et
688 2064 761 2111 suos
781 2042 914 2110 efficiant
930 2053 1110 2110 sectatores

229 2169 297 2251 Epo
322 2171 405 2251 scio,
427 2169 515 2251 etc).
542 2167 657 2234 Paulus
681 2166 829 2234 divinitus
854 2166 982 2234 edoctus
1006 2169 1114 2250 scirit,
1141 2165 1225 2253 quod
1249 2165 1304 2234 hic
1320 2165 1364 2233 iu·

183 2303 287 2360 turum
303 2312 372 2360 esse
390 2292 556 2381 praedixit.
574 2293 745 2359 Conficitur
763 2292 823 2359 hoc
840 2313 879 2358 ex
895 2292 1000 2360 verbis
1014 2296 1081 2358 eius
1097 2290 1135 2357 ad
1153 2290 1365 2379 Ephesiorum

182 2417 373 2505 Episcopum
396 2414 596 2482 Timotheum
614 2418 640 2496 (1
670 2417 729 2504 Ep.
751 2415 790 2482 ad
812 2412 951 2482 Timoth.
980 2415 1057 2503 Cap.
1086 2414 1154 2482 IV:
1177 2412 1295 2503 1-6),
1313 2413 1363 2480 cui

182 2541 263 2608 idem
276 2538 337 2607 hoc
349 2537 677 2627 praedixit‚quemque
691 2537 759 2605 ideo
773 2550 803 2605 et
816 2537 956 2604 hortatur
964 2539 1005 2602 od
1018 2538 1213 2619 vipitondunr
1220 2561 1236 2620 ,-
1249 2557 1289 2602 ex
1303 2557 1364 2626 quo

179 2662 396 2750 consequitur,
411 2661 495 2749 quod
512 2660 627 2728 ibidem
646 2669 703 2749 (vs.
723 2660 756 2750 t)
773 2661 885 2749 legitur
898 2683 927 2724 er
944 2661 1079 2750 ὑστεροις
1093 2684 1222 2752 corpora,
1237 2680 1364 2728 sumen·

180 2789 254 2856 dum
268 2785 300 2854 id
312 2806 380 2854 esse
393 2785 432 2853 de
449 2797 588 2874 tempore
602 2785 662 2851 iam
679 2786 822 2853 instante.
837 2824 881 2834 —
900 2787 971 2854 Vox
983 2782 1081 2876 αφιξις
1098 2785 1148 2869 (ab
1165 2785 1363 2875 αφικνεομαι)

180 2910 363 3001 plerumque
385 2910 510 2999 quidem
534 2910 649 2977 dicitur
673 2910 712 2977 dc
732 2913 871 2976 advento
895 2913 929 2976 in
954 2912 1075 2993 Iocom5
1098 2909 1237 2976 occurrit
1260 2920 1362 2976 tamen

178 3036 269 3102 etiem
286 3035 324 3103 de
343 3037 428 3102 chito
452 3037 517 3102 sive
534 3038 672 3102 discesso
689 3057 704 3100 6
721 3039 806 3119 ioco,
825 3047 859 3102 ut
875 3035 945 3114 hic,
966 3045 996 3102 et
1011 3033 1092 3124 apud
1110 3034 1264 3101 Herodot.
1285 3034 1333 3101 IX
1352 3059 1359 3100 ε

179 3162 220 3226 17
240 3180 248 3222 :
269 3161 371 3241 Μετα,
391 3161 506 3248 iuquit,
524 3183 576 3234 την
594 3158 819 3252 repriorarem
840 3157 965 3245 Θηβας,
983 3171 1053 3243 post
1076 3160 1195 3224 obitum
1216 3159 1258 3224 od
1282 3159 1361 3224 The-

177 3283 243 3349 hos.
268 3321 312 3332 -
333 3283 385 3358 Εις
408 3285 487 3371 ripeta
514 3286 556 3349 od
582 3305 654 3362 vos,
680 3285 702 3351 i.
729 3305 758 3350 e.
781 3283 820 3350 ad
843 3283 1036 3350 Christianos
1061 3279 1229 3371 Ephesios.
1253 3318 1299 3328 —
1321 3276 1360 3352 Ei

179 3408 264 3492 ὑμων
288 3429 386 3471 error
404 3409 429 3473 i.
448 3428 476 3473 e.
495 3427 534 3473 ex
551 3407 618 3497 ipso
635 3418 738 3474 vestro
755 3407 1011 3497 prosbyterorum
1029 3405 1151 3473 ordine.
1169 3443 1215 3454 -
1231 3404 1282 3479 Μη
1298 3427 1359 3494 φει-

179 3524 300 3614 deprecor
320 3528 437 3597 dictum
460 3541 507 3596 cst
523 3551 579 3619 per
601 3532 734 3594 Μειωσιιι
753 3551 810 3618 pro
825 3532 1105 3615 perniciosissimi.
1130 3530 1191 3592 Tou
1214 3551 1357 3613 αποσπᾳν

178 3662 225 3717 est
246 3650 419 3719 infinitivus
442 3654 538 3736 finis,
556 3663 591 3719 ut
614 3672 709 3742 supra
732 3653 808 3742 Cap.
829 3654 899 3720 IX:
920 3655 975 3721 16.
994 3691 1038 3702 --
1055 3653 1090 3719 tn
1107 3651 1244 3720 dictione
1260 3675 1357 3717 αποσ·

177 3795 383 3856 apr—eruco
412 3786 458 3842 est
484 3775 630 3862 Syutaxis
657 3796 857 3859 praeparcae,
887 3785 1035 3865 utsupra
1059 3776 1136 3865 Cap.
1162 3775 1221 3844 V:
1243 3777 1301 3844 57.
1316 3813 1357 3825 --

176 3898 414 3988 Διεστραμμενα
429 3910 501 3966 suut
516 3901 670 3982 distorto,
688 3920 705 3967 a
722 3911 804 3967 recto
821 3899 959 3986 veritatip
976 3899 1096 3969 tramite
1112 3899 1226 3966 aliena.

219 4152 275 4218 51.
304 4149 524 4236 Propterqood
550 4149 696 4232 oipitote,
725 4145 816 4233 ete).
847 4145 952 4235 Pergit
972 4148 1143 4232 Apostolus
1163 4174 1171 4217 :
1190 4149 1354 4239 Quaprop

173 4285 220 4340 ter
235 4270 318 4362 (dac,
338 4275 359 4341 i.
375 4295 404 4341 6.
426 4295 522 4358 parram
538 4294 612 4356 erpo
630 4275 707 4339 totio
720 4273 867 4357 periculo
882 4270 946 4360 (rs.
967 4275 1010 4340 99
1031 4282 1061 4339 et
1077 4272 1133 4354 30)
1151 4267 1355 4356 immineant)

173 4396 315 4483 vigilate,
343 4416 494 4463 memores
517 4395 600 4483 quod
624 4417 680 4484 por
702 4395 889 4476 triennium,
908 4394 991 4482 qood
1016 4394 1098 4483 apud
1121 4415 1178 4461 vos
1201 4393 1350 4480 transegi,
