3074 5054
475 374 614 444 onruu
648 374 745 458 xiv,
784 373 905 443 vaus.
943 375 1066 441 s-rr.
1295 375 1360 441 aas

185 564 282 632 malim
303 563 356 632 lric
372 564 474 651 legere
490 563 710 653 Imperfectum
726 586 813 638 ηκουε
830 538 1014 654 (condiebat),
1033 581 1095 653 quo
1112 559 1255 628 audiendi
1274 573 1361 630 actus

183 689 368 776 significetur
392 699 549 775 tamquam
573 691 749 754 continuus.
773 686 910 754 Claudus
933 687 986 754 ille
1009 687 1083 755 dum
1109 687 1168 753 una
1195 704 1266 752 cum
1292 685 1361 752 aliis

182 812 267 877 tures
284 809 447 898 praeberet
465 809 560 877 Paulo
578 808 702 898 publice
721 808 961 889 sermocinanti,
980 807 1032 876 hic
1048 807 1208 874 homiuem
1225 810 1362 875 interitus

181 939 330 1026 (ατενισας
346 959 442 1024 αυτῳ.
462 935 537 1006 Vid.
553 956 647 1026 supra
663 936 728 1003 adl
745 957 752 999 :
776 935 845 1023 lu),
864 957 935 1000 cnm
951 955 991 1002 ex
1006 936 1106 1015 vultu,
1125 934 1238 1014 oculis,
1257 945 1361 1022 gestu·

180 1079 237 1148 que
254 1058 409 1127 audientis
424 1063 558 1127 vidisset
573 1062 661 1144 (Aor.
682 1055 765 1142 ιδων)
780 1059 864 1148 quod
879 1062 974 1144 fidem
991 1061 1129 1126 leoberet¹
1148 1081 1227 1145 quoe
1243 1063 1362 1126 valeret

180 1183 233 1272 (cl.
252 1182 364 1250 Matth.
385 1184 432 1250 lX
450 1203 458 1245 :
478 1185 540 1264 28,
559 1186 619 1265 29;
638 1185 739 1250 Marc.
760 1183 830 1249 lX:
850 1183 905 1266 Ὦ)
920 1186 962 1248 nd
978 1183 1179 1249 obtinendam
1194 1185 1361 1249 sanitatem

178 1305 238 1394 (ὁτι
260 1327 363 1369 πιστιν
381 1329 442 1392 εχει
460 1307 610 1388 ominum,
628 1309 684 1374 dut
700 1309 745 1389 lnj
755 1310 863 1392 peloos
873 1310 937 1372 leod
953 1328 1004 1372 orn
1027 1309 1149 1390 pezond
1167 1318 1195 1373 te
1212 1307 1362 1392 (kunnan)

178 1429 335 1517 worden),
353 1430 431 1498 elata
447 1451 523 1497 voce
540 1431 584 1498 illi
602 1431 680 1499 dixit
695 1456 702 1498 :
717 1431 842 1518 Surgito
859 1429 1031 1518 (ανασθητθ
1049 1429 1125 1496 Aor·
1141 1430 1245 1496 Mel·
1260 1430 1363 1495 subri-

176 1553 241 1632 9ito
256 1547 302 1637 te)
318 1548 349 1615 iu
367 1549 462 1639 pedes
479 1562 566 1632 tuos,
582 1552 623 1618 ita
635 1562 669 1618 ut
684 1562 746 1618 stes
762 1563 866 1618 rectas
882 1548 1007 1641 (ορθος).
1025 1551 1096 1636 Quo
1113 1549 1215 1631 dicto,
1233 1550 1364 1619 claudus

177 1673 281 1742 statim
298 1673 414 1741 exsiliit
430 1673 551 1763 (villaro³
569 1675 675 1756 Aca),
693 1686 723 1743 et
738 1673 914 1742 ambulabat
930 1673 1112 1764 (cepenam
1137 1672 1292 1762 impert).

226 1924 371 1991 lO—ll.
403 1924 526 1988 Turbae
554 1934 660 1988 autem
691 1945 789 2009 quum
816 1926 988 2007 uidissent,
1022 1921 1114 2011 etc).
1144 1921 1363 1991 Miraculosam

181 2045 259 2113 lianc
288 2046 479 2114 sanationem
513 2067 609 2134 quum
641 2047 791 2115 vidissent
824 2050 1028 2135 Lystreuses,
1062 2048 1093 2113 in
1129 2046 1364 2114 admirationem

182 2171 277 2259 rapti,
307 2168 367 2236 alta
393 2190 470 2237 voce
499 2171 672 2254 Lycaoniae
700 2169 904 2259 (λυκαονιστι)
932 2171 1077 2238 dixerunt
1107 2190 1115 2232 r
1146 2171 1216 2251 Dii,
1242 2173 1364 2237 similos

180 2295 255 2376 forti
269 2294 450 2359 horninibus
475 2294 681 2383 (ὁμοιωθεντες
705 2291 898 2385 arepennem),
920 2293 942 2358 i.
962 2313 991 2359 e.
1017 2304 1176 2381 assumpta
1200 2291 1364 2360 hominum

182 2416 302 2503 specie,
317 2436 335 2482 e
351 2417 447 2484 occlis
471 2415 698 2484 descenderunt
722 2416 761 2484 ad
778 2420 851 2483 nos!
871 2418 910 2482 Et
934 2414 1108 2482 Barnabam
1127 2414 1252 2503 quidam
1271 2412 1365 2481 habo-

183 2538 251 2607 baut
276 2561 334 2629 pro
362 2542 453 2621 Iove;
481 2562 538 2629 pro
568 2541 725 2608 Mercurio
755 2559 827 2607 vcro
855 2539 1007 2620 Paulum,
1036 2540 1120 2629 quod
1143 2540 1170 2607 is
1194 2549 1276 2606 asset
1300 2541 1365 2604 dnn

182 2669 351 2749 sermonis,
379 2670 394 2730 ὁ
417 2666 579 2754 ἡγουμενος
602 2688 655 2728 του
679 2662 787 2753 loyce,
806 2668 844 2728 de
865 2666 1120 2746 wuordvoeruler,
1142 2662 1163 2728 i.
1184 2682 1212 2727 e.
1233 2660 1317 2750 (quod
1339 2661 1365 2726 is

186 2790 297 2857 soleret
322 2790 501 2858 concionari
523 2789 562 2857 ad
584 2789 746 2878 populum.
774 2791 879 2872 lovem
905 2791 1007 2879 potius
1029 2808 1121 2878 quarn
1142 2788 1236 2856 alium
1258 2807 1366 2876 quem·

186 2919 263 3006 piam
287 2939 326 2986 ex
350 2918 421 2985 Diis
448 2919 487 2985 ad
515 2917 695 2985 sevenisse
723 2898 907 3003 Lystreuses
935 2915 1142 2995 credideriut,
1168 2913 1241 3001 quia
1269 2931 1367 3000 propo

185 3043 290 3110 urbem
316 3042 466 3131 templum
491 3039 645 3109 habebant
666 3040 730 3107 loni
754 3021 891 3108 sacrum.
910 3039 1085 3107 Credebant
1107 3048 1209 3105 autem
1226 3046 1364 3115 veteres,

187 3163 259 3234 deos
276 3166 344 3235 loca
361 3166 556 3255 potissimum
574 3164 634 3233 sibi
656 3184 744 3231 sacra
766 3183 999 3252 nonnumquam
1025 3162 1176 3242 invisere,
1194 3171 1224 3227 ct
1241 3162 1365 3240 lovem,

187 3289 209 3354 si
230 3292 292 3378 quc
315 3288 535 3368 descenderet,
554 3308 611 3376 pro
636 3288 749 3355 comite
770 3287 835 3353 lere
859 3286 974 3354 habere
996 3285 1209 3365 Mercurium,
1229 3303 1321 3372 quem
1338 3294 1368 3348 rt

188 3430 242 3497 pro
265 3410 324 3478 deo
348 3411 543 3500 eloquentiae
562 3421 655 3499 atque
674 3411 756 3478 lovis
779 3411 947 3499 interprete
972 3409 1152 3478 habebant‘.
1171 3410 1273 3496 Atque
1294 3406 1367 3474 hinc

218 3752 236 3812 q
257 3768 270 3794 a
289 3750 340 3802 late
358 3763 390 3801 σω
409 3749 458 3816 pp,
476 3749 587 3801 sulutem
605 3750 709 3816 quaem
721 3749 755 3801 ab
801 3735 856 3785 lum
876 3746 928 3786 uon
946 3731 1081 3785 habituros
1097 3733 1176 3786 luisse
1194 3746 1241 3800 pro
1258 3733 1331 3797 lova,
1347 3734 1368 3786 si

187 3832 327 3898 Apostoli&
344 3853 355 3879 „
372 3834 436 3886 qen,
457 3832 524 3885 poda
537 3834 564 3884 jn
584 3833 641 3885 Act,
661 3835 711 3899 Ap,
722 3832 755 3885 aq
801 3818 844 3870 illa
855 3818 935 3869 verba
946 3817 979 3869 ab
990 3830 1020 3869 eo
1030 3817 1142 3869 luissent
1152 3817 1261 3883 prolata.

187 3912 241 3966 Μ.
711 3950 725 3980 2
833 3921 853 3986 ⁸)
871 3921 937 3972 Van.
955 3900 1207 3978 nucr.Pror‘1)·)tcro
1224 3901 1369 3978 ρςιὴλατο

218 3997 238 4063 ¹]
250 3997 317 4050 Van.
329 3998 477 4050 ananelum
495 3984 640 4057 ανασθητι
658 3999 754 4064 legun·
800 4002 883 4068 tuor.)
894 4003 921 4053 in
935 4000 1016 4054 uodo.
1031 4000 1092 4053 ABG
1111 4000 1254 4066 multisque
1265 4001 1369 4053 Minus.

189 4088 229 4137 tur
242 4087 341 4139 verba:
362 4097 411 4137 σοι
428 4073 505 4162 lepor
521 4096 550 4137 εν
566 4099 609 4160 τῳ
627 4096 752 4160 cooperer
799 4085 874 4138 culis.

187 4186 239 4226 του
271 4164 390 4254 Kuprcu
421 4166 512 4239 Ιησου
543 4165 698 4257 Χριστου9
725 4175 753 4225 in
833 4183 853 4249 ⁴)
872 4180 1368 4247 Legcsisllomerlliada.lllmqq.

188 4260 266 4313 Codri.
287 4262 350 4314 Cuu
369 4263 500 4328 variisque
513 4262 673 4314 llinusculis.
687 4264 754 4314 For·
800 4250 887 4319 Plaut'.
908 4265 1038 4332 Amphitr.
1061 4267 1086 4317 l.
1108 4268 1131 4316 l.
1148 4267 1171 4315 l.
1186 4265 1263 4316 ovio.
1285 4264 1370 4316 Meta-

188 4347 253 4398 situn
267 4347 393 4411 glossema
405 4351 476 4409 sunt,
493 4361 525 4398 ex
539 4347 600 4414 Cap.
615 4349 650 4399 lll
664 4365 670 4400 :
684 4351 698 4399 9
710 4361 756 4400 as·
803 4348 904 4414 morph.
920 4347 977 4399 lllll
988 4362 994 4397 :
1006 4349 1063 4399 626.
1086 4347 1175 4400 Horat.
1189 4346 1268 4398 Odar.
1282 4346 1292 4396 l
1307 4359 1312 4394 :
1328 4346 1368 4394 to.

189 4433 331 4496 sumptum.
350 4429 514 4492 l‘utarcrim‚
528 4431 674 4485 leonienses
685 4430 756 4484 Pau·
804 4434 828 4482 l.
842 4429 960 4483 Catullus
969 4429 1049 4482 dixit:
1059 4443 1114 4482 seso
1122 4427 1231 4482 mortali
1239 4427 1372 4479 ostendere
