3074 5054
466 410 607 478 CAPUT
641 409 722 486 XV,
760 408 881 478 vulta.
921 409 1068 476 tt-ta.
1302 404 1365 472 581

176 596 389 686 parallelismo
405 596 523 687 liquet,
541 598 645 663 Deam
669 608 790 663 tentare
813 596 1004 666 tantumdem
1027 615 1096 662 esse
1117 613 1154 661 aa
1175 594 1279 660 Deum
1296 615 1371 659 cnc-

177 723 320 789 cerbare.
339 759 384 772 -
405 721 455 790 Ob
483 722 637 810 ingentem
662 731 900 810 praeceptorum
926 739 1090 787 numerum
1115 722 1228 786 Petrus
1255 720 1369 805 Legem

177 845 321 913 ritualem
337 854 427 920 vocat
443 847 566 930 lnpum¹
584 842 718 930 difficile
738 855 893 928 portata,·
910 862 981 910 nam
998 844 1045 909 sia
1069 841 1302 930 intelligendum
1321 851 1368 908 est

179 968 265 1056 quod
276 968 354 1037 dicit
371 995 380 1036 ι
399 971 482 1054 qaod
499 990 597 1053 neque
611 979 720 1053 patrea
737 970 843 1033 rtostri
858 989 957 1053 neque
972 989 1029 1033 noa
1043 979 1176 1053 portare
1190 969 1368 1052 potuimus.

178 1092 307 1162 Videsis
323 1091 363 1160 de
379 1091 440 1162 boc
455 1093 590 1160 themate
606 1091 751 1183 pluribus
768 1104 906 1181 agentem
924 1093 1075 1160 Larinum
1091 1091 1130 1159 ad
1147 1090 1181 1159 b.
1201 1091 1223 1159 l.

225 1215 382 1283 Particnla
406 1213 489 1279 alla
508 1219 691 1283 antitbetice
716 1215 845 1304 respicit
871 1235 1103 1304 nonnumquam
1130 1235 1197 1282 rem
1221 1235 1282 1282 non
1300 1213 1370 1302 qui·

179 1337 251 1404 dem
275 1337 379 1405 verbis
395 1357 593 1426 expressam,
611 1337 666 1405 sed
691 1349 793 1405 tamen
815 1338 918 1405 animo
941 1339 1117 1426 cogitatam.
1144 1337 1192 1405 Cf.
1220 1336 1310 1403 Klotz
1326 1334 1365 1402 ad

179 1459 443 1542 vernavola,
470 1481 503 1549 p.
524 1462 559 1528 7.
582 1461 630 1527 De
655 1458 881 1548 significatione
901 1462 980 1528 Aor.
1006 1461 1151 1529 infinitivi
1177 1471 1247 1549 post
1271 1458 1365 1526 verba

179 1586 345 1664 credendi,
362 1586 518 1667 sperandi
533 1593 563 1650 et
579 1583 714 1665 similia,
732 1583 803 1651 vide
819 1583 952 1651 Kiibner
968 1552 990 1673 S¹
1003 1587 1081 1653 dtu.
1101 1587 1194 1652 dnm.
1214 1588 1248 1652 2.

231 1834 283 1900 lb.
313 1833 429 1901 Tacait
443 1845 550 1900 antem
565 1834 671 1897 omnis
687 1833 875 1914 multitudo,
898 1837 985 1918 etc).
1004 1832 1125 1899 Graece
1143 1830 1224 1894 ἁπαν
1241 1853 1275 1895 το
1291 1827 1368 1904 πλη-

124 1992 127 1998 .
182 1955 242 2030 θος.
268 1957 317 2023 De
341 1955 523 2023 discrimine
547 1957 627 2023 inter
650 1978 709 2030 πας
731 1965 761 2021 et
784 1955 864 2029 ἁπας
884 1952 955 2020 vide
971 1973 1065 2042 supra
1089 1953 1127 2021 ad
1150 1954 1227 2042 Gap.
1255 1954 1285 2020 ll
1307 1978 1315 2019 :
1336 1955 1367 2019 l.

181 2079 349 2167 Postquam
366 2079 477 2145 Petrus
502 2098 590 2147 suam
606 2078 646 2145 de
663 2098 696 2144 re
714 2076 844 2144 dixisset
860 2077 1063 2156 sententiam,
1083 2086 1208 2142 tacuere
1225 2077 1370 2142 universi

183 2221 302 2286 omnen,
323 2201 366 2268 nit
381 2204 495 2283 Lucas,
514 2221 576 2291 qno
593 2199 758 2288 significat,
777 2200 932 2267 neminem
950 2199 993 2266 ibi
1010 2199 1107 2266 luisse
1123 2199 1176 2289 qui
1195 2201 1289 2266 Petro
1306 2218 1367 2265 non

184 2324 402 2406 adsentiretur,
424 2337 477 2393 ant
499 2324 630 2393 ulterius
660 2325 847 2393 contrariam
876 2324 1058 2391 sententiam
1089 2322 1279 2391 defenderet.
1309 2323 1369 2390 lta·

185 2469 261 2536 qne,
292 2449 417 2515 nemine
444 2441 538 2516 Petro
561 2448 768 2538 obloquente,
794 2448 832 2516 ad
856 2446 1100 2515 confirmandam
1125 2446 1219 2514 buius
1244 2456 1368 2513 sentcn-

186 2573 255 2639 tiam
283 2571 433 2662 deinceps
461 2572 556 2640 verba
584 2572 724 2640 fecerunt
746 2571 904 2640 Barnabas
929 2582 959 2638 ct
983 2572 1110 2639 Paulus.
1141 2571 1295 2639 Dicebant
1318 2569 1365 2651 bi,
1446 2626 1449 2633 .

187 2707 303 2780 quanta
326 2699 414 2761 varii
437 2699 561 2778 poneris
583 2698 741 2762 miracala
758 2700 832 2783 (ὅσα
854 2718 968 2782 capena
983 2719 1034 2760 aar
1059 2698 1181 2783 repara)
1207 2696 1294 2761 Deus
1314 2713 1373 2782 per
1436 2737 1439 2743 ·

189 2818 269 2906 ipsos
293 2816 443 2884 edidisset
459 2818 540 2884 inter
556 2819 714 2899 Gentiles,
733 2838 811 2905 quos
827 2817 866 2885 ad
882 2818 1012 2884 salutern
1038 2816 1254 2904 Evangelicam
1270 2815 1368 2884 admi-

189 2940 316 3020 sissent,
332 2961 526 3031 nequaqnam
553 2953 652 3010 tamen
679 2943 835 3010 Mosaicae
859 2943 935 3030 legis
952 2944 1023 3030 ingo
1040 2941 1165 3010 eosdem
1183 2952 1366 3020 onerantes3

190 3084 277 3152 quam
303 3065 411 3152 agendi
441 3065 592 3132 rationem
616 3086 712 3155 quum
742 3077 785 3134 tot
814 3066 972 3133 miraculis
1001 3067 1087 3133 Deus
1115 3066 1369 3156 comprobasset,
1416 3137 1418 3141 Α

191 3185 246 3255 boc
269 3189 339 3277 ipso
362 3189 465 3256 Deum
490 3190 687 3257 testificatum
713 3190 830 3268 luisse,
856 3189 980 3279 placere
1007 3189 1085 3270 sibi,
1113 3201 1147 3258 ut
1168 3191 1308 3260 Gentiles
1332 3188 1370 3256 ad

189 3317 314 3402 gratiam
337 3317 494 3405 Evangelii
519 3316 637 3406 absque
662 3317 753 3405 Legis
780 3337 875 3384 onere
900 3317 1126 3405 reciperentur.
1197 3362 1199 3367 -

236 3566 528 3650 lampedonem
546 3571 730 3646 tacuerunt,
749 3561 836 3643 etc).
856 3563 896 3628 Et
909 3571 1075 3646 postquam
1093 3538 1265 3628 tacuissent
1281 3567 1372 3648 (μετα

192 3681 221 3748 de
247 3708 282 3749 το
299 3686 450 3774 caynam),
466 3685 488 3750 i.
515 3704 544 3750 e.
571 3684 664 3752 finem
690 3683 813 3752 dicendi
839 3682 985 3750 fecissent
1010 3684 1131 3748 Paulas
1154 3694 1183 3747 et
1206 3682 1373 3747 Barnabas

192 3807 338 3899 (aurona),
359 3808 506 3888 lacobus,
525 3806 626 3874 dictus
644 3811 765 3887 minor,
786 3807 955 3896 Apostolus
972 3805 1118 3894 idemque
1134 3805 1372 3893 Hierosolymae
1428 3862 1431 3868 .

193 3935 365 4023 Episcopus
383 3932 457 4016 (vid.
475 3931 514 4000 ad
530 3933 606 4021 Cap.
624 3933 688 3999 Xll
705 3957 713 4000 ε
730 3929 780 4017 b),
799 3931 847 3998 sic
861 3934 969 3998 dicere
987 3949 1119 3995 exorans
1136 3940 1181 3996 est
1197 3928 1366 4019 (απεκριθη.

193 4056 265 4126 Vid.
284 4056 322 4124 ad
339 4057 416 4145 Gap.
435 4057 467 4123 X
485 4081 494 4122 ι
512 4052 567 4136 tt)
587 4080 595 4122 ι
614 4054 726 4121 Simon
742 4058 909 4137 enarravit,
928 4064 990 4122 etc.
1448 4025 1450 4028 γ

196 4235 379 4246 ιιι-ιι--ι-

196 4343 246 4481 λι)
261 4342 405 4481 Thaophyl.
416 4341 449 4393 ad
461 4342 488 4394 h.
501 4342 520 4394 l.
536 4327 631 4416 Zvyon
649 4349 757 4407 ειπων,
783 4341 887 4408 inquit,
901 4351 935 4390 το
959 4321 1037 4419 βαρυ
1060 4350 1112 4400 aaa
1128 4347 1157 4389 εν
1182 4323 1277 4412 Νομῳ
1306 4320 1374 4388 dau-

214 4442 277 4494 ειας
297 4428 334 4492 dn
357 4425 397 4480 oi.
