3074 5054
178 431 243 498 aut
523 426 657 515 ACTUS
692 427 1024 503 antisteterunt,

175 619 264 699 dam,
289 639 359 686 nam
377 617 454 685 nihil
480 619 625 685 intererat
649 618 782 697 relerre,
805 618 882 685 duos
900 637 1013 706 pueros
1038 618 1187 707 quosdam
1212 617 1353 685 earndern

176 761 343 812 mammam
361 725 494 809 sunisse.
516 780 560 789 —
576 741 704 808 Saulus.
724 742 802 821 llic,
821 753 855 808 ut
871 742 950 806 inter
967 741 1137 808 recensitos
1154 744 1354 831 praecipuus

177 879 335 954 postremo
353 866 422 933 loco
440 866 627 932 norniuatnr.

222 1114 255 1179 ἰ).
281 1111 547 1178 Ministruntibus
568 1119 673 1174 ctutum
699 1112 765 1174 illis
792 1111 930 1175 Domino
955 1120 983 1173 et
1008 1112 1245 1207 ieiunantibus,
1264 1107 1354 1188 etc).

176 1235 311 1302 Eosdem
327 1234 497 1322 intelligas,
516 1234 568 1321 qui
594 1233 685 1300 inodo
702 1232 789 1300 suere
813 1233 970 1299 recensiti.
997 1235 1116 1302 Graece
1133 1246 1202 1299 est:
1222 1231 1357 1321 λειτουρ-

174 1383 305 1450 γουντων
323 1355 355 1423 de
371 1381 471 1422 αυτων
495 1382 538 1444 τῳ
556 1360 704 1447 Kupup...
722 1381 783 1421 eruc
804 1383 837 1422 ro
862 1359 1009 1444 Huaupu,
1029 1379 1161 1446 quorum
1188 1360 1357 1426 verborum

174 1502 283 1550 sensns
300 1494 347 1549 est
365 1507 372 1548 :
393 1482 474 1548 Cum
497 1484 533 1546 lti
554 1483 680 1565 prtblico
696 1484 798 1546 cultui
813 1484 921 1573 diuino
938 1494 1162 1569 operarentur,
1181 1486 1264 1548 discit
1281 1484 1358 1566 Spi-

172 1613 256 1676 ritus
273 1609 421 1692 Sanctus,
441 1619 501 1675 etc.
521 1608 647 1675 Scilicet
666 1627 724 1673 nox
742 1604 934 1698 lerrouppcu,
950 1608 1033 1696 quod
1046 1607 1174 1675 verbum
1191 1621 1237 1674 est
1249 1610 1357 1675 Deuo-

175 1731 355 1800 minativum
376 1753 393 1798 a
418 1729 510 1806 λειτος
536 1734 682 1815 publicus
700 1744 729 1797 et
748 1755 832 1823 εργον
853 1754 948 1816 opus,
969 1732 1112 1799 universe
1136 1743 1220 1799 notat
1242 1754 1362 1798 munuc

176 1859 304 1940 ottqoou
326 1860 484 1941 problicunr
498 1858 605 1940 obire;
623 1855 675 1922 hic
691 1858 782 1934 vero,
801 1877 872 1922 cunt
897 1856 1027 1924 addatur
1043 1882 1085 1942 τῳ
1110 1858 1217 1947 Kvpup
1233 1857 1357 1946 (Datin

175 1979 385 2065 directionis),
405 1978 585 2070 lrrroupyru
603 1979 787 2046 surneuduni
805 1991 851 2046 est
867 1979 905 2046 de
921 1981 1112 2058 ministerio,
1132 1980 1216 2069 quod
1232 1981 1360 2068 publice

176 2102 279 2171 obitur
300 2105 382 2170 circa
404 2103 519 2171 cultum
545 2104 604 2169 Dei
628 2104 672 2194 (le
693 2106 811 2169 service
835 2103 953 2185 divin),
978 2105 1067 2171 ouius
1093 2124 1163 2193 pars
1188 2104 1356 2193 praecipua

175 2230 267 2296 estin
285 2231 390 2297 Novae
406 2231 496 2318 Legis
514 2230 665 2297 incruenti
684 2228 835 2296 sacrificii¹
847 2230 1018 2309 oblatione,
1042 2250 1140 2317 eaque
1157 2227 1227 2309 hic,
1246 2249 1357 2317 qnant-

177 2373 269 2440 quam
290 2375 350 2420 uon
369 2355 434 2444 ipsa
453 2355 483 2419 vi
501 2355 585 2421 vocis
603 2353 780 2445 λειτουργειν
797 2355 994 2442 exprimitur,
1014 2364 1113 2420 tannen
1139 2375 1199 2420 non
1223 2354 1358 2420 obscure

69 2547 70 2550 ,
176 2479 377 2567 significatur.
405 2480 483 2547 Narn
500 2481 526 2546 si
543 2479 642 2546 nudas
664 2491 695 2546 et
718 2499 819 2546 meras
836 2499 945 2567 preces
962 2479 1062 2544 Lucas
1080 2476 1131 2544 hic
1148 2466 1286 2545 indicare
1303 2499 1358 2544 vo-

178 2603 302 2683 luisset,
321 2623 417 2691 quare
433 2624 512 2685 non,
531 2624 588 2693 pro
605 2624 703 2683 inore,
723 2625 974 2693 προσευχομενων
991 2597 1023 2665 de
1040 2625 1139 2664 αυτων
1157 2601 1360 2690 scripsisset?

177 2726 270 2813 Atqui
296 2725 335 2792 de
352 2725 416 2792 sola
432 2725 662 2813 praedicatione
679 2725 764 2793 verbi
782 2725 877 2792 divini
896 2746 955 2792 non
974 2735 1057 2791 recte
1073 2725 1202 2792 dixisset
1225 2721 1360 2813 λειτουρ-

175 2872 306 2938 γουντων
336 2845 368 2912 de
396 2871 518 2928 αυτων,
547 2849 662 2917 addens
687 2874 729 2934 τῳ
757 2850 865 2939 Κυριῳ
895 2851 1010 2933 (Dativ.
1037 2833 1258 2934 Deuotionis),
1285 2850 1360 2939 quia

176 2971 272 3038 divini
290 2972 374 3040 verbi
389 2973 576 3061 praedicatio
594 2974 721 3062 proprie
737 2994 797 3040 non
817 2978 850 3038 iu
866 2975 969 3038 Derun
986 2976 1044 3063 (τῳ
1061 2973 1181 3064 Κυριῳ)
1199 2974 1357 3061 dirigitur,

178 3095 233 3162 scd
255 3095 294 3162 ad
318 3095 456 3163 fidelium
480 3097 651 3186 suscipitur
673 3098 916 3176 institutionem;
934 3098 1129 3165 sacrificandi
1153 3109 1253 3165 autern
1276 3098 1360 3164 actio

178 3217 296 3284 directo
318 3217 351 3283 lit
371 3219 439 3283 Deo
464 3224 518 3307 (τῳ
538 3219 670 3311 liupo),
700 3221 764 3286 sive
791 3220 821 3285 in
842 3222 943 3287 Deum
973 3220 1128 3308 dirigitur.
1154 3219 1360 3287 Animadver-

179 3340 303 3406 tendum
321 3351 367 3407 est
383 3342 487 3419 etiarn,
503 3363 563 3408 non
577 3342 761 3431 simpliciter
778 3342 837 3409 dici
855 3327 1113 3410 urinistroutidus
1128 3345 1190 3408 illis
1206 3345 1359 3422 Domino,

180 3462 235 3530 sed
251 3463 320 3530 addi
338 3475 368 3529 ot
384 3466 609 3531 ieiunantibus.
628 3467 723 3545 Nam,
744 3466 825 3554 quod
842 3466 1050 3555 Stapletonius
1066 3479 1169 3533 monet
1185 3465 1233 3551 (ad
1251 3467 1284 3534 h.
1303 3468 1359 3555 l.),

181 3586 324 3653 adiuncta
347 3586 424 3654 haec
449 3588 679 3655 circumstantia
704 3607 765 3653 non
784 3587 917 3656 obscure
941 3588 1048 3669 docet,
1075 3590 1113 3657 de
1137 3589 1291 3677 liturgiae
1306 3610 1361 3657 ac-

181 3713 264 3778 tione
296 3713 412 3778 Lucam
440 3713 545 3801 loqui,
575 3733 653 3801 quae
686 3713 813 3801 proprie
847 3713 1035 3780 sacrificinm
1069 3725 1126 3781 est.
1163 3714 1359 3782 Sacrificium

182 3837 298 3926 quippe
330 3835 576 3903 Christianorum
608 3849 758 3924 perpetuo
790 3837 944 3904 antecedit
975 3838 1141 3921 ieiunium,
1172 3849 1206 3904 ut
1239 3839 1361 3926 antiqui

182 3963 289 4029 Patres
324 3972 530 4040 monuerunt,
570 3961 782 4048 Augustinus,
823 3963 978 4039 Basilius,
1018 3960 1095 4041 alii3
1137 3962 1361 4050 praedicationi

182 4087 269 4153 verbi
291 4087 439 4154 ieiunium
465 4085 640 4151 necessario
664 4086 863 4152 coniunctum
886 4106 945 4152 non
968 4096 1026 4152 est.
1056 4087 1250 4174 Quamquam
1278 4085 1360 4152 nihil

184 4231 262 4298 opus
288 4221 334 4276 est
349 4208 409 4275 hoc
426 4208 605 4296 Scripturae
622 4208 690 4276 loco
713 4209 751 4276 ad
773 4209 962 4298 probandam
984 4229 1022 4275 ex
1046 4209 1162 4297 scripto
1187 4207 1281 4274 verbo
1297 4209 1371 4276 Dei'

181 4333 333 4398 incruenti
358 4333 462 4398 Novae
487 4330 578 4417 Legis
602 4331 746 4399 sacrificii
772 4333 944 4399 ueritatem.
971 4333 1036 4398 Nec
1059 4342 1123 4412 est,
1141 4349 1208 4396 inea
1231 4330 1362 4418 quidem

182 4458 350 4538 sententia,
379 4455 431 4522 hic
459 4456 565 4536 locus,
595 4467 751 4545 tamqnam
784 4458 991 4545 dogmaticus,
1020 4469 1126 4525 contra
1158 4456 1362 4526 Acatholicos
