3074 5054
481 396 620 466 CAPUT
656 394 769 478 XVil,
808 393 930 466 VERS.
969 393 1127 461 22-25:
1318 395 1379 462 ddi

205 592 270 654 teris
294 587 427 655 Graecis
443 584 688 672 religiosiores),
707 586 812 654 missis
828 584 898 652 aliis
913 584 981 651 eius
997 583 1043 650 rei
1059 583 1267 670 argumentis,
1286 603 1382 650 unum

204 710 228 778 id
243 711 334 778 affert
357 711 441 801 quod
465 711 593 780 ductum
613 720 679 778 erat
704 729 741 776 ex
765 729 803 776 eo
828 706 911 797 quod
929 705 1134 799 Athenienses
1160 708 1268 789 ignoto
1292 705 1383 772 etiam

201 836 248 899 deo
276 852 362 900 arum
392 834 600 903 dedicassem.
639 836 743 917 Nom,
777 832 896 920 iuquit,
926 852 997 896 curn
1025 849 1082 918 per
1109 827 1219 896 urbem
1247 838 1382 895 vestram

201 960 370 1024 transirem
390 954 619 1048 (διερχομενος)
647 968 823 1041 attenteque
848 957 1038 1040 inspicerem
1067 950 1271 1044 (αναθεωρῶν)
1293 973 1385 1018 suern

200 1097 300 1151 vestra
317 1085 368 1167 (τα
391 1081 589 1173 σεβοισμοιταιί
610 1085 726 1174 opor),
745 1083 847 1173 reperi
872 1082 965 1149 etiam
991 1100 1076 1148 atam
1100 1080 1257 1169 aliquam,
1275 1079 1306 1145 iu
1324 1099 1384 1167 qua

200 1207 380 1298 inscriptum
409 1219 475 1276 erat
502 1233 510 1276 ε
540 1211 653 1276 louoro
678 1225 748 1274 nso.
774 1243 818 1257 -·
846 1207 942 1294 Negat
970 1205 1005 1273 S.
1030 1205 1262 1292 lliiirouymus,
1291 1201 1384 1270 talem

200 1330 291 1399 luisse
308 1332 393 1399 illius
409 1350 480 1399 urae
497 1332 745 1421 inscriptionem.
769 1361 783 1392 ι
801 1328 967 1418 inscriptio
983 1346 1077 1408 arae,
1095 1326 1198 1415 inquit
1212 1325 1260 1413 (in
1277 1326 1354 1415 Cap.
1371 1327 1382 1392 Ι

201 1455 256 1544 Ep.
282 1453 323 1520 ad
345 1454 481 1544 Titum),
496 1475 556 1524 non
574 1456 614 1522 ita
631 1466 713 1535 crat,
731 1466 766 1522 ut
780 1454 896 1522 Paulus
916 1452 1068 1529 asseruit,
1094 1451 1209 1535 Ignoto
1233 1453 1310 1530 deo,
1328 1449 1386 1518 sed

201 1573 263 1640 ita:
285 1577 356 1641 Diis
371 1578 487 1661 Asiae,
506 1588 536 1642 ot
553 1578 722 1660 Europae,
741 1586 772 1642 et
792 1577 945 1660 Africae,
964 1576 1029 1638 diis
1053 1575 1170 1656 ignotis
1193 1581 1224 1637 et
1236 1574 1386 1656 peregri-

200 1701 262 1768 nis.
277 1700 399 1769 Verum
423 1702 496 1791 quin
520 1702 636 1769 Paulus
661 1722 722 1769 non
748 1700 892 1791 pluribus
914 1700 975 1767 diis
999 1698 1154 1788 indigebat
1178 1698 1311 1786 ignotis,
1329 1697 1386 1765 sed

200 1839 259 1897 uno
276 1828 398 1892 tantum'
411 1825 516 1913 ignoto
531 1825 609 1907 deo,
631 1825 785 1914 Singulari
803 1823 900 1891 uerbo
915 1841 991 1891 usus
1003 1834 1068 1904 cst,
1086 1835 1121 1890 ut
1132 1823 1277 1904 doceret,
1296 1822 1385 1889 illum

194 1963 287 2015 sunm
313 1969 383 2016 esse
408 1950 530 2031 Deum,
547 1970 639 2039 quem
658 1949 864 2017 Athenienses
881 1950 912 2016 iu
928 1968 1001 2016 arae
1016 1949 1106 2016 titulo
1130 1958 1382 2037 praenotassent,

189 2086 224 2142 et
240 2087 327 2142 recte
343 2094 413 2142 eum
431 2075 584 2153 scientes,
603 2074 706 2143 colere
727 2075 877 2144 deberent
893 2095 985 2163 quem
1002 2075 1179 2162 ignorantes
1195 2072 1384 2140 veneraban-

188 2202 259 2279 tur,
277 2208 309 2264 et
328 2198 450 2265 nescire
474 2217 534 2264 uon
558 2209 740 2287 poterant.»
775 2199 859 2264 llaec
880 2198 1104 2285 Hieronymus.
1122 2198 1180 2264 Cui
1206 2208 1307 2264 tamen
1326 2196 1384 2264 heo

178 2316 223 2388 in
242 2341 279 2388 re
294 2322 470 2388 consentire
488 2341 549 2388 non
567 2341 752 2411 possumus;
771 2332 836 2388 tum
855 2319 941 2409 quod
966 2319 1034 2386 siue
1057 2330 1134 2386 teste
1159 2329 1212 2386 aut
1231 2318 1383 2387 historico

174 2447 301 2537 aliquo
317 2457 534 2527 monumento,
555 2446 663 2514 elfere
680 2445 778 2514 solus¹
794 2446 929 2526 afirmat,
943 2445 1042 2513 luisse
1057 2464 1129 2512 aroc
1146 2444 1229 2511 illius
1249 2444 1384 2534 inscrip-

177 2573 312 2639 tionem
341 2571 431 2638 aliam
459 2571 497 2639 ab
526 2590 562 2638 ea
590 2589 682 2660 quam
712 2571 743 2636 iu
773 2570 996 2660 Apostolorum
1024 2569 1112 2636 Actis
1140 2568 1290 2655 legimus3
1317 2578 1381 2634 tum

173 2696 288 2762 etiarn
312 2693 397 2783 qnod
420 2695 548 2762 minime
572 2694 723 2762 credibile
747 2706 811 2772 est,
826 2694 958 2762 Paulum
975 2713 1086 2783 capere
1104 2693 1240 2760 voluisse
1257 2691 1378 2760 dicendi
1422 2682 1426 2690 ’

177 2816 361 2885 exordium
384 2817 423 2885 ab
448 2817 669 2896 affirmatione,
697 2839 790 2908 quam
816 2819 957 2885 salsitatis
973 2838 1103 2906 arguere
1120 2818 1292 2907 potuissent
1316 2818 1384 2884 eius

180 2942 370 3022 auditorem
387 2954 450 3010 tum
464 2942 598 3031 denique
611 2943 684 3033 quia
697 2945 723 3010 si
741 2941 934 3010 talis'luisset
951 2943 1125 3033 inscriptio,
1145 2941 1267 3033 qualem
1286 2943 1383 3011 luisse

188 3065 411 3153 Hieronymus
434 3066 582 3148 affirmat,
597 3068 699 3157 inepta
717 3066 794 3134 haec
819 3078 885 3135 erat
899 3088 996 3157 scopo
1020 3067 1181 3156 Apostoli,
1200 3067 1302 3155 utqui
1321 3088 1381 3135 non

193 3189 257 3255 nisi
282 3193 412 3258 unicum
440 3192 577 3280 ignotum
602 3193 704 3260 Deum
730 3190 800 3260 illos
824 3203 890 3259 erat
914 3191 1076 3260 docturus.
1097 3190 1249 3260 Existimo
1267 3203 1382 3269 autem,

190 3315 308 3397 plures
335 3314 466 3383 Athenis
493 3316 590 3384 luisse
616 3337 704 3396 aras,
734 3338 867 3408 quarum
894 3337 1098 3407 unaquaeque
1126 3317 1275 3406 inscripta
1303 3329 1385 3386 esset

202 3458 348 3526 αγνωστῳ
373 3437 465 3524 &epu
492 3440 611 3506 Harum
640 3460 733 3508 unam
762 3458 835 3528 ergo
863 3438 943 3507 sorte
972 3439 1085 3507 viderit
1111 3439 1246 3516 Paulus,
1277 3440 1383 3529 plures

202 3557 374 3627 istiusmodi
391 3579 460 3629 aras
477 3560 520 3629 ibi
538 3581 607 3629 esse
624 3562 783 3650 ignorans.

204 3736 363 3748 m

225 3861 243 3926 ι)
267 3835 455 3927 Σεβασματα
471 3862 534 3910 sunt
548 3864 692 3921 veneratu·
705 3863 768 3924 puta
816 3865 965 3933 apocletos
982 3866 1032 3906 και
1046 3840 1131 3931 ξενῳ.
1151 3859 1176 3911 h.
1192 3874 1214 3912 e.
1237 3860 1293 3913 Diis
1305 3862 1385 3914 Asiae

201 3949 230 3987 ea
245 3939 332 3990 omnia
355 3952 423 4005 quac
440 3941 559 4006 religioso
579 3942 661 3993 cultui
682 3943 769 3993 inscr—
815 3949 838 3993 et
860 3942 983 4006 Europae
1005 3956 1037 3993 oc
1056 3942 1157 4009 Libyae
1181 3943 1319 4012 (Africae),
1337 3945 1384 3996 deo

201 4019 290 4080 riunt;
321 4034 365 4084 ca,
395 4036 462 4088 quac
490 4023 609 4076 hominos
638 4024 770 4088 religionis
813 4026 904 4090 ignoto
922 4029 945 4074 et
961 4025 1112 4090 peregrino.

202 4115 277 4155 ⁰³¹¹S³
288 4113 460 4182 limantur·
847 4129 869 4190 ⁶)
889 4127 942 4180 lloo
952 4128 1065 4181 innuere
1078 4129 1141 4181 mihi
1160 4131 1265 4184 ridetur
1280 4133 1384 4185 Tertul-

235 4187 254 4252 ¹l
271 4187 479 4255 Th⁰⁰l³hll³⁰w⁸
491 4191 573 4258 (ΒΜ
589 4193 634 4260 xl)
646 4193 768 4256 affirma&
816 4210 902 4261 liunus
915 4209 1014 4275 (contra
1025 4211 1204 4266 Marcioneml
1219 4232 1224 4268 :
1240 4215 1265 4282 9)
1279 4230 1286 4267 :
1306 4216 1384 4269 luce-

201 4269 246 4320 Sssd
267 4271 366 4364 {latites
385 4273 441 4325 Sine
459 4278 523 4326 ῑθὲῑθ
535 4315 541 4339 2
554 4276 682 4340 integram
701 4275 770 4327 filius
815 4293 859 4342 trio
881 4291 975 4357 plante,
997 4293 1100 4361 iuquit,
1118 4295 1180 4348 Dsrs
1201 4311 1302 4350 tenoris
1323 4315 1386 4352 tuns

202 4363 261 4404 arao
274 4355 469 4420 inscriptionem
488 4357 567 4409 luisse
583 4358 668 4412 hauc:
683 4341 770 4418 Θεοῑς
817 4388 1002 4438 nnosrtrurns,
1015 4377 1060 4428 sed
1071 4377 1160 4431 Attica
1169 4381 1325 4436 idolotatria
1337 4391 1384 4438 est.

202 4450 253 4491 και
281 4430 441 4518 Ευρωπης,
468 4457 520 4496 και
541 4430 677 4518 Λιβυης,
706 4434 770 4520 &fild
817 4458 904 4524 Atque
921 4458 990 4509 idem
1010 4460 1394 4518 tortosibinoluitPhllostra-¹
