3074 5054
181 388 246 455 368
274 392 281 403 “
538 388 669 456 ACTUS
705 385 1040 468 APOSTOLORUM,

179 575 400 644 elementorum
423 597 459 644 ac
481 577 692 647 voluminibus
714 591 906 669 temporum,
925 571 1100 646 communis
1117 586 1147 642 et
1163 575 1291 664 publica
1314 575 1367 641 di-

179 699 267 766 vinae
291 699 491 768 institutionis
508 701 648 768 doctrina
672 701 836 790 legeretur.
855 702 984 767 Coelum
1008 722 1081 789 crgo
1098 712 1273 788 cunctaque
1290 717 1365 767 coe·

178 825 284 907 lestia,
303 845 388 893 mare
411 837 441 892 et
463 838 564 905 terra,
590 828 755 916 omniaque
771 837 851 915 quae
867 827 897 892 in
915 827 960 893 eis
981 837 1070 906 sunt,
1090 845 1226 893 consono
1243 823 1364 913 speciei

178 971 251 1018 suae
267 951 515 1041 ordinationique
531 962 683 1020 concentu
708 952 957 1041 protestabantur
980 951 1110 1040 gloriam
1134 949 1194 1016 Dei
1217 960 1247 1016 et
1271 968 1366 1038 prue-

177 1076 331 1144 dicationc
359 1088 507 1167 perpetua
535 1079 724 1147 maiestatem
752 1080 800 1145 sui
829 1077 1035 1167 loquebantur
1061 1076 1239 1143 auctoris...
1265 1072 1363 1160 Quod

178 1219 251 1287 ergo
268 1200 299 1265 in
316 1201 412 1267 lsrael
436 1222 492 1289 per
511 1201 763 1269 constitutionem
780 1201 871 1287 Legis
887 1212 917 1267 et
934 1197 1117 1289 prophetica
1133 1195 1255 1284 eloquia
1272 1215 1365 1283 gere·

89 1366 91 1370 ι
177 1321 279 1405 batur,
306 1324 367 1393 boc
391 1328 422 1393 iu
450 1327 603 1394 universis
632 1325 808 1393 nationibus
829 1326 923 1392 totius
945 1334 1103 1391 creaturae
1126 1319 1303 1388 testimonia
1332 1328 1365 1385 et

104 1446 112 1459 “
178 1423 408 1516 1011111ῙέΒεί
437 1450 586 1517 miracula
612 1469 737 1538 semper
764 1461 940 1537 egerunt.»
970 1449 1055 1514 Haec
1081 1456 1190 1513 auctor
1213 1443 1364 1531 antiquus

127 1641 131 1650 ,
177 1572 283 1660 (Sacc.
314 1572 360 1652 V)
383 1574 414 1640 iu
432 1575 579 1641 Tractatu
607 1577 644 1639 de
671 1577 831 1640 vocatione
858 1574 1002 1639 omnium
1029 1572 1190 1655 pentinum,
1219 1566 1289 1634 Lib.
1312 1568 1362 1646 11,

177 1697 253 1784 Cap.
273 1696 330 1764 tv.
350 1697 476 1783 Legitur
493 1697 573 1762 inter
589 1694 684 1762 dubia
701 1716 795 1785 opera
812 1696 845 1763 S.
866 1693 1013 1782 Prosperi
1032 1691 1191 1780 Aquitani.

223 1903 279 1968 17.
307 1904 349 1968 tt
370 1905 445 1967 ltoec
467 1904 603 2002 diceutes
627 1905 679 1967 cicc
694 1903 900 1981 sedaverunt,
919 1896 1007 1979 etc).
1026 1896 1211 1965 llliraculum
1229 1895 1366 1964 aPaulo

177 2035 330 2113 patratum
355 2025 568 2112 Lystrousium
594 2025 714 2092 animos
737 2024 870 2113 quodam
896 2022 990 2089 veluti
1016 2033 1143 2110 stupore
1163 2017 1362 2109 perculerat3

178 2166 272 2236 quare
293 2168 482 2233 quamquam
503 2147 644 2237 Apostoli
668 2147 745 2214 baec
765 2147 910 2212 dicebaut
934 2143 991 2226 (va.
1017 2141 1160 2222 lli—ld)
1177 2146 1238 2227 (και
1260 2166 1365 2207 ταυτα

176 2268 332 2360 leporum),
346 2273 399 2339 vix
414 2285 515 2340 tamen
528 2242 788 2361 compescuerunt
804 2270 1046 2350 multitudinem,
1061 2290 1100 2336 ne
1111 2270 1189 2360 ipsis
1203 2264 1364 2359 tamquarm

175 2396 246 2462 Diis
258 2397 460 2466 sacrificaret.
470 2435 514 2446 -
530 2399 579 2464 De
591 2396 747 2464 Particula
762 2420 813 2459 και
829 2395 1008 2484 Participiis
1027 2395 1131 2461 iuncta
1145 2414 1217 2461 cum
1234 2393 1364 2462 notione

176 2541 384 2606 quorrtqoom,
399 2520 514 2588 videsis
530 2520 683 2588 Valcken.
702 2519 741 2586 ad
764 2518 884 2586 Pboen.
911 2516 1056 2607 Euripid.
1076 2539 1108 2606 p·
1128 2518 1184 2586 98.
1202 2555 1247 2565 -
1263 2517 1365 2586 Geni-

176 2645 258 2713 livus
273 2669 327 2708 του
355 2670 397 2732 μη
420 2645 498 2709 duem
525 2669 628 2719 αυτοις
650 2643 763 2734 pendet
782 2643 911 2710 arcebo
928 2642 1030 2709 Finito
1046 2663 1254 2708 κατεπαυσαν.
1275 2641 1366 2710 Vide

177 2768 236 2835 Gr.
256 2788 326 2856 pag.
346 2770 425 2836 557.
445 2769 566 2835 Adaot.

224 2954 278 3020 18.
303 2954 561 3039 Supervenerunt
582 2967 687 3020 autom
710 2958 841 3040 quidam
863 2958 995 3041 Iudaei,
1022 2953 1110 3037 etc).
1139 2959 1216 3025 Cum
1238 2957 1364 3045 Lystris

177 3076 279 3146 adhuc
295 3088 492 3145 versarentur
516 3078 675 3167 Apostoli,
702 3082 738 3146 ed
762 3093 913 3148 venerunt
937 3081 1041 3150 ludaei
1064 3082 1208 3170 quidam,
1232 3103 1305 3172 pars
1322 3084 1363 3152 ab

177 3202 344 3270 Antiochia
358 3202 505 3283 Pisidiae,
524 3222 596 3290 pars
612 3203 651 3270 ab
668 3204 775 3271 loonio
793 3204 855 3272 huc
870 3205 1014 3295 proiecti.
1034 3209 1099 3274 Nec
1115 3206 1263 3288 dubium,
1283 3209 1362 3297 quin

177 3325 296 3393 suerint
308 3346 345 3393 ex
370 3345 478 3392 eorum
496 3346 644 3407 numero,
666 3328 718 3417 qui
736 3328 828 3417 paulo
846 3338 915 3396 ante
939 3350 1008 3398 sese
1036 3331 1201 3418 Evangelio
1227 3331 1362 3400 rebelles

177 3459 207 3515 et
234 3447 392 3536 Apostolis
420 3447 555 3516 infensos
583 3433 787 3518 exhibuerant
811 3452 886 3539 (vid.
914 3455 991 3542 Gap.
1022 3455 1128 3521 Xlll:
1154 3456 1306 3534 t5-50‚
1332 3466 1364 3523 et

177 3574 255 3642 XlV
274 3599 282 3639 ε
303 3572 350 3662 a).
370 3572 448 3640 llluc
472 3594 545 3663 ergo
562 3586 709 3642 venerant
723 3578 826 3644 animo
843 3578 1049 3667 persequendi
1067 3579 1246 3668 Apostolos.
1266 3580 1362 3665 Quod

178 3708 208 3764 et
219 3696 370 3764 lecerunt.
388 3698 480 3779 Nam,
494 3709 528 3765 ut
540 3710 644 3767 narrat
660 3702 771 3782 Lucas,
788 3714 954 3788 postquam
971 3706 1210 3770 morttitudiuem
1223 3724 1362 3786 perram·

178 3824 290 3887 sr‘aseut
306 3821 474 3906 (πεισαντες
490 3845 558 3896 τους
575 3819 701 3909 οχλους)
716 3833 750 3890 ut
769 3843 840 3890 cum
858 3824 935 3913 ipsis
952 3826 1119 3905 sentirent,
1134 3824 1309 3906 concitato,
1328 3837 1362 3894 ut

178 3944 311 4025 videtur,
326 3944 476 4024 tumultu,
492 3945 636 4026 Paulum,
654 3968 704 4009 τον
720 3947 883 4036 ἡγουμενον
899 3970 952 4011 του
966 3946 1057 4037 loyca
1074 3949 1135 4038 (vs.
1153 3946 1206 4029 ll)
1223 3949 1361 4038 ideoque

178 4067 275 4154 magis
298 4065 360 4134 illis
380 4067 532 4147 inrisum,
550 4067 707 4157 lapidibus
729 4069 911 4139 obruerunt.
930 4076 974 4121 ‘-
991 4072 1104 4139 Forma
1124 4071 1262 4135 τεθναναι
1284 4092 1360 4141 cou-

177 4200 274 4258 tracta
290 4201 390 4257 estex
409 4191 602 4264 retroactam.

209 4429 230 4496 ¹)
246 4429 312 4482 Vin.
334 4443 405 4480 cccc.
429 4429 479 4482 Pro
491 4428 574 4483 torma
592 4431 723 4483 contracta
738 4415 876 4481 τεθναναι
898 4443 937 4492 est
957 4417 1125 4493 τεθνηκεναι
1143 4434 1169 4487 in
1183 4436 1265 4491 codd.
1282 4437 1356 4505 tue,

177 4520 309 4586 variisque
320 4518 483 4572 Minusculis.
