3074 5054
188 378 236 458 dh¹
524 388 659 457 AGTUS
696 387 1029 472 APOSTOLORUM,

186 592 313 646 venerat
328 583 408 647 hora
423 584 491 648 cias
507 581 609 669 (loan.
628 581 712 649 vll:
734 583 795 662 503
815 582 892 648 Vlll
913 607 920 649 :
939 582 1010 669 20).
1029 582 1160 668 Quando
1184 600 1257 650 veno
1273 603 1364 647 nene·
1416 588 1418 593 ’

185 717 237 770 aaa
256 708 336 772 nara
357 709 425 772 etas
446 704 549 794 (roan.
574 682 870 783 x112'273xm:
890 706 1065 785 mxvii:
1088 703 1135 793 r),
1154 715 1183 772 a
1204 707 1285 770 uara
1306 704 1365 770 tm-

186 828 310 915 piorum
333 828 537 909 ludaeorum,
560 837 590 894 et
611 830 777 911 potestatis
800 827 1003 892 tenebrarum
1026 827 1120 917 (Luc.
1145 828 1242 894 XXll
1261 851 1269 892 ι
1289 825 1362 916 55),

185 961 250 1019 turn
271 951 395 1024 demum
420 953 507 1020 lesus
529 954 705 1037 permissas
726 949 784 1017 luit
803 951 869 1017 sire
892 947 1011 1027 εκδοτος
1037 952 1136 1018 lactus
1164 960 1211 1018 est
1234 950 1362 1040 impiiS,

184 1076 238 1164 qui
262 1097 333 1144 eum
356 1075 548 1144 oeciderunt.
574 1077 636 1143 Sua
660 1095 732 1163 ergo
756 1075 806 1142 isti
829 1075 945 1142 malitia
966 1077 1026 1143 acti
1046 1070 1280 1144 Christieidium
1296 1086 1363 1144 tum

184 1209 363 1287 patrarunt,
382 1199 466 1289 quod
483 1201 617 1267 immane
641 1199 759 1266 crimen
776 1199 887 1266 Petrus
911 1196 963 1266 hic
984 1200 1045 1267 illis
1061 1199 1239 1289 exprobrat.
1258 1199 1365 1265 Liceat

186 1321 238 1390 hic
260 1324 438 1391 adscribere
460 1325 494 1392 S.
519 1323 632 1391 Leonis
659 1341 752 1390 aurea
776 1321 926 1411 quaedam
950 1321 1050 1402 dicta,
1075 1322 1189 1412 quihus
1213 1342 1362 1411 praesens

185 1443 273 1512 locus
297 1467 358 1514 nnn
382 1466 492 1535 parum
524 1445 709 1513 elucidatur.
742 1473 755 1504 ι
781 1444 1060 1534 Numquid,.ait*,
1086 1446 1233 1535 iniquitas
1258 1467 1364 1535 perse

184 1566 345 1653 quendum
372 1565 531 1634 Christum
555 1585 594 1633 ex
624 1566 684 1632 Dei
708 1577 755 1633 est
786 1578 864 1635 orta.
883 1566 1037 1634 consilio?
1060 1568 1099 1632 Et
1122 1565 1199 1633 illud
1223 1566 1361 1647 lacinus,

183 1688 268 1775 quod
288 1688 371 1755 omni
393 1689 494 1756 maius
517 1700 564 1756 est
585 1688 734 1770 crimine,
760 1709 870 1756 manus
897 1689 1019 1756 divinae
1043 1689 1285 1778 praeparationis
1312 1709 1364 1756 ar-

184 1812 299 1879 mariti
321 1813 390 1881 Non
413 1812 475 1880 hoc
497 1812 587 1902 plane
614 1812 653 1880 de
679 1832 800 1881 summa
828 1813 944 1880 iustitia
972 1813 1168 1881 sentiendum
1194 1823 1267 1880 est:
1287 1815 1362 1901 quia

184 1937 314 2006 multum
336 1938 491 2007 diversum
516 1938 710 2028 multumque
731 1940 921 2006 contrarium
944 1938 1057 2023 estid,
1076 1937 1206 2028 quodin
1232 1937 1363 2005 ludaeo-

182 2083 253 2130 rum
281 2063 468 2150 malignitate
495 2064 747 2153 praecognitum,
772 2073 802 2130 et
830 2062 914 2152 quod
937 2062 968 2129 in
996 2061 1113 2129 Christi
1141 2072 1188 2129 est
1216 2061 1362 2150 passione

182 2186 381 2275 dispositum.
405 2189 475 2255 Non
499 2185 571 2254 inde
595 2186 748 2276 processit
769 2186 910 2255 voluntas
934 2165 1158 2266 interficiendi,
1189 2185 1270 2254 unde
1294 2205 1362 2253 mo-

183 2311 300 2391 riendi3
326 2331 383 2378 nec
404 2310 443 2378 de
467 2330 529 2377 uno
552 2311 668 2378 exstitit
690 2311 808 2400 Spiritu
823 2311 967 2380 atrocitas
987 2310 1134 2391 sceleris,
1152 2319 1183 2377 et
1199 2308 1362 2377 tolerantia

181 2435 409 2523 Redemptoris.
438 2435 508 2502 Non
535 2435 618 2502 enim
645 2435 756 2524 inrpias
780 2436 948 2503 furentium
974 2454 1083 2501 manus
1111 2433 1242 2501 immisit
1265 2433 1297 2500 in
1321 2453 1361 2500 se

180 2558 351 2641 Dominus,
381 2557 436 2625 sed
463 2559 604 2640 admisit,
629 2579 687 2627 nec
714 2559 917 2649 praesciendo
946 2557 1029 2648 quod
1055 2557 1229 2625 laciendum
1258 2567 1359 2638 esset,

182 2683 283 2770 coegit
298 2695 333 2750 ut
348 2683 454 2765 lieret,
472 2703 544 2752 curn
559 2696 661 2752 tamen
678 2684 716 2752 ad
733 2684 794 2752 hoe
810 2706 935 2753 carnem
951 2685 1157 2773 suscepisset,
1176 2694 1209 2751 ut
1225 2683 1358 2752 lieret...

181 2806 273 2891 Quod
300 2808 403 2897 itaque
429 2810 584 2877 Dominus
608 2811 701 2876 lesus
728 2808 872 2876 Christus
896 2809 1037 2876 surorum
1068 2809 1265 2875 frementium
1293 2807 1359 2895 pati

56 2983 59 2996 .
181 2930 296 3012 voluit,
321 2932 351 2997 in
378 2931 462 2999 nullo
489 2943 596 3001 auctor
624 2952 732 3000 eorum
756 2933 922 3000 criminum
948 2932 1024 3014 luit,
1054 2953 1112 2999 nec
1139 2932 1200 3019 egit
1223 2942 1257 2998 ut
1279 2930 1360 2998 haec

182 3053 313 3135 vellent,
335 3054 390 3122 sed
418 3056 513 3123 cessit
532 3066 568 3124 ut
588 3068 740 3146 possent:
766 3066 797 3123 et
820 3057 867 3123 sic
888 3077 963 3124 nsus
986 3066 1033 3124 est
1055 3066 1233 3124 occaecatae
1256 3053 1359 3144 plehis

182 3175 317 3258 insania,
340 3176 495 3266 quomodo
512 3188 543 3245 et
558 3177 687 3269 perfidia
712 3178 888 3260 traditoris,
914 3199 1006 3268 quem
1021 3178 1061 3246 ab
1077 3177 1266 3245 immanitate
1282 3197 1359 3244 eon·

182 3298 263 3386 cepti
292 3297 420 3366 sceleris
437 3308 468 3365 et
483 3299 643 3368 benefieiis
665 3311 712 3368 est
733 3321 880 3369 revocare
903 3301 1044 3390 dignatus
1065 3312 1096 3367 et
1117 3300 1240 3380 verbiS,
1268 3319 1358 3367 assu-

178 3420 293 3488 mendo
308 3422 340 3488 in
358 3421 563 3512 discipulum,
581 3423 780 3514 provehendo
797 3425 828 3491 in
845 3425 1048 3515 Apostolum,
1067 3422 1220 3490 monendo
1237 3423 1354 3510 signis,

182 3544 391 3612 consecrando
427 3547 601 3633 mysteriis,
638 3558 671 3614 ut
705 3549 755 3615 eui
792 3547 870 3615 nihil
906 3546 1135 3615 benevolentiae
1169 3545 1290 3613 deesset
1316 3545 1356 3613 ad

180 3668 423 3750 correctionem,
459 3669 539 3736 nihil
574 3671 748 3738 occasionis
783 3681 962 3760 superesset
992 3669 1032 3736 ad
1063 3668 1232 3735 crimen.»
1263 3668 1355 3753 Quod

179 3790 292 3859 dicitur
307 3794 437 3859 coasilio
453 3789 590 3881 (βουλῃ),
609 3794 640 3859 in
657 3813 694 3862 eo
718 3793 850 3861 notanda
873 3803 919 3860 est
940 3792 993 3859 illa
1017 3790 1218 3880 Metaphorae
1234 3790 1355 3879 species

179 3933 271 4001 quarn
287 3913 547 4004 coopertoriolum
570 3930 699 3997 vocant,
717 3936 840 4006 quaque
860 3916 997 3983 actiones
1016 3916 1085 3982 Deo
1101 3914 1279 3981 tribuuntur
1295 3911 1355 3980 hn-

179 4056 298 4105 manae.
324 4037 440 4126 Nequit
463 4038 546 4105 enim
573 4040 641 4106 Deo
670 4040 797 4128 proprie
826 4038 921 4107 tribui
950 4041 1137 4117 consiliam,
1168 4055 1264 4126 quum
1292 4033 1354 4104 hoc

176 4162 435 4227 deliberationem
450 4159 604 4242 includat,
620 4181 699 4251 qnae
714 4162 747 4228 in
763 4163 866 4230 Deum
883 4161 1011 4228 minime
1026 4159 1120 4227 cadit.

209 4339 229 4404 ¹)
246 4338 330 4391 Serm.
347 4340 405 4392 XVI
423 4340 457 4392 de
474 4340 611 4404 Passione,
623 4341 656 4393 ad
675 4341 738 4393 haec
783 4349 839 4394 tam
852 4357 965 4408 pueram
976 4349 1049 4396 taum
1060 4343 1175 4394 lesam...
1185 4341 1274 4404 faeere
1285 4353 1352 4406 qaae

175 4420 254 4472 verba
275 4421 343 4487 (det.
367 4421 401 4474 IV
419 4435 425 4470 :
443 4423 490 4487 27,
514 4424 555 4488 28)
575 4440 581 4477 :
603 4424 738 4475 Conuene·
783 4425 1134 4488 maranatha,etaooniliam
1146 4423 1351 4474 taumdeereoe-

174 4509 269 4553 rum...
285 4504 314 4553 in
331 4503 498 4556 civitatetua
515 4507 737 4558 adversusaaaa-
783 4506 933 4571 ruotheri,
