3074 5054
412 361 550 431 CAPUT
586 361 651 440 lX,
689 359 811 428 VERS.
849 357 951 424 6-7.
1211 355 1295 454 165,

138 557 172 622 7.
198 555 243 620 Et
260 554 416 619 Dominus
432 553 474 616 ad
490 571 585 616 eum:
602 549 706 632 Surpe
723 559 753 614 et
770 547 951 629 depredare,
970 544 1059 629 etc).
1078 541 1189 610 Saulus
1206 542 1280 610 hac·

94 689 184 745 tenus
209 676 296 744 humi
320 685 492 764 prostratus
516 674 671 753 iacuerat,
695 682 728 737 ut
751 680 834 760 patet
854 689 893 735 cx
916 689 964 734 vs.
992 688 1060 755 seq.
1086 676 1176 732 etex
1199 666 1277 754 Cap.

95 801 229 870 XXVl:
252 802 306 880 16,
321 797 374 865 uhi
392 797 436 864 illi
454 796 568 864 dicitur
587 817 594 859 :
614 797 761 877 Excerpe
777 804 807 858 et
823 803 871 859 sta
886 813 983 876 super
1001 793 1095 874 pedes
1115 800 1195 856 tuos.
1215 790 1280 856 lam

96 921 221 990 demum
244 921 275 987 in
299 920 394 1009 pedes
418 939 452 985 se
475 918 584 1005 erigit,
605 917 729 984 iubente
754 917 845 996 lesu,
863 934 881 981 a
898 935 959 1004 quo
977 913 1069 979 etiam
1094 911 1219 979 iubetur
1235 911 1281 977 in·

94 1046 180 1134 gredi
207 1045 417 1123 Damascum,
443 1041 605 1109 auditurus
628 1040 691 1120 ibi,
719 1038 794 1128 quid
818 1060 890 1106 eum
914 1038 1016 1105 lacere
1040 1044 1210 1126 oporteret.
1233 1036 1281 1101 Ex

96 1169 172 1258 Cap.
191 1169 302 1237 XXVI
322 1191 330 1233 ε
347 1169 390 1234 16
407 1186 494 1255 sqq,
520 1166 573 1233 ubi
591 1165 658 1254 ipse
674 1164 786 1231 Saulus
803 1174 907 1231 narrat
923 1182 1002 1251 quae
1027 1161 1087 1229 sibi
1105 1162 1135 1226 in
1152 1160 1201 1226 via
1218 1160 1282 1227 Da·

96 1311 240 1360 mascena
263 1290 468 1369 accidissent,
487 1289 602 1376 liquet,
622 1290 725 1355 lesum
749 1287 788 1355 66
810 1287 863 1354 1116
878 1285 971 1353 verba
992 1310 999 1350 :
1019 1307 1112 1375 sarpa
1129 1295 1158 1350 et
1175 1287 1283 1368 inpre-

96 1419 170 1483 dere
197 1418 376 1498 civitatem,
408 1413 500 1480 etiam
529 1412 606 1479 baec
633 1412 817 1478 addidisse:
837 1412 889 1478 Ad
912 1413 969 1475 bac
992 1411 1132 1494 apparui
1156 1410 1228 1492 tibi,
1248 1419 1285 1473 ut

97 1541 291 1605 constituam
314 1548 342 1602 te
366 1540 571 1620 ministram,
599 1548 628 1602 et
649 1548 756 1602 testem
778 1557 907 1614 eoram,
926 1555 1005 1620 quae
1027 1535 1154 1616 vidisti,
1181 1543 1211 1598 et
1234 1553 1281 1598 ec·

97 1681 190 1743 rum,
216 1662 328 1746 quibus
351 1663 507 1745 apparebo
530 1661 605 1744 tibi,
628 1663 768 1745 eripiens
791 1664 880 1727 tede
901 1662 1038 1743 populo,
1062 1667 1092 1722 et
1118 1655 1281 1739 pentibus,

97 1786 133 1848 iu
154 1805 234 1869 quas
257 1805 342 1849 nuuc
365 1804 418 1867 epo
441 1787 531 1849 mitto
556 1793 602 1861 te,
620 1787 750 1869 aperire
774 1787 879 1850 oculos
903 1804 1031 1861 eorum,
1048 1792 1085 1845 ut
1099 1789 1285 1845 convertan-

100 1919 154 1974 tur
175 1931 195 1974 6
219 1908 356 1974 tenebris
380 1910 562 1986 adducam,
589 1919 619 1973 et
642 1910 680 1973 de
700 1917 853 1991 potestate
877 1906 1016 1972 Satanae
1040 1906 1082 1968 ad
1105 1903 1225 1981 Deum,
1250 1911 1287 1968 ut

99 2033 259 2114 occipiunt
284 2033 504 2096 remissionem
529 2040 749 2114 peccatorum,
775 2041 805 2096 et
826 2040 943 2095 sortem
970 2030 1055 2094 inter
1082 2037 1206 2094 sanctos
1225 2048 1287 2111 per

98 2155 214 2236 116666,
233 2176 313 2240 quae
335 2165 382 2221 est
405 2159 441 2221 iu
463 2177 523 2221 me.
541 2154 664 2240 Quibus
686 2154 790 2222 verbis
815 2151 928 2221 Saulus
952 2151 991 2219 66
1011 2170 1067 2217 sua
1091 2149 1130 2217 66
1152 2152 1287 2239 Aposto-

99 2276 195 2343 latum
211 2276 362 2344 electione
381 2276 540 2345 edocetur.
560 2315 604 2326 -
620 2275 701 2345 Vide
718 2277 796 2343 infra
813 2275 850 2344 ad
875 2276 953 2363 Cap.
973 2273 1084 2342 XXVI
1101 2298 1108 2340 :
1130 2275 1191 2354 16,
1211 2294 1284 2363 sqq.

137 2514 224 2580 ‘Viri
238 2523 345 2579 autem
361 2516 411 2579 etet
424 2516 483 2600 qui
496 2514 728 2579 comitabantur
743 2533 815 2577 cum
832 2533 880 2594 eo,
899 2511 988 2596 616.)
1015 2510 1137 2577 Graece
1153 2512 1180 2573 οἱ
1197 2532 1285 2573 συνο-

102 2631 237 2712 δευοντες
253 2660 337 2722 αυτῳ
354 2636 387 2703 b.
407 2657 436 2703 e.
455 2639 597 2722 quicum
613 2657 648 2701 eo
664 2639 725 2701 iter
746 2635 922 2720 faciebant,
947 2631 1068 2700 stabant
1093 2629 1172 2720 (vid.
1192 2650 1286 2720 supra

102 2761 143 2830 ad
166 2783 214 2829 vs.
233 2764 272 2843 d,
290 2783 323 2851 p.
343 2765 407 2830 i93
430 2773 460 2829 et
486 2759 564 2846 tau)
587 2761 724 2844 attoniti,
752 2780 862 2848 graece
884 2782 992 2839 εννεοι,
1011 2757 1096 2847 quod
1119 2766 1289 2846 usurpatur

104 2883 144 2952 de
160 2885 215 2966 iis,
233 2888 290 2970 qm·
310 2888 439 2952 attoniti
461 2886 685 2950 obmutescant.
704 2882 753 2950 Cl.
773 2883 885 2952 Valck.
904 2881 942 2948 66
960 2880 993 2947 b.
1014 2880 1035 2946 l.
1055 2881 1176 2948 Graeco
1194 2901 1288 2954 εννεος

104 3006 275 3096 respondet
294 3008 485 3074 Nostratium
507 3009 707 3092 sprobetocs,
732 3007 902 3072 verstomd.
933 3005 1032 3070 Causa
1055 3023 1112 3069 cur
1134 3001 1219 3069 Sauli
1236 3021 1289 3068 co-

105 3132 197 3198 mites
225 3131 342 3198 iamin
367 3131 461 3219 pedes
489 3130 583 3197 erecti
613 3130 747 3219 stupenti
772 3128 876 3216 lingua
899 3128 943 3194 ibi
971 3127 1146 3207 adstarent,
1176 3125 1290 3193 dicitur

106 3255 138 3321 in
156 3254 206 3321 his
222 3254 425 3342 sequentibus
442 3256 627 3322 :audientes
643 3256 770 3339 quidem
786 3274 890 3319 vacem
908 3252 969 3330 (της
986 3251 1111 3342 ponne),
1130 3254 1290 3317 nemiuem

104 3386 214 3441 autem
228 3376 380 3440 uidentes.
395 3374 483 3459 Quae
498 3373 667 3462 Participia
684 3372 865 3441 resolvenda
882 3383 953 3440 suat
969 3373 1000 3439 iu
1014 3372 1109 3440 verba
1121 3373 1222 3439 Finita
1235 3391 1291 3461 per

106 3502 222 3586 quippe
237 3501 303 3584 qai.
323 3497 420 3584 lgitur
435 3516 528 3565 causa
544 3498 682 3586 stuporis
698 3497 731 3564 16
744 3517 780 3564 66
795 3506 878 3578 erat,
897 3495 982 3586 quod
998 3495 1166 3563 audiebant
1182 3514 1290 3562 vocem

106 3621 197 3689 Pauli
219 3641 291 3688 cum
314 3620 418 3707 aliqua
438 3619 658 3707 colloquentis
676 3640 748 3687 cum
766 3630 867 3686 tamea
884 3618 1025 3686 viderent
1042 3617 1196 3684 nerninem
1213 3636 1291 3704 quo·

107 3770 181 3818 cura
194 3747 435 3836 colloqueretur.
446 3749 548 3835 Atque
561 3748 601 3815 ita
614 3748 648 3816 S.
658 3746 901 3835 chrysostomus
914 3744 991 3813 haec
1003 3743 1098 3812 verbs
1111 3743 1287 3811 intellexit.

142 4016 164 4084 ¹)
181 4017 256 4070 Hom.
278 4015 336 4066 xix
355 4016 382 4067 in
400 4015 457 4067 tot.
479 4014 529 4080 Ap.
559 3999 625 4064 «Ol
645 3995 679 4063 de
726 4022 827 4087 μενον,
845 4000 1026 4085 εθαυμαζον.
1045 4009 1072 4061 h.
1084 4023 1107 4061 e.
1119 4027 1131 4056 a
1145 4006 1293 4071 Qaioatem

108 4115 249 4168 συνοντες
269 4114 373 4176 aurp,
387 4105 487 4172 inquit,
503 4111 556 4163 την
579 4111 678 4179 φωνην
723 4121 783 4159 eum
805 4105 851 4158 etto
870 4111 962 4166 erant,
983 4116 1070 4155 vocem
1090 4100 1192 4166 quidem
1215 4097 1295 4150 Pootr'

109 4205 167 4272 μὲν
182 4206 235 4248 του
252 4178 381 4246 Παυλθυ
401 4201 553 4257 611οῡ1111,
571 4174 679 4244 θυδίνα
724 4199 878 4258 audierant,
899 4195 1029 4246 nemiuem
1050 4197 1138 4244 autem
1156 4190 1293 4250 viderunt,

109 4271 145 4340 δε
157 4275 311 4427 ῑθῑωῗῗυν,
323 4293 396 4362 προς
407 4275 439 4336 ὃν
451 4292 645 4361 “belluim-
653 4318 677 4335 ··
725 4295 762 4348 ad
774 4309 849 4361 quem
860 4293 1060 4358 responderet...
1080 4287 1193 4341 Paulam
1207 4293 1294 4339 autem

108 4388 163 4429 “W
179 4361 211 4429 (ld
262 4361 356 4426 ἄυλον
374 4367 497 4454 ὁρωντες
520 4383 680 4451 aucupare·
724 4386 842 4437 videntes
871 4382 1085 4448 respondentem,
1115 4377 1294 4429 mirabantur.
