3074 5054
370 393 508 462 cartu
542 392 622 473 vu,
658 393 779 462 VERS.
819 394 962 462 itt-aa.
1193 394 1257 460 tta

88 587 210 665 dicant,
239 605 306 652 rem
334 603 403 652 esse
429 581 519 649 tatem
547 592 599 648 aut
624 584 690 648 Deo
717 586 775 672 (τῳ
802 581 891 669 Θεῳ,
920 582 1051 669 anubab)
1078 584 1101 650 i.
1130 605 1159 651 a.
1188 586 1257 652 Deo

87 710 206 789 indiae,
230 720 405 776 antrorum
420 708 505 790 Deo,
524 715 558 771 ut
580 707 695 775 Genes.
712 708 767 774 X:
786 710 806 775 9
822 705 959 774 Nemrod
982 706 1097 774 dieitur
1113 711 1258 775 robertus

87 846 218 902 oenmor
244 855 351 900 coram
373 833 509 897 Poenino
526 827 641 918 (arabs,
656 829 716 916 *aab
732 829 882 916 *tm-aiae)
908 831 930 897 i.
956 851 985 898 e.
1010 832 1255 901 robustissimus.

89 959 217 1035 Αστειος
242 979 259 1027 a
285 957 397 1025 Dativo
428 954 513 1022 vonis
544 976 640 1030 αστυ,
673 954 765 1034 urbs,
799 954 968 1022 derivatum
1000 957 1102 1046 primo
1133 958 1258 1047 quidem

89 1095 138 1151 est
169 1085 322 1161 urbanus,
359 1099 430 1146 mox
459 1098 531 1145 vero
561 1079 735 1161 formosas,
768 1098 829 1165 quo
864 1098 956 1145 seusu
986 1079 1169 1147 vocabulum
1199 1080 1260 1148 hoo

90 1208 203 1296 legitur
225 1204 330 1274 Iudith
356 1205 426 1270 xl:
454 1204 510 1270 25.
540 1199 651 1267 Suidas
681 1225 689 1266 ε
720 1221 849 1274 αστειος·
886 1223 1096 1291 ευπρωσοπος,
1125 1224 1258 1292 χαριεις,

89 1328 196 1405 καλος.

137 1573 193 1640 91.
217 1572 253 1638 ln
265 1569 399 1638 dictione
415 1595 423 1638 :
438 1569 588 1635 εκτεθεντα
601 1565 634 1634 δε
646 1573 748 1634 aornr‘
765 1565 898 1632 aretinae
910 1547 1013 1648 avion,
1027 1566 1157 1635 alterum
1169 1592 1260 1633 αυτον

92 1694 244 1764 redundat
272 1714 280 1757 :
310 1695 483 1784 expositum
511 1694 655 1761 infantem
680 1693 803 1761 sustulit
826 1692 889 1758 titia
912 1690 1102 1773 Pharaonis,
1127 1713 1261 1782 eumque

92 1821 154 1890 sibi
177 1820 319 1888 eduoavit
341 1818 545 1910 (educandum
560 1817 694 1907 curavit)
713 1841 754 1892 εις
772 1819 854 1898 teon,
872 1816 906 1883 h.
928 1837 957 1883 e.
977 1819 1012 1882 io
1030 1838 1098 1882 eam
1114 1820 1210 1901 finem
1226 1829 1262 1884 at

93 1947 139 2014 itti
162 1955 244 2014 esset
266 1964 323 2035 pro
347 1943 423 2011 titio.
448 1943 522 2013 Vid.
549 1943 649 2011 Exod.
675 1942 735 2009 u:
761 1943 884 2009 5—tt.

140 2193 197 2261 Ἠ.
223 2188 378 2260 Grandior
403 2188 502 2256 taetus
528 2190 633 2256 Moses
659 2186 798 2255 eruditos
829 2197 893 2265 est,
923 2197 1013 2276 puta,
1042 2198 1169 2255 curante
1200 2188 1264 2256 titia

92 2312 285 2393 Pharaonis,
299 2316 385 2379 omui
405 2315 562 2397 sapientia
577 2313 827 2396 Aeppptiorum,
841 2310 960 2380 Graeoe
982 2333 1066 2398 πασῃ
1082 2334 1191 2403 eapte,
1209 2313 1263 2400 qni

93 2438 226 2507 Dativus
252 2447 298 2504 est
325 2439 548 2505 instrumenti.
580 2436 801 2526 Aegyptiorum
829 2434 956 2502 seientia
980 2435 1175 2524 potissimum
1199 2448 1265 2504 erat

91 2562 317 2640 astronomica,
344 2561 474 2650 physica
501 2574 530 2629 et
557 2559 687 2627 medina.
713 2559 925 2626 Hebraeorum
950 2557 1128 2646 religionem
1152 2570 1182 2626 et
1205 2559 1263 2625 tin-

92 2707 186 2776 guam
213 2697 243 2753 et
269 2705 342 2753 suae
368 2686 468 2773 gentis
495 2684 655 2752 historiam
688 2686 791 2752 Moses
822 2702 840 2749 a
867 2683 926 2771 piis
956 2682 1145 2770 genitoribus
1172 2682 1264 2751 tuerit

93 2809 240 2890 ednotus,
274 2829 369 2899 quum
395 2808 566 2877 Pharaonis
593 2808 675 2876 filiae
702 2807 831 2876 traditus
857 2807 898 2874 sit
924 2816 993 2895 post
1019 2804 1144 2873 demum
1171 2825 1264 2896 quam

92 2934 292 3003 adotevisset.

140 3070 172 3125 et
193 3071 264 3126 erut
281 3069 391 3143 potens
412 3061 447 3123 io
468 3059 571 3123 uerbis
596 3067 625 3122 et
647 3058 683 3122 io
701 3055 848 3140 operibor
862 3049 957 3137 sois).
975 3052 1148 3143 Stephanus
1163 3053 1266 3122 adbuc

95 3182 236 3271 loquitur
250 3182 289 3249 de
309 3185 397 3250 Mose
420 3191 560 3249 versante
584 3181 615 3247 iu
640 3178 709 3246 anta
730 3177 920 3258 Pharaonis,
937 3188 971 3245 ut
986 3197 1024 3244 ex
1040 3187 1182 3245 contexta
1196 3197 1265 3246 ora-

93 3309 180 3375 tione
206 3307 373 3395 oottigitur.
401 3310 507 3396 ltaque
533 3308 702 3392 potensin
728 3306 874 3388 operibus
897 3307 962 3370 sais
984 3323 1020 3370 eo
1044 3301 1105 3370 diri
1130 3303 1263 3386 videtur,

94 3431 180 3521 quod
196 3431 354 3500 adhibitus
369 3432 499 3519 negotiis
520 3430 644 3498 maioris
670 3429 815 3497 momenti
840 3439 900 3496 tam
916 3427 1060 3496 oivilibos
1076 3448 1168 3517 quam
1184 3429 1266 3497 miti-

93 3553 232 3633 taribns‚
247 3552 357 3621 fortem
371 3553 473 3620 virum
489 3552 605 3641 ubique
626 3571 660 3618 se
683 3551 881 3640 praestiterit.
906 3552 1015 3638 Neque
1037 3551 1119 3618 enim
1140 3562 1186 3618 est
1209 3573 1266 3619 eur

94 3685 260 3764 putemus,
289 3676 425 3755 Mosam,
456 3676 516 3742 iam
538 3685 602 3741 tom
625 3694 719 3762 quum
741 3674 771 3739 in
793 3673 862 3740 auta
884 3671 1056 3740 Pharaonis
1076 3685 1263 3755 versaretur,

95 3801 244 3868 miraouta
264 3811 412 3889 patrasse.
432 3799 539 3868 Resert
554 3799 678 3866 Flavius
702 3796 854 3886 Iosephus
869 3798 1012 3888 (Antiqq.
1032 3798 1102 3866 Lib.
1121 3798 1168 3876 ll,
1187 3801 1264 3891 Cap.
1335 3778 1337 3782 ὗ

96 3924 169 4010 to),
186 3925 305 3991 Mosam
321 3923 463 3992 bettiaam
479 3922 706 4014 expeditionem
722 3923 897 4011 suscepisse
912 3921 1059 3991 adversus
1074 3922 1262 4014 Aethiopes,

130 4169 153 4235 ¹)
169 4170 198 4222 In
211 4170 294 4224 ABCD
305 4171 446 4238 multisque
460 4173 611 4226 minusculis
622 4174 662 4226 est
705 4183 746 4234 lae
762 4181 940 4248 quintagarit:
954 4167 1103 4232 erraterrat
1116 4165 1148 4233 δε
1160 4194 1264 4250 αυτον,

99 4253 128 4304 in
152 4251 273 4307 Genitivo
301 4255 424 4308 absoluto
447 4242 608 4316 εκτεθεντος
630 4237 662 4305 de
707 4269 781 4318 extra
813 4266 922 4318 dubium
955 4269 1012 4331 est3
1047 4269 1127 4319 vertit
1158 4271 1228 4321 enim
1259 4286 1266 4324 :

98 4351 211 4410 αυτοῦ,
227 4345 298 4411 quod
308 4345 400 4412 legisse
411 4347 515 4400 videtur
526 4347 603 4400 etiam
615 4347 662 4398 tn·
708 4346 866 4412 Expositum
898 4355 987 4400 autem
1018 4362 1076 4400 eum
1103 4377 1137 4388 —
1161 4353 1269 4405 sustulit

98 4427 201 4492 terpres
210 4432 299 4481 noster
309 4444 314 4483 :
326 4428 371 4482 sad
383 4432 474 4484 auctor
486 4430 665 4496 antiqnaatta·
709 4445 776 4482 eum.
