3074 5054
497 407 636 475 CAPUT
665 408 725 488 lV,
763 407 887 476 Vnus.
917 407 1063 474 28—5l.
1294 407 1357 473 illi

185 603 362 681 licendum,
381 612 413 669 et
428 603 531 669 Deum
547 612 654 680 orant,
676 611 710 669 ut
735 621 829 690 porro
851 601 925 667 velit
946 599 1023 688 ipsis
1047 597 1218 666 concedere
1238 598 1354 665 donum

185 726 419 806 miraculorum,
440 748 501 816 quo
526 726 746 816 praedicationi
772 725 929 813 Evangelii
953 723 1056 791 divino
1078 723 1262 790 concilietur
1283 743 1357 790 ouc-

184 853 296 920 toritas,
323 852 483 920 Posterior
506 851 585 920 hoec
606 852 713 941 petitio
735 851 833 940 priori
857 850 902 916 illi
925 849 1099 916 annectitur
1122 867 1177 937 per
1189 847 1357 936 Praeposi-

185 977 292 1044 tionem
309 1000 339 1041 εν
356 996 429 1044 cum
445 975 600 1044 Infinitivo
620 999 628 1042 ε
647 998 676 1040 εν
692 999 736 1062 τῳ
751 997 803 1049 την
820 997 909 1064 perpe
922 998 977 1038 σου
993 991 1149 1050 curemur,
1168 993 1246 1060 quac
1262 970 1357 1038 verbe

184 1101 332 1171 reddenda
349 1113 421 1170 sunt
439 1122 446 1164 ε
465 1105 540 1168 dum
557 1111 591 1167 tu
607 1099 735 1190 (terwijl
751 1098 806 1187 gij)
823 1121 954 1166 monum
979 1111 1065 1166 tuom
1080 1101 1239 1165 eutem-riis.
1257 1099 1358 1165 Inter-

184 1246 249 1314 pres
271 1236 379 1294 noster
401 1247 465 1294 rem
492 1225 583 1315 poulo
606 1226 696 1293 aliter
718 1224 883 1305 intellexit3
910 1244 980 1291 nem
1009 1224 1092 1312 quod
1119 1223 1248 1312 scripsit
1267 1225 1303 1289 io
1324 1244 1358 1287 eo

183 1355 260 1437 qood
279 1373 413 1417 iconum
441 1353 715 1433 connectendas,
742 1348 826 1416 hunc
853 1347 944 1415 habet
972 1368 1115 1428 sensum,
1143 1348 1231 1436 quusi
1252 1347 1357 1414 dicere

183 1477 346 1546 voluissent
358 1478 499 1567 Apostoli
516 1503 524 1545 ε
540 1480 584 1544 elo
599 1478 690 1543 nobis
702 1478 800 1542 robur
816 1478 933 1556 ociori,
951 1478 1033 1561 qood
1048 1477 1162 1558 aderit,
1181 1477 1212 1541 si
1225 1495 1359 1541 marcum

183 1613 266 1668 tcum
286 1606 455 1683 extendor,
477 1613 538 1669 etc.
567 1601 646 1668 cnm
667 1604 756 1666 omui
775 1603 912 1685 fiducia,
935 1619 1063 1687 graece,
1088 1621 1165 1684 μετα
1186 1621 1358 1689 suppreme

181 1748 292 1803 πασης,
312 1724 346 1792 h.
369 1746 398 1792 e.
417 1746 488 1793 cum
510 1727 643 1793 monime
665 1725 807 1793 libertate
826 1724 904 1815 (met
930 1728 968 1789 de
994 1736 1131 1809 procerte
1159 1726 1357 1808 orp'moedip-

180 1845 277 1933 leid).
292 1847 406 1914 Confer
422 1869 501 1936 quoe
518 1849 555 1916 de
571 1847 630 1916 hoc
645 1848 801 1916 locutione
818 1848 990 1916 notavimus
1006 1847 1044 1914 od
1061 1848 1138 1937 Cap.
1158 1851 1195 1915 l:
1214 1850 1258 1917 90
1275 1848 1358 1937 epis·

180 1971 256 2039 toloe
271 1971 310 2039 od
326 1970 556 2061 Philippenses.
575 1974 756 2036 Extendere
775 1993 925 2051 monum,
944 1970 1027 2059 quod
1048 1971 1143 2038 retert
1166 1972 1357 2040 Hebraicum

179 2108 210 2178 *¹2
226 2109 298 2182 περς,
322 2106 368 2162 est
389 2099 565 2179 potentiam
593 2117 683 2161 suom
712 2116 867 2162 exserere.
893 2094 1087 2184 Praepositio
1110 2118 1150 2170 ε-ις
1172 2095 1361 2163 indictione

178 2238 219 2290 εις
241 2218 502 2308 ιασιν-γινεσθαι
531 2219 641 2309 (Vulg.
664 2221 707 2284 od
725 2219 1015 2307 sanitates-fieri)
1036 2219 1118 2287 dictu
1140 2230 1187 2286 est
1209 2218 1247 2287 de
1268 2241 1360 2304 scopo

178 2339 223 2403 rei
241 2338 409 2408 luciendnc.
435 2344 542 2431 ltaque
566 2342 694 2410 dicunt:
713 2346 790 2408 dnm
807 2354 858 2424 tc,
877 2364 894 2407 o
910 2344 1011 2422 Deus,
1030 2345 1073 2408 ool
1091 2342 1361 2432 sanctioremne

178 2463 288 2551 recor),
308 2463 342 2532 lr.
361 2486 389 2531 e.
408 2465 446 2532 etl
463 2466 615 2534 sanandos
631 2477 841 2554 aegrotantes,
859 2470 1044 2533 electuarii
1060 2468 1185 2552 pencris
1200 2470 1360 2532 miraculo

177 2583 306 2673 (σημεια
335 2612 387 2651 και
414 2587 540 2680 repere)
567 2593 649 2673 ficut
676 2590 784 2680 (verbo
811 2589 961 2656 sumenda
989 2600 1062 2657 sunt
1088 2610 1125 2657 oc
1153 2591 1199 2670 si,
1231 2591 1360 2680 repetite

178 2712 413 2799 Praepositione
436 2736 495 2791 εις,
510 2715 661 2802 scriptum
682 2724 787 2781 esset:
805 2737 1040 2800 eorrumpere
1064 2738 1116 2776 και
1136 2736 1246 2803 repere
1262 2732 1363 2803 pree-¹

177 2837 252 2924 Θαι),
268 2841 443 2921 potentiam
465 2850 553 2905 tuam
573 2842 694 2905 essoris
715 2851 821 2907 nostro
844 2839 1017 2907 ministeriu
1036 2861 1097 2923 per
1113 2838 1296 2929 nomentan
1312 2841 1360 2906 in-

178 2961 371 3028 vocationem
394 2961 548 3051 nominis)
575 2968 678 3030 sancti
703 2966 770 3048 filii
799 2967 849 3030 lori
870 2963 944 3051 (Gr.
970 2988 1024 3026 του
1047 2963 1135 3053 ἁγιου
1158 2960 1266 3038 παιδος
1289 2978 1357 3028 σου.

180 3082 255 3149 Vid.
274 3105 368 3174 supra
385 3085 423 3152 ud
439 3087 515 3174 Cep.
536 3086 580 3152 lll
601 3112 609 3151 ε
632 3087 688 3175 tu)
705 3091 791 3154 Iesc.

226 3325 280 3390 3t.
308 3325 438 3389 Etcum
455 3335 611 3407 orassent,
626 3334 730 3389 motus
746 3335 792 3389 est
809 3327 906 3408 locus,
926 3324 1016 3412 etc).
1034 3325 1136 3392 Dictis
1153 3323 1240 3391 hisce
1257 3323 1360 3412 preci-

183 3444 255 3524 bus,
273 3458 409 3515 trcmore
425 3448 559 3536 quodam
576 3468 762 3517 concussum
778 3448 837 3517 luit
852 3449 1074 3529 coenaculum,
1092 3449 1124 3515 in
1142 3469 1204 3537 quo
1217 3448 1360 3537 Apostoli

182 3582 266 3637 erant
281 3573 470 3659 congregati.
487 3575 621 3640 Tremor
636 3582 738 3639 eutem
755 3572 824 3651 ille,
843 3573 991 3640 divinitus
1008 3573 1174 3652 excitatus
1193 3574 1281 3661 signo
1298 3572 1361 3639 illis

183 3702 263 3772 eret,
278 3714 389 3783 preces
405 3715 542 3763 corumo
559 3696 627 3762 Deo
644 3695 741 3762 luisse
756 3691 940 3763 exauditas.
956 3697 1034 3765 Nom
1052 3704 1083 3761 et
1097 3693 1182 3761 illico
1199 3693 1362 3761 obtinuero

184 3834 294 3884 novum
316 3816 414 3885 robur
429 3818 506 3886 illud
524 3818 636 3897 enimi,
657 3817 740 3906 quod
756 3837 772 3883 o
788 3819 857 3886 Deo
879 3819 1068 3907 petiverunt;
1092 3818 1234 3907 sequitur
1250 3817 1331 3885 enirn
1350 3843 1358 3886 ε

184 3949 215 4003 et
230 3944 346 4025 repleti
360 3953 435 4008 scot
450 3963 557 4009 omnes
572 3931 701 4025 Spiritu
718 3942 857 4026 Scucto;
875 3963 936 4031 quo
954 3938 1069 4010 lectum
1085 3952 1148 4023 cst,
1167 3952 1200 4009 ut
1216 3961 1277 4008 uon
1295 3952 1361 4008 ten-

188 4085 380 4096 —————-—

217 4171 236 4235 1)
256 4155 421 4219 Επῑνίυσίν
446 4178 543 4218 euroni
565 4180 601 4243 sp
625 4150 743 4231 δῑησῑῑ,
792 4173 870 4234 tloni,
884 4175 910 4224 et
921 4172 1006 4237 palam
1023 4171 1093 4232 lecit,
1106 4169 1192 4221 locum
1204 4169 1359 4221 concutien-

185 4269 232 4306 και
259 4242 348 4319 lnior
377 4270 464 4310 τουτο
493 4269 613 4319 εποιησε
641 4267 746 4319 coruom
791 4254 841 4317 do,
864 4268 892 4306 se
915 4253 1019 4306 illorum
1043 4251 1165 4318 precihus
1186 4250 1284 4304 adesso.
1300 4270 1312 4296 »
1330 4251 1357 4302 S.

185 4359 231 4398 ron
243 4360 347 4414 ωπον,
363 4341 408 4401 ὁτι
421 4359 548 4428 pappos,
560 4361 627 4410 ταις
643 4359 747 4421 ευχαῑς
792 4337 906 4389 loannes
916 4336 1116 4401 chrysostomus
1127 4335 1202 4386 Hom.
1215 4333 1251 4386 Xl
1261 4334 1289 4385 in
1302 4333 1359 4384 Act.

186 4448 293 4492 αυτων.
316 4442 345 4495 h.
365 4456 388 4494 e.
412 4461 425 4489 «
445 4443 548 4496 Annuit
566 4455 657 4495 eorum
676 4441 748 4507 peti·
793 4421 984 4486 Apostolorum,
995 4417 1027 4472 ad
1039 4416 1095 4470 Μ·
