3074 5054
483 361 621 429 CAPUT
660 361 724 440 lV,
765 362 876 430 VERS
911 360 1059 430 56-57.
1294 359 1357 426 ll9

224 553 367 618 ,aa-57.
390 551 547 618 Partioula
567 547 600 615 de
623 550 684 619 hoe
705 550 774 618 loeo
802 551 933 619 inservit
955 549 1086 619 orationi
1111 551 1355 615 continuandae.

186 677 275 742 buoas
298 674 437 756 soilioet,
459 676 592 766 exempli
617 696 729 756 eausa,
751 697 790 743 ex
805 675 867 743 illis
890 674 1124 765 possessoribus
1141 696 1238 742 unum
1254 674 1356 741 nomi-

185 809 244 878 nat,
273 799 364 866 euius
387 799 563 868 liberalitati
586 800 737 888 ingenuae
759 800 890 889 opponit
911 799 1004 889 (Cap.
1026 797 1090 888 sq.)
1109 799 1247 867 Ananiae
1275 799 1357 865 eius·

185 945 238 1014 qua
251 926 391 1013 coniugis
408 923 558 1014 Saphirae
573 924 705 993 fucatam
722 924 948 993 liberalitatem.
971 924 1093 991 Nomen
1108 924 1225 1008 Ioseph
1248 921 1354 990 ludaei

184 1049 353 1137 promiscue
372 1059 403 1116 et
423 1051 489 1124 aab
510 1051 642 1133 Ioseph,
668 1060 716 1130 et,
741 1069 798 1139 per
823 1048 1027 1137 aphaeresin,
1054 1048 1117 1124 *pb
1140 1048 1214 1114 Ione
1242 1046 1354 1114 effere·

183 1170 259 1239 bant.
276 1171 429 1260 Exempla
445 1171 496 1238 dat
512 1171 669 1261 Ligbtloot
686 1173 716 1239 in
733 1173 836 1240 Horis
859 1173 1029 1240 Hebraicis
1046 1171 1085 1239 ad
1103 1169 1137 1238 h.
1155 1171 1179 1238 l.
1198 1172 1246 1238 Ex
1261 1171 1334 1238 Iose
1341 1221 1354 1254 ,

182 1295 277 1364 addita
304 1296 521 1363 terminatione
542 1316 671 1384 graeca,
690 1296 770 1364 laeta
797 1308 844 1364 est
866 1318 926 1364 vox
948 1297 1054 1371 Ιωσης.
1085 1293 1197 1384 losepb
1220 1293 1293 1376 ille,
1318 1294 1357 1362 de

183 1439 238 1507 quo
261 1417 314 1487 hie
335 1439 440 1486 sermo
463 1419 648 1499 instituitur,
664 1419 703 1487 ab
724 1441 761 1489 eo
786 1421 839 1509 qui
863 1422 941 1510 Cap.
963 1421 977 1486 l
997 1446 1005 1486 :
1025 1423 1068 1489 15
1088 1429 1292 1499 memoratur,
1310 1418 1356 1485 di-

183 1561 283 1608 versus
303 1551 362 1610 est.
381 1543 558 1630 Cognomen
578 1545 746 1610 Barnabas
766 1543 889 1632 quando
910 1556 963 1611 aut
983 1563 1076 1632 quam
1099 1542 1138 1609 ob
1162 1561 1287 1608 oausam
1310 1540 1356 1609 illi

182 1662 267 1731 luerit
289 1665 329 1733 ab
356 1666 515 1754 Apostolis
548 1666 747 1754 impositum,
770 1666 896 1735 omnino
919 1666 1002 1734 latet.
1032 1667 1104 1734 Vox
1130 1664 1299 1731 Bornoboe
1329 1664 1354 1730 si

184 1789 295 1856 Graeoe
307 1786 467 1870 reddatur,
482 1800 528 1856 est
543 1790 605 1863 ὑιος
620 1787 854 1880 παρηκλησεως;
868 1800 899 1856 at
912 1809 1009 1880 quum
1025 1799 1110 1855 oerto
1127 1786 1189 1854 diei
1207 1797 1353 1875 nequeat,

182 1914 333 2002 quodnam
357 1913 399 1980 sit
424 1924 549 2000 etymon
570 1914 752 2003 posterioris
776 1914 873 2003 partis
896 1913 963 1981 eius
987 1913 1073 1981 voois
1090 1913 1290 1991 Bor-naboe,
1308 1911 1356 1976 in-

181 2047 296 2104 eertnm
318 2036 411 2103 etiam
435 2035 495 2103 hoe
517 2048 582 2117 est,
596 2057 658 2126 quo
681 2057 793 2125 nempe
815 2057 909 2104 sensu
932 2036 979 2102 vir
995 2036 1048 2103 ille
1065 2034 1167 2102 dietus
1183 2034 1276 2101 luerit
1292 2034 1356 2108 ὑιος
1459 2122 1469 2133 ,

181 2158 413 2250 παρακλησεως,
439 2181 536 2249 quum
553 2182 614 2228 vox
635 2158 826 2250 παρακλησις
848 2160 879 2225 in
902 2159 1077 2227 Graecitate
1099 2178 1188 2225 saera
1209 2157 1355 2247 ancipitis

178 2283 410 2371 significationis
432 2285 484 2352 sit.
515 2287 589 2352 Erat
616 2284 773 2352 Barnabas
800 2305 840 2350 eu
865 2295 955 2371 gente
983 2283 1154 2350 lsradlitioa
1182 2281 1354 2362 oriundus,

178 2411 353 2500 etquidem
380 2433 417 2478 ex
440 2411 525 2479 tribu
551 2412 625 2479 Levi
650 2409 811 2492 (Λευιτης),
838 2421 927 2477 natus
955 2431 1029 2477 vero
1053 2415 1106 2495 (τῳ
1129 2406 1220 2498 perer)
1247 2409 1279 2475 in
1307 2409 1356 2474 in-

178 2538 245 2604 sula
260 2537 385 2627 Cypro,
408 2549 442 2604 nt
463 2548 550 2604 eram
572 2548 646 2604 tuno
668 2537 818 2625 temporis
841 2535 999 2603 lsraelitae
1021 2547 1084 2603 toto
1107 2533 1183 2603 orbe
1205 2533 1353 2622 dispersi.

177 2663 226 2749 Τῳ
240 2685 315 2753 yson
331 2674 379 2730 est
393 2662 525 2730 Dativus
546 2665 744 2742 Relotionis,
763 2673 797 2729 ut
816 2662 849 2727 in
872 2661 1027 2729 locutione
1045 2683 1191 2751 περιτομῃ
1207 2681 1355 2745 οκταημε-

176 2811 238 2879 ρος.
256 2785 338 2856 Vide
361 2799 466 2854 nostra
482 2787 513 2854 in
530 2789 591 2876 Ep.
609 2786 647 2854 ad
664 2785 803 2876 Philipp.
825 2787 903 2874 Cap.
923 2787 968 2852 111
989 2811 997 2852 :
1016 2788 1049 2853 5.
1067 2786 1107 2848 To
1124 2807 1230 2875 χρημα
1246 2783 1286 2850 de
1298 2804 1355 2868 pe·

177 2915 272 2978 cunin
292 2933 363 2980 raro
385 2912 475 2992 lieet,
496 2912 611 2980 dieitur
634 2924 755 2991 tamen,
778 2923 832 2991 ut,
848 2932 879 2977 v.
897 2933 928 2998 g.
947 2910 986 2978 ab
1003 2910 1180 2989 Herodoto,
1200 2910 1246 2975 111
1266 2934 1275 2974 :
1294 2908 1351 2975 58.

177 3036 280 3104 Voces
301 3038 489 3125 ὑπαρχοντος
512 3061 594 3123 αυτῳ
614 3059 708 3128 nypou
731 3056 791 3103 non
813 3035 949 3125 pendent
971 3057 990 3102 a
1010 3060 1135 3127 χρημα,
1158 3033 1214 3102 sed
1236 3034 1354 3123 positae

178 3158 294 3225 suntin
310 3158 456 3228 Genltivo
471 3160 624 3225 absoluto.
643 3158 692 3225 Cl.
711 3159 769 3227 Gr.
788 3178 858 3246 pag.
878 3160 957 3227 207.
977 3159 1097 3224 Adnot.
1176 3233 1178 3236 ¹
