3074 5054
185 394 251 461 370
526 389 661 458 AGTUS
699 390 1036 474 APOSTOLORUM,

182 581 265 661 illua,
283 579 365 648 utin
381 589 526 668 suscepta
546 577 607 647 fide
631 591 806 650 constantes
822 583 1064 672 permanerent,
1083 601 1184 671 oeque
1200 581 1241 650 ob
1258 601 1371 672 persc-

182 707 339 788 outiones,
366 705 481 795 quibus
497 705 712 788 subiecerant,
730 727 764 775 se
780 707 891 776 abduci
914 709 953 776 ab
975 729 1010 776 ea
1035 718 1230 798 paterentur-3
1249 707 1370 795 eogita-

83 852 89 857 ·
182 829 358 909 nectariam,
374 848 435 917 qua
447 839 568 912 oportet
584 824 644 918 (da)
658 851 715 895 aas
732 830 834 916 (ἡμας)
848 829 1041 898 Christianos
1057 831 1173 897 intrare
1189 829 1220 895 in
1234 847 1368 916 regnum

180 953 260 1034 Dei,
278 973 337 1036 par
360 948 444 1041 (dia)
468 952 580 1019 multas
596 952 710 1020 ducere
727 953 953 1022 tribulationes.
980 983 994 1014 n
1011 955 1144 1022 dcteroa
1161 965 1191 1021 et
1208 953 1370 1020 irrevoca-

181 1073 236 1143 bili
260 1075 319 1142 Dei
337 1075 403 1164 lege
430 1076 582 1143 sancitum
607 1086 671 1155 est,
697 1076 739 1144 ait
763 1075 815 1143 hic
836 1077 1018 1156 Cornelius,
1045 1088 1079 1144 ut
1101 1077 1151 1144 via
1174 1076 1213 1144 ad
1240 1075 1368 1143 coelum

180 1199 221 1266 sit
236 1199 410 1282 tribulati03
426 1210 456 1266 et
471 1200 509 1267 ab
527 1198 588 1268 hoc
603 1199 727 1267 decreto
744 1200 900 1266 neminem
917 1201 1050 1290 excepit.

224 1321 329 1391 Verba
347 1322 377 1388 in
394 1345 470 1386 ευειν
487 1322 552 1390 lere
572 1321 746 1410 significant
768 1325 991 1408 littranst'ttoc,
1010 1334 1102 1413 atque
1125 1323 1166 1390 ita
1187 1323 1367 1409 μαθητευειν

179 1444 290 1517 Matth.
315 1447 467 1515 XXVII:
487 1448 547 1526 573
566 1446 621 1514 sed
644 1446 704 1514 hoc
727 1445 797 1516 loeo
819 1448 994 1535 μαθητευειν
1013 1451 1177 1515 transitive
1194 1448 1364 1536 siguificat.

178 1571 258 1641 Voci
283 1574 482 1662 επιστηριζειν
504 1571 670 1639 subiicitur
692 1570 744 1638 hic
768 1572 852 1640 notio
877 1572 1084 1661 scriptoribus
1114 1571 1251 1661 profanis
1274 1573 1366 1643 inco·

176 1696 271 1786 gnita.
289 1696 376 1765 Talia
393 1695 605 1785 reperiuntur,
624 1696 707 1785 quod
725 1695 776 1764 hie
793 1708 876 1765 notat
891 1698 1137 1780 Valckenarius,
1156 1700 1186 1765 in
1204 1697 1254 1765 liis
1272 1697 1367 1765 libris

178 1817 348 1909 permulta3
376 1818 460 1907 quod
483 1839 544 1894 nou
569 1839 643 1886 sane
664 1819 840 1888 mirandum
864 1831 928 1902 cst,
955 1840 1052 1910 quum
1073 1820 1169 1888 divini
1190 1820 1366 1909 scriptores

177 1941 216 2009 de
233 1940 325 2009 rebus
342 1961 434 2030 saepe
457 1941 623 2030 loquantur
637 1951 724 2010 antea
741 1962 871 2031 prorsus
892 1943 1068 2030 incognitis.
1091 1942 1199 2031 ltaque
1213 1952 1266 2010 aut
1283 1962 1365 2009 nova

176 2063 326 2133 voeabula
339 2075 426 2131 erant
437 2062 629 2146 adhibenda,
648 2075 700 2133 aut
716 2065 837 2133 usitatis
854 2086 931 2133 nova
948 2065 1098 2155 quaedam
1114 2065 1278 2133 tribuenda
1296 2077 1365 2133 erat

177 2186 374 2277 significatio.
398 2225 443 2236 -
465 2187 670 2276 Participium
694 2192 930 2282 επιστηριζοντες
955 2189 1067 2278 pendet
1091 2207 1109 2255 a
1132 2189 1227 2256 verbo
1256 2188 1364 2257 Finito

176 2310 388 2404 ὑπεστρεψανε
409 2331 465 2401 per
488 2311 590 2379 uarias
606 2311 674 2379 illas
698 2313 837 2380 civitates
858 2313 932 2381 dum
957 2312 1094 2381 redirent
1116 2315 1152 2380 ed
1170 2311 1252 2381 unde
1268 2333 1364 2380 vene-

177 2448 265 2519 rant,
283 2437 376 2504 simul
401 2437 624 2522 confirmantes
646 2448 733 2505 crant
749 2441 871 2504 actiacos
887 2459 1015 2519 eorunm,
1036 2460 1113 2523 qaas.
1130 2438 1175 2502 idi
1189 2439 1231 2502 ad
1249 2437 1364 2503 Cltrt‘s-

177 2569 245 2626 tttm
265 2558 567 2648 contremescenda
588 2559 689 2647 ψυχας
712 2583 773 2624 των
795 2560 960 2647 padusae).
975 2600 1019 2610 -
1035 2560 1240 2649 participium
1259 2583 1363 2652 παρα·

177 2679 336 2757 calaorra
353 2677 530 2770 antegressa
553 2683 722 2772 Participio
739 2688 919 2770 aspttdctt’ce
937 2685 1148 2774 coniungitur,
1178 2687 1250 2774 quia
1280 2685 1362 2753 nihil

176 2809 250 2871 aovi
264 2805 400 2885 additur,
417 2804 473 2872 sed
490 2808 660 2890 capaciter
678 2817 807 2888 tanatum,
823 2829 955 2897 quanam
972 2809 1003 2875 in
1017 2829 1052 2874 re
1067 2806 1144 2875 illud
1162 2811 1362 2899 επιστηριζειν

175 2928 359 2995 constiterit.
374 2965 417 2976 —
431 2927 537 2998 Verba
552 2952 604 2991 και
621 2931 667 2992 ὁτι
684 2925 729 2992 da
747 2950 807 2996 non
824 2930 942 3000 directo
961 2931 1095 3021 pendent
1110 2951 1127 2997 a
1143 2929 1362 3022 παρακαλουν-

174 3075 239 3130 τες,
265 3052 322 3120 sed
343 3051 381 3121 ab
403 3051 507 3141 aliquo
530 3063 679 3139 cognatae
701 3054 836 3121 notionis
859 3055 968 3134 verbo,
987 3076 1026 3122 ex
1043 3052 1290 3147 παρακαλουντες
1306 3077 1363 3125 su-

173 3171 299 3253 mendo,
313 3194 344 3240 v.
363 3193 393 3261 g.
412 3170 556 3262 λεγοντες.
575 3175 683 3261 ltaque
700 3186 786 3263 pata,
804 3175 956 3265 seriptum
973 3175 1025 3243 hic
1042 3197 1133 3244 esse:
1153 3202 1203 3240 και
1221 3174 1361 3267 λεγοντες

173 3300 236 3374 ὁτι,
254 3319 283 3360 κ.
302 3319 332 3360 τ.
352 3292 383 3358 λ.
402 3295 498 3365 Varia
514 3295 690 3363 istiusmodi
712 3297 859 3387 ellipseos
880 3300 1021 3390 exempla
1046 3299 1168 3389 collegit
1183 3299 1361 3391 Raphelius

173 3419 348 3509 (Auuotatt.
368 3417 518 3508 philolog.
537 3419 569 3486 iu
589 3421 630 3487 N.
648 3421 688 3487 T.
706 3419 796 3488 adh.
815 3419 869 3509 1.).

222 3669 278 3737 22·
304 3668 350 3734 Et
373 3687 444 3732 ctam
466 3669 721 3752 constituissent,
746 3667 835 3752 ela).
862 3668 982 3736 Graece
1001 3679 1074 3736 cst:
1096 3691 1361 3760 χειροτονησαντες

176 3788 208 3858 de
224 3815 369 3866 αυτοις...
397 3788 679 3883 προσευξαμενοι...
697 3791 875 3882 παρεθεντο,
893 3791 963 3859 scil.
983 3790 1108 3868 Παυλος
1123 3818 1176 3858 και
1190 3793 1359 3886 Βαρναβας

174 3919 234 4004 (vs.
253 3913 325 4001 20).
345 3917 392 3982 En·
408 3934 469 4003 qua
484 3926 640 3984 structura
655 3915 764 4004 liquet,
782 3927 885 3984 actum
905 3915 1006 3997 illum,
1025 3916 1078 4006 qui
1095 3931 1152 4006 per
1167 3938 1275 3987 vocem
1292 3944 1358 4008 χει-

198 4181 228 4248 Ἃ)
256 4180 295 4233 Ad
319 4194 374 4232 rem
404 4178 516 4230 Larinas
539 4194 545 4231 :
569 4179 740 4243 Exhortatio,
792 4193 866 4245 posse
892 4178 971 4232 fidem
998 4180 1078 4233 semel
1106 4183 1239 4247 acceptam
1267 4183 1355 4237 auimo

173 4263 274 4330 inquit,
287 4263 315 4313 in
335 4261 403 4325 fide,
419 4263 445 4313 et
456 4261 620 4314 confirmatio
635 4263 741 4316 animo·
790 4263 924 4325 excidere,
946 4276 994 4314 nec
1014 4276 1140 4330 umquam
1153 4277 1167 4315 a
1181 4264 1250 4316 dono
1263 4279 1356 4331 perse·

176 4358 235 4397 rum
247 4344 314 4396 lacta
328 4342 361 4396 ab
374 4342 516 4409 apostolis,
529 4344 636 4408 penitus
647 4345 742 4397 evertit
790 4347 923 4398 venantiae
941 4348 1066 4412 separari.
1087 4348 1208 4412 Lemnos,
1226 4350 1255 4401 in
1274 4349 1354 4403 Com·

176 4424 370 4480 fraudulentam
388 4422 489 4477 Caluini
508 4424 668 4489 doctrinam,
686 4439 740 4480 non
790 4430 871 4481 ment.
892 4428 919 4480 in
941 4429 1003 4482 dcte
1022 4430 1205 4496 Apostolorum
1217 4431 1261 4498 (ad
1274 4430 1301 4484 h.
1314 4431 1352 4500 l).
