3074 5054
179 380 246 446 482
550 375 686 445 ACTUS
709 374 1041 456 APOSTOLORUM‚

161 565 356 646 descendit,
382 565 542 633 incurvato
566 586 699 654 corpore
722 585 817 654 super
841 562 1018 651 Eutychum
1045 564 1205 644 incubuit,
1223 554 1383 656 eumque⁴

177 693 409 776 circumplectes
437 684 704 781 (συμπεριλαβων)
735 687 926 755 adstantibus
955 687 995 755 ob
1027 686 1219 776 inopinatum
1249 708 1360 759 casum

178 815 307 883 turbatis
331 814 409 882 dixit
428 814 557 882 :Nolite
580 813 718 881 turbarit
737 833 807 880 nam
828 811 930 879 anima
952 811 1019 880 eius
1043 811 1075 877 in
1100 811 1169 901 ipso
1185 823 1244 881 est.
1264 813 1361 883 Cum·

178 959 238 1027 que
259 959 369 1006 rursus
389 939 600 1003 adscendisset
617 933 769 1026 (αναβας)
792 937 824 1004 in
847 935 1067 1015 coenaculum,
1086 947 1117 1004 et
1136 940 1288 1023 sreeisaet
1299 958 1362 1024 po-

177 1084 248 1129 rtem
264 1074 357 1147 utq'tte
371 1071 525 1145 obstasset
549 1057 679 1151 (κλασας
700 1082 751 1125 τον
773 1082 863 1151 cupreo
886 1084 938 1123 και
961 1058 1175 1150 γευσαμενος),
1200 1071 1230 1128 el
1245 1059 1362 1131 deinde

176 1188 233 1252 diu
249 1186 304 1276 (eo'
322 1188 422 1249 iseros
445 1184 514 1253 scil.
533 1183 671 1275 χρονον),
688 1206 788 1271 usque
802 1187 844 1251 ad
859 1187 1034 1253 diluculum
1059 1191 1159 1275 (αχρις
1173 1208 1269 1276 seyne
1284 1186 1357 1257 soll.

176 1332 227 1383 της
253 1306 382 1399 ἡμερας)
407 1318 607 1396 congregatos
635 1307 748 1375 iterum
777 1319 857 1375 esset
884 1311 1041 1374 allocutus
1072 1305 1285 1398 (ὁμιλησας),
1313 1311 1360 1375 sic

176 1432 302 1522 (οὑτως,
321 1433 343 1500 i.
362 1454 391 1499 c.
411 1421 472 1499 illis
497 1431 591 1499 rebus
612 1430 756 1520 peractis)
781 1431 941 1500 aTroade
962 1431 1118 1520 proiectus
1135 1442 1200 1514 est,
1218 1433 1358 1522 pedestri

176 1560 286 1628 itinere
311 1563 426 1629 rlssum
454 1561 567 1629 iturus.
597 1562 808 1626 Adduueront
834 1560 971 1651 (uyayor)
999 1570 1101 1627 autom
1125 1558 1358 1632 adolescentem

176 1685 316 1752 illumin
341 1684 543 1752 coenaculum
566 1684 737 1763 viventem3
756 1706 813 1750 uec
836 1687 1038 1750 mediocriter
1060 1682 1106 1765 (ου
1124 1683 1270 1775 respuas)
1285 1684 1359 1754 inde

177 1805 337 1874 refocillati
356 1805 476 1874 lucrant
492 1803 745 1899 (παρεκληθησαν)
762 1827 881 1874 omncs.

222 1924 391 2015 Λαμπαδες
409 1933 527 2010 tauros,
546 1931 693 1996 lucernae
709 1933 787 1996 sotis
803 1932 942 2012 uiuttae·
961 1941 1033 2020 puta
1058 1942 1186 2020 propter
1208 1931 1358 1999 solemni-

177 2060 268 2118 tatem
285 2051 364 2118 sacri
382 2063 562 2118 convontus.
581 2054 630 2119 Dc
646 2073 721 2120 voce
738 2054 871 2144 ὑπερῷον
889 2053 959 2120 vide
976 2074 1069 2142 supra
1086 2053 1125 2120 ad
1142 2056 1218 2143 Cap.
1240 2057 1251 2121 l
1270 2081 1278 2123 ε
1300 2058 1354 2124 te.

177 2213 222 2223 -
238 2172 333 2264 Θυρις
348 2175 575 2243 Diminutivnm
592 2196 609 2243 a
624 2177 718 2267 dopo,
741 2180 858 2262 leuata,
878 2197 950 2266 ergo
972 2181 1117 2246 ostiolum
1125 2205 1140 2264 ;
1159 2178 1232 2246 binc
1253 2183 1357 2264 [eues-

176 2310 240 2364 tro.
255 2335 299 2347 -
314 2297 432 2380 Budas,
448 2302 647 2385 proscindas,
665 2300 879 2389 Metaphorice
903 2302 994 2368 etiam
1016 2303 1131 2370 dicitur
1152 2303 1190 2370 de
1211 2323 1248 2370 eo
1272 2302 1356 2391 quod

175 2423 206 2488 in
224 2443 280 2490 suo
296 2443 407 2510 geuene
423 2445 573 2508 maenum
593 2435 645 2492 aut
668 2447 827 2491 senensem
848 2436 905 2492 est.
933 2428 1084 2515 Exempla
1107 2428 1196 2494 affort
1220 2428 1356 2495 Kuinoel

176 2547 214 2615 ad
231 2546 265 2614 h.
284 2547 305 2614 Ι.
320 2585 365 2596 -
380 2549 483 2633 Ὕπνῳ
503 2545 587 2634 (iudet
600 2561 646 2616 est
664 2550 771 2616 Delio.
790 2550 949 2616 lustretur.
969 2589 1010 2600 —
1029 2551 1262 2642 Κατᾱφερεσθαι
1280 2572 1354 2620 eon-

177 2671 249 2738 lcrri
269 2683 369 2760 potest
384 2692 456 2740 cnm
472 2673 664 2741 Nostratium
681 2677 758 2740 door
778 2684 907 2758 qrooteu
923 2677 1014 2758 sloup
1030 2676 1186 2760 benennon
1209 2678 1352 2742 worden.

176 2833 220 2843 -
236 2796 271 2861 ln
296 2794 504 2864 locutionibus
529 2803 586 2883 (vs.
614 2797 666 2878 ll)
687 2802 731 2888 εφ’
756 2801 873 2876 inurar,
902 2801 982 2867 sott's
1010 2803 1078 2883 dito,
1109 2811 1139 2866 et
1160 2798 1223 2888 (vs.
1244 2800 1281 2885 9)
1306 2824 1354 2865 επι

85 2973 89 2980 ,
176 2915 296 2999 uiator,
314 2923 454 3004 diutius,
473 2921 666 3010 Praepositio
691 2923 912 2989 inunctionem
938 2921 1049 3003 babet,
1068 2942 1160 3011 qnam
1184 2943 1281 3011 supra
1299 2923 1354 3013 (ad

176 3060 223 3110 vs
242 3040 273 3123 8)
290 3041 438 3111 diximus
458 3046 493 3110 ln
509 3068 569 3108 una
585 3067 638 3108 του
655 3046 749 3109 droco
771 3046 965 3134 Praepositio
981 3070 1041 3110 απο
1059 3046 1173 3114 dicitur
1189 3049 1352 3128 decausa,

177 3177 211 3234 ul
226 3187 333 3256 supra,
351 3169 427 3256 Cap.
446 3169 495 3236 XI
514 3188 521 3231 :
544 3172 596 3237 19.
613 3208 653 3218 -
665 3170 829 3260 Τριστεγον
846 3173 870 3260 <
895 3194 972 3263 τρεις
988 3181 1019 3238 el
1034 3193 1124 3261 στεγη
1142 3168 1274 3260 lectum)
1291 3183 1354 3238 ter-

177 3292 255 3355 tium
268 3301 394 3374 tectum,
415 3295 507 3359 tertia
522 3295 739 3378 ,continuatim
756 3295 947 3361 Nostratium
963 3320 971 3363 :
986 3297 1024 3360 ate
1039 3296 1135 3360 dorda
1152 3297 1351 3389 verdiepiuq.

176 3453 220 3464 —
236 3412 326 3505 Aysu
349 3416 388 3484 de
409 3420 608 3498 adducendo,
636 3429 785 3508 utsupra
808 3421 885 3510 Cap.
909 3422 939 3488 V
958 3446 966 3487 s
986 3424 1028 3489 27
1046 3433 1076 3488 ct
1091 3423 1170 3489 XlX
1192 3442 1200 3484 s
1226 3425 1283 3490 57.
1307 3423 1353 3488 Dc

177 3539 275 3607 forma
297 3542 413 3609 doristi
441 3565 552 3632 uyayor
576 3542 646 3610 vide
668 3542 706 3610 ad
729 3545 805 3632 Cap.
827 3545 855 3612 V
875 3570 883 3611 ε
902 3547 958 3613 27.
978 3585 1021 3594 —-
1039 3548 1115 3613 Aor.
1140 3569 1273 3635 nyuyoo,
1299 3549 1354 3612 od-

176 3726 360 3736 -ᾓ-

176 3842 241 3908 quiin
256 3841 354 3893 Paulus
371 3839 434 3892 dum
451 3841 562 3893 cadaver
572 3840 742 3894 adolescentis
785 3843 864 3907 sistri
874 3844 929 3894 iem
940 3844 1082 3895 discessuri
1099 3843 1203 3895 arctius
1218 3845 1300 3898 menti
1310 3845 1352 3896 r'n-

176 3923 401 3990 complecterclur,
414 3922 490 3975 unaa
503 3923 556 3976 Deo
567 3924 698 3990 petiverit,
711 3928 741 3976 ul
784 3925 892 3990 fiyatur.

176 4006 254 4058 veltet
269 4020 329 4058 eum
341 4018 388 4057 sao
400 4007 543 4059 ministerio
559 4006 593 4058 ad
607 4007 688 4058 vitam
698 4020 738 4058 re·
818 4007 845 4059 S.
864 4006 1062 4073 chrysostomus
1083 4007 1175 4074 (Hom.
1196 4007 1229 4059 43
1248 4010 1276 4060 in
1288 4006 1353 4073 Act.)

175 4101 302 4140 vocare«
323 4087 396 4139 luter
414 4087 495 4141 verbo
511 4087 738 4151 praedicationis,
784 4090 811 4141 in
831 4090 874 4142 illo
887 4090 960 4142 Pauli
977 4091 1068 4154 effato,
1085 4092 1178 4144 animo
1190 4093 1247 4143 eius
1258 4094 1287 4143 in
1298 4093 1354 4158 ipso

175 4169 288 4221 aichn.
302 4169 370 4220 Beda
382 4168 424 4233 (ad
441 4167 467 4222 h.
481 4167 520 4234 l),
533 4170 744 4221 occurritocca·.
784 4179 834 4235 est,
861 4173 977 4238 Apostoli
998 4174 1108 4226 miratur
1132 4173 1302 4237 modestiam,
1325 4175 1354 4224 ut

175 4253 215 4302 sio
232 4250 398 4312 coactionis,
415 4255 445 4302 ut
461 4249 597 4303 dulcedine
616 4250 741 4302 miraculi
784 4255 831 4320 qai
859 4269 912 4307 non
938 4256 1034 4308 dixerit
1059 4262 1195 4322 resuryet,
1223 4256 1354 4309 suscitabo

175 4342 199 4387 et
210 4336 347 4387 doctriuae
358 4349 443 4386 sermo
454 4334 581 4402 firmetur,
595 4341 619 4387 et
629 4335 740 4401 caluitio·
784 4337 853 4387 euim
866 4337 955 4400 illum,
967 4339 1013 4390 sed
1030 4339 1111 4391 nolite
1123 4339 1249 4391 turbari!
1263 4340 1353 4391 auimo

176 4429 236 4468 rum
253 4415 475 4479 laborassemus,
494 4421 517 4468 et
534 4417 662 4469 memorio
679 4431 740 4469 rna-
786 4419 854 4470 enim
866 4420 962 4472 elusio
973 4421 1087 4484 ipsoest.
