3074 5054
457 389 597 457 CAPUT
630 387 758 468 XXlll,
796 389 918 458 Vnus.
958 391 1081 460 9-15.
1294 394 1359 461 tau

176 582 322 651 conclave
348 579 493 669 Syncdrii
522 568 730 660 descendere,
756 590 787 647 ct
802 601 918 663 rapere
940 579 1110 670 (ἁρπασαι)
1133 600 1205 647 cum
1221 599 1239 647 e
1256 578 1359 653 medio

175 727 295 788 eorum,
308 717 401 796 atque
417 706 448 772 in
466 716 566 772 castra
583 704 746 772 reducere.
758 700 1035 791 -Eolapeopao,
1045 705 1176 781 verbum
1192 707 1360 789 Deponens

175 829 363 910 Possident,
381 829 412 894 in
430 826 481 895 his
497 826 586 896 libris
603 848 664 895 uon
682 828 794 916 legitur
817 828 877 896 nisi
901 826 963 896 hoc
984 828 1052 897 loco
1069 840 1099 896 et
1124 831 1184 919 Ep.
1203 829 1241 898 ad
1259 830 1358 899 llebr.

176 953 252 1042 (lap.
269 952 317 1020 Xl
337 974 345 1019 :
363 953 395 1019 7.
414 988 458 1002 -
473 952 614 1018 Timebat
635 951 815 1031 Tribunus3
837 972 949 1041 nempe
971 962 1115 1034 noverat,
1133 952 1264 1020 Paulum
1292 973 1361 1021 esse

176 1077 273 1145 civem
287 1077 474 1146 Romanum.
489 1074 571 1144 Vide
583 1095 678 1165 supra
690 1074 729 1143 ad
742 1076 925 1165 capxxll
942 1077 1019 1156 226,
1035 1076 1077 1143 ut
1092 1086 1123 1142 et
1134 1076 1212 1145 XVl
1224 1104 1232 1144 :
1242 1079 1359 1148 otuu.

223 1325 279 1391 ll.
304 1321 458 1408 Sequenti
483 1332 589 1388 antem
614 1331 720 1400 nocte,
745 1328 832 1410 cto).
859 1320 1007 1388 Proxima
1028 1331 1130 1388 autem
1156 1320 1204 1410 (τῃ
1224 1344 1363 1412 επιουσῃ.

178 1448 248 1517 vide
263 1447 302 1516 ad
318 1449 396 1539 Cap.
416 1448 495 1516 XVl
514 1471 523 1513 t
545 1448 598 1532 ll)
615 1457 705 1515 nocte
721 1446 876 1515 Dominus
898 1448 986 1514 lesus
1008 1446 1106 1514 Paulo
1122 1448 1284 1537 apparuit,
1304 1446 1366 1516 illi-

180 1594 238 1664 que
253 1573 332 1641 dixit
350 1598 359 1640 z
379 1575 474 1640 Forti
490 1577 598 1640 animo
622 1587 686 1641 ecto
707 1570 853 1664 (θαρσει),
871 1573 986 1641 Paule!
1005 1593 1076 1640 nom
1099 1573 1180 1641 siout
1203 1596 1255 1641 ree
1276 1596 1363 1641 meos

180 1703 231 1791 (τα
244 1723 310 1791 περι
324 1699 408 1788 εμου)
426 1703 606 1768 testimonio
620 1712 672 1767 tuo
685 1702 886 1785 confirmasti
901 1695 1119 1791 (drepapropo.
1135 1701 1260 1788 Depon.
1275 1699 1362 1770 Med.

180 1827 269 1906 dor.)
283 1824 539 1912 lli'c'vosolymuc,
557 1826 597 1893 ita
614 1837 644 1892 tc
661 1835 782 1916 oportet
797 1826 890 1892 etiam
908 1827 1026 1892 Romae
1042 1824 1081 1893 de
1097 1824 1208 1893 iisdem
1226 1826 1366 1891 testimo-

181 1952 267 2016 ninm
284 1951 431 2016 enlridcre
447 1946 684 2042 (μαρτυρησαι).
703 1989 748 2000 -
768 1949 988 2039 Apostolorum
1010 1949 1199 2040 praedicatio
1223 1960 1289 2018 erat
1312 1971 1365 2019 eo·

181 2093 248 2142 rum
267 2094 347 2163 quac
366 2075 506 2142 viderant
529 2086 559 2141 et
583 2074 744 2143 audierant
768 2077 957 2159 testificatio.
977 2073 1025 2142 Gi.
1046 2077 1124 2142 Luo.
1148 2075 1261 2144 XXlV
1279 2100 1288 2145 :
1309 2077 1365 2144 t8.

183 2197 1361 2283 Aot.1:8.aa;v=3a;x:39,ta;xx1121832Thess.l:to.

183 2323 220 2388 lit
235 2321 377 2389 laudatur
401 2321 453 2389 hio
470 2323 557 2390 Pauli
575 2322 740 2412 praeterita
755 2323 787 2389 in
805 2324 1001 2407 testificando
1020 2324 1210 2405 constantin,
1229 2334 1263 2392 ut
1278 2325 1364 2392 cxci-

185 2456 264 2514 tetur
280 2447 319 2515 ad
335 2446 483 2515 laturam.

222 2570 395 2661 Εφισταναι
423 2569 461 2638 dc
489 2574 691 2656 apparitione
718 2570 835 2640 dictum
864 2573 978 2662 passim
1004 2573 1153 2641 occurrit.
1180 2572 1262 2642 Vide
1285 2575 1363 2642 Luc.

185 2693 423 2774 vl:9;xx1V
444 2717 452 2760 :
471 2696 511 2773 43
530 2695 601 2763 Act.
618 2696 682 2762 Xll
702 2719 711 2761 ε
733 2699 766 2763 7.
791 2696 839 2763 De
862 2715 898 2762 co
921 2715 1013 2776 vero,
1036 2706 1141 2763 utrum
1162 2715 1275 2781 nempe
1293 2695 1366 2764 dor·

184 2820 289 2888 micuti
305 2839 342 2886 an
356 2820 491 2908 vigilanti
509 2818 586 2889 hace
601 2822 754 2911 apparitio
773 2822 953 2910 contigerit,
969 2821 1051 2890 idem
1071 2823 1244 2912 putaverim
1261 2822 1368 2891 diccu-

184 2940 257 3010 dum
281 2941 366 3030 quod
390 2941 455 3010 dixi
475 2941 514 3009 dc
530 2943 649 3011 visione
672 2965 785 3033 supra,
811 2946 888 3034 Cap.
908 2946 986 3014 XVl
1007 2971 1014 3013 :
1033 2947 1054 3014 9
1072 2946 1178 3014 relato.
1209 2947 1258 3013 Dc
1274 2946 1369 3013 Prae·

184 3064 337 3154 positione
364 3087 403 3139 εις
431 3064 534 3133 iuncta
563 3066 670 3135 Verbo
698 3070 834 3153 qnietis,
873 3067 987 3136 videsis
1022 3088 1102 3158 quae
1129 3069 1303 3138 notavimus
1330 3069 1368 3137 ad

185 3189 264 3281 Cup.¹
281 3188 360 3257 XXl
381 3209 389 3252 τ
410 3191 442 3256 5.

232 3436 505 3503 lu-15.Faoto
532 3448 640 3504 antem
668 3439 734 3521 die,
766 3444 854 3525 cto).
884 3437 1002 3504 Sensus
1030 3447 1077 3504 est
1099 3461 1108 3504 t
1134 3438 1238 3523 Quum
1266 3450 1368 3507 autem

187 3557 341 3626 illuxisset
368 3557 453 3639 dics,
483 3561 705 3648 conspirarunt
732 3560 812 3627 inter
836 3579 870 3627 sc
894 3558 1019 3648 quidam
1046 3559 1171 3642 ludaei,
1196 3580 1233 3629 ao
1248 3528 1370 3630 divinae

186 3679 396 3749 maledictioni
422 3681 614 3751 devoverunt
638 3704 727 3764 sese,
753 3683 778 3751 si
796 3683 885 3774 prius
901 3683 1109 3773 sumpsissent
1124 3683 1229 3752 cibum
1245 3697 1299 3754 aut
1314 3707 1370 3776 po·

186 3819 251 3875 tum
278 3827 369 3895 quam
394 3808 526 3876 Paulum
551 3810 790 3878 interfecissent.
817 3811 913 3876 Erant
936 3818 1039 3876 autem
1063 3808 1121 3876 viri
1147 3784 1253 3901 plures
1276 3831 1369 3902 quam

186 3929 401 4020 quadraginta,
420 3932 473 4020 qui
494 3931 574 4000 hauc
589 3934 836 4001 coniurationem
853 3931 1004 4000 fecerant.

233 4057 394 4149 Συστροφη
410 4058 441 4146 (a
457 4081 617 4150 ooorpepo
634 4060 839 4147 contorqueo)
856 4063 964 4144 coitio,
980 4081 1167 4145 concensus,
1183 4060 1274 4129 ctiam
1291 4059 1369 4131 dici-

225 4339 251 4443 ¹J⁴
263 4377 327 4428 Van.
353 4391 423 4428 uuor.
447 4377 495 4430 Pro
512 4361 683 4450 ευλαβηθεις
700 4381 740 4430 cst
759 4379 877 4433 eiusdem
897 4381 1011 4433 notionis
1031 4383 1149 4434 usitatior
1167 4397 1218 4436 vox
1236 4364 1371 4461 φοβηθεις

192 4465 220 4516 ln
240 4463 322 4518 Godd.
343 4465 436 4517 ABCE.

1188 4578 1226 4636 di
