3074 5054
182 394 247 460 did
526 393 659 461 ACTUS
705 394 1038 475 APOSTOLORUM,

181 583 250 671 (της
278 606 426 672 σωτηριας
453 583 576 660 caurus)
612 582 800 651 demonstrat
834 587 969 650 salutem
996 587 1104 664 illam,
1141 604 1233 674 quam
1266 585 1362 653 modo

181 710 243 796 (vs.
263 709 316 788 25)
334 706 521 773 indicaverat
544 708 724 795 Apostolus,
751 729 846 797 quum
869 708 1009 774 diceret:
1028 708 1115 775 Deus
1131 729 1165 774 ex
1183 708 1279 796 stirpe
1297 710 1363 774 Da·

180 829 276 909 vidis,
307 829 489 918 praestando
518 830 600 919 quod
629 832 832 921 promiserat,
864 833 1011 898 Israelitis
1044 832 1127 899 misit
1160 832 1361 898 Solootorem

180 953 342 1044 (σωτηρα).
358 993 402 1003 -
419 955 595 1022 Praesentis
611 954 670 1021 loei
687 954 775 1021 locus
792 956 957 1044 parallelus
974 967 1020 1022 εει
1036 957 1112 1044 Cap.
1131 957 1163 1021 X
1183 981 1190 1022 :
1210 958 1360 1037 56-58,

181 1079 234 1146 ubi
258 1079 388 1165 legimus
411 1102 488 1146 :ron
512 1076 619 1168 lepor,
649 1083 680 1142 iv
709 1077 866 1142 ancorale
888 1079 1002 1168 (Deus)
1029 1104 1091 1153 τοις
1119 1083 1193 1153 υἰοις
1221 1078 1360 1168 lupa-nl,

180 1200 441 1292 ευαγγελιζομενος
452 1224 566 1293 ειρηνην
580 1198 599 1265 d
603 1227 632 1265 ια
646 1203 736 1276 Ιησου
749 1203 898 1291 Χριστευ.
915 1203 1022 1290 ltaque
1034 1223 1144 1269 sensus
1156 1214 1203 1268 est
1218 1224 1226 1264 t
1242 1203 1359 1280 VoblS,

180 1329 459 1396 Abrabamidaela
482 1330 550 1394 Deo
573 1331 707 1394 missam
737 1339 782 1392 eat
807 1316 995 1416 ’(απεσταλη)
1019 1328 1260 1416 praedicandum
1288 1349 1362 1394 ver·
1417 1390 1420 1396 .

181 1452 254 1519 bum
267 1452 297 1541 (ὁ
315 1451 401 1542 λογος
417 1457 467 1518 bct
483 1452 607 1540 accord)
623 1456 659 1517 de
677 1455 777 1517 sulttle
795 1455 853 1517 itta
868 1452 931 1539 (της
949 1474 1098 1541 σωτηριας
1115 1476 1241 1531 ruerat,
1262 1453 1361 1520 Geni·

181 1579 262 1646 tivus
285 1576 410 1664 obiecti)
434 1599 489 1668 per
513 1580 616 1644 lesum
639 1578 815 1645 obtinenda.
843 1578 1008 1667 Empbasis
1031 1589 1133 1644 autern
1158 1589 1204 1644 εει
1228 1578 1258 1642 in
1280 1598 1362 1644 voce

182 1704 270 1788 ὑμιν,
289 1722 385 1790 quare
401 1713 430 1769 et
453 1703 483 1767 iu
509 1702 664 1790 principio
687 1702 855 1767 sententiae
880 1702 978 1788 posita
996 1710 1053 1766 est.
1074 1700 1201 1767 Scilicet
1216 1699 1362 1767 Abraba-

182 1826 274 1893 rnidis
291 1829 368 1892 laeta
385 1825 483 1892 luerat
495 1829 662 1910 promissio
679 1825 880 1893 demittendo
897 1826 1054 1892 Salvatore
1067 1824 1132 1890 sive
1145 1824 1279 1904 Messia3
1301 1823 1362 1890 hos

182 1971 254 2038 ergo
271 1951 429 2039 spectabat
444 1951 660 2040 promissionis
676 1951 866 2039 adimpletio.
882 1949 930 2017 Cl.
946 1953 1038 2017 Rom.
1059 1951 1106 2015 lX
1125 1974 1132 2015 :
1153 1953 1190 2029 l,
1210 1951 1248 2030 53
1267 1950 1333 2018 XV
1351 1976 1359 2015 :

182 2077 220 2156 8,
239 2065 319 2142 et'ea
336 2094 415 2163 quae
431 2073 604 2142 notavimus
620 2072 659 2140 ad
675 2076 751 2162 Cap.
771 2073 792 2139 ll
812 2098 820 2139 :
842 2077 900 2151 17,
922 2085 952 2141 ει
968 2073 1000 2139 lll
1020 2099 1028 2138 :
1048 2077 1104 2141 ιθ.

226 2348 281 2412 97.
299 2346 364 2424 Qui
376 2348 460 2410 emim
474 2344 555 2433 (pap)
568 2345 748 2410 habitabant
764 2347 940 2410 larvicolam
954 2357 983 2409 ει
993 2348 1154 2429 principes
1171 2350 1247 2429 cicc,
1268 2347 1359 2426 ete).

180 2469 301 2539 Vocula
323 2491 381 2558 pap
406 2479 452 2535 εει
476 2468 528 2536 bic
555 2469 709 2537 Particula
742 2472 920 2534 inchoantis
947 2472 1184 2547 enarrationem,
1215 2468 1362 2558 valetque

178 2594 367 2663 Nostratium
396 2596 470 2659 olom
497 2593 545 2660 Cl.
565 2594 815 2682 Hoogeveeniurn
843 2593 881 2660 ad
909 2592 988 2659 bano
1009 2594 1208 2672 Particulam,
1227 2592 1245 2681 S
1262 2595 1357 2662 Vlll.

179 2720 298 2788 Graece
317 2741 324 2782 :
340 2719 367 2779 οἱ
383 2738 588 2790 κατοικουντες
607 2714 805 2806 Ἱερουσαλημ
821 2741 873 2779 και
890 2719 917 2779 οἱ
933 2738 1076 2806 αρχοντες
1093 2739 1205 2794 aaron,
1220 2714 1242 2781 i.
1258 2735 1287 2780 ε.
1306 2718 1361 2782 itt-

178 2849 262 2912 colae
279 2843 366 2911 urbis
383 2842 617 2930 Hierosolymae
642 2843 694 2933 (de
714 2843 872 2909 invvoners
887 2862 944 2907 van
961 2841 1163 2928 Jerusalem),
1184 2862 1360 2926 eorumque

176 2968 337 3052 principes
354 2964 469 3055 (bunne
491 2962 671 3052 Oversten).
691 2963 841 3056 Αρχοντες
863 2964 1074 3051 intelliguntur
1097 2962 1235 3029 membra
1257 2963 1360 3049 Syne-

179 3091 238 3159 drii
256 3088 542 3175 Hi'e'rosolymitaui.
556 3087 604 3156 bd
618 3088 735 3176 reliqua
749 3087 841 3155 buius
857 3088 1018 3155 commatis
1032 3087 1125 3154 verba
1138 3085 1219 3174 quod
1233 3086 1358 3167 attinet,

177 3226 259 3296 nota,
278 3213 480 3303 Partioipium
496 3235 694 3301 αγνοησαντες
711 3214 885 3303 exprimere
900 3223 1003 3279 actum
1021 3231 1112 3299 quem
1128 3214 1252 3294 excepit
1267 3222 1359 3280 actus

176 3340 228 3406 ille
256 3339 309 3430 qui
338 3337 523 3427 exprimitur
552 3358 608 3425 per
638 3338 841 3428 Participium
877 3360 1039 3426 κριναντες.
1070 3325 1274 3402 Accusativus
1301 3361 1360 3411 τας

177 3487 317 3556 perag...
336 3485 620 3553 αναγινωσκομενας
636 3485 696 3531 non
714 3474 760 3529 est
778 3483 869 3530 casus
890 3462 1049 3551 Paullolpll
1068 3483 1280 3551 αγνεησαντες,
1299 3463 1358 3531 sed

176 3583 273 3652 Verbi
298 3583 392 3652 Finiti
410 3581 601 3673 επληρωσαν.
621 3584 803 3653 Coniunctio
826 3609 878 3648 και
903 3586 1001 3673 iungit
1022 3584 1225 3673 Participium
1245 3607 1358 3673 apron-

177 3729 281 3781 σαντες
298 3726 370 3773 oum
386 3705 491 3774 Verbo
516 3707 618 3776 Finito
635 3705 833 3797 επληρωσᾱν,
853 3708 941 3796 qnasi
958 3707 1109 3795 scriptum
1127 3717 1229 3772 esset:
1249 3729 1358 3795 opnor,-

176 3855 233 3896 σαν
249 3847 299 3895 κει
311 3829 503 3922 επληρωσαν.
517 3832 610 3921 Apud
621 3832 837 3919 Thucydidem
851 3833 929 3922 (Νι
943 3830 1018 3911 100)
1033 3830 1092 3898 hoc
1110 3830 1202 3897 niodo
1219 3830 1353 3918 legitur:

175 3953 261 4040 αλλῳ
284 3977 315 4018 τε
338 3978 439 4045 τροπῳ
465 3959 651 4047 πειραζεντες
673 3982 724 4020 και
749 3965 886 4043 papavera
904 3978 1107 4046 προσηγαγον.
1128 3954 1177 4020 De
1194 3973 1254 4040 qua
1272 3954 1356 4040 Syn-

176 4078 235 4143 taxi
253 4077 322 4145 vide
339 4078 522 4145 lldbnerum
539 4077 557 4167 S
573 4082 651 4148 727.
670 4081 820 4147 Anmerk.
840 4083 873 4148 d.

219 4204 303 4270 bone
331 4202 540 4289 ipnorontea).
567 4206 624 4274 Gr.
648 4229 752 4270 τουτον
777 4229 991 4296 αγνοησαντες,
1013 4208 1114 4285 brono,
1141 4221 1232 4289 quern
1262 4221 1354 4290 prae·

174 4342 285 4390 cursor
306 4325 373 4391 eius
397 4328 527 4393 loannes
551 4329 789 4395 annunciaverat
804 4327 867 4416 (vs.
885 4326 940 4409 ab)
963 4337 993 4392 et
1013 4325 1107 4412 digito
1128 4333 1354 4389 monstraverat

174 4449 272 4546 (loau.
287 4450 301 4516 l
317 4475 325 4524 ;
342 4452 400 4531 t53
421 4449 581 4539 tlt-28),
596 4454 688 4531 bunc,
705 4452 817 4546 inquit,
835 4455 1038 4535 ipnororuut.
1059 4450 1097 4514 Et
1112 4446 1243 4514 dicendo
1263 4450 1351 4531 ἐρεο-
