3074 5054
468 395 608 464 CAPUT
641 396 739 472 XVI,
775 394 896 463 VERS.
925 397 1069 464 ll-bl.
1302 394 1367 461 tot

190 589 303 672 inquit,
323 584 455 674 petenda
479 585 600 654 videtur
615 607 653 653 ex
678 597 807 664 eventu,
826 606 918 675 quem
940 584 1070 652 daemon
1091 595 1126 651 ιιι
1149 583 1367 672 sagacissimus

188 709 397 800 praevidebat,
411 708 494 778 itaet
506 710 769 778 malitiosissimus
782 709 976 788 intendebat3
993 709 1139 776 nimirum
1154 707 1363 798 praevidebat,

188 833 318 901 Paulum
334 853 395 900 non
413 832 546 900 laturum
563 853 631 901 esse
648 832 742 900 basae
757 853 829 900 suas
848 852 957 912 voces,
977 832 1030 900 sed
1048 853 1118 899 eum
1140 832 1363 921 expulsurnm3

187 977 221 1024 se
236 976 309 1023 vero
334 954 466 1024 libenter
486 975 668 1037 cessurum,
688 967 720 1024 ut
737 955 938 1045 pythonissae
962 955 1117 1036 dominos,
1145 956 1204 1022 iam
1230 955 1366 1043 privatos

187 1100 243 1149 suo
258 1079 457 1148 divinationis
474 1091 616 1168 quaestu,
631 1079 814 1148 accenderet
831 1080 861 1146 in
875 1079 1021 1159 Paulum,
1036 1090 1070 1145 ut
1085 1098 1156 1145 eum
1173 1076 1252 1145 male
1269 1077 1367 1144 mulc-

187 1213 284 1269 tarent
300 1202 349 1271 vel
365 1202 554 1270 occiderent.
580 1204 668 1270 Pauli
692 1204 774 1270 enim
799 1212 893 1292 eaput
915 1202 1055 1292 petebat,
1074 1213 1107 1268 ut
1122 1201 1190 1268 eius
1206 1198 1366 1289 praedica-

187 1327 318 1403 tionem,
336 1337 367 1392 et
387 1327 621 1394 conversionem
646 1327 792 1396 Gentium
817 1325 984 1393 inhiberet.
1005 1327 1048 1392 lta
1072 1325 1276 1392 factumest:
1295 1344 1365 1390 uam

185 1448 301 1517 Paulas
317 1448 418 1517 abeis
434 1460 555 1537 captuS,
573 1448 755 1537 flagellatus,
777 1461 807 1516 et
823 1449 1033 1515 incarceratus
1049 1457 1107 1514 est.
1130 1444 1252 1515 Sciebat
1268 1446 1364 1522 enim,

184 1576 212 1643 si
230 1574 361 1642 Paulum
379 1574 541 1664 perderet,
560 1595 593 1641 se
610 1574 762 1663 plurimos
779 1573 986 1662 perditurum.
1006 1600 1020 1630 ι

236 1813 288 1878 18.
318 1811 385 1877 Hoc
412 1822 517 1878 cotem
540 1814 690 1897 sociabat,
716 1809 805 1898 etc).
838 1810 1045 1877 Daemoniaea
1072 1808 1148 1877 baec
1177 1829 1231 1898 per
1260 1808 1365 1897 plures

183 1934 331 2002 continui
350 1933 416 2009 dies
431 1935 590 2023 Apostolis
611 1935 642 2002 in
668 1934 828 2024 publicum
845 1932 1087 2018 procedentibus
1103 1933 1149 2000 sic
1165 1931 1362 2000 inclamabat.

184 2059 316 2123 Moleste
331 2069 436 2124 actem
457 2079 553 2144 quum
574 2062 676 2143 ferret
698 2055 903 2146 (διαπονηθεις
920 2053 965 2120 de.
984 2055 1055 2124 vide
1070 2076 1164 2144 supra
1180 2055 1218 2122 ad
1237 2056 1282 2123 lV
1301 2079 1308 2121 :
1328 2053 1364 2137 ⁶2)
1443 2087 1446 2091 ·

183 2181 300 2247 Paulus
323 2179 383 2248 boc
407 2181 520 2271 impuri
544 2164 673 2270 spiritus
703 2181 743 2249 de
766 2202 801 2248 se
829 2181 1057 2262 testimonium,
1084 2179 1242 2267 nolletque
1266 2177 1363 2246 videri

183 2303 300 2370 babere
328 2324 400 2370 cum
428 2304 537 2371 eodem
565 2304 692 2393 aliquod
715 2305 957 2383 commercium,
976 2303 1014 2370 ad
1036 2302 1266 2381 daemoniacam
1290 2322 1363 2369 can-

182 2445 310 2506 versns,
334 2424 457 2515 spiritui
482 2447 634 2515 nequam,
656 2427 708 2515 qui
731 2426 815 2495 illam
841 2424 1019 2505 obsidebat,
1041 2423 1119 2491 dixit
1137 2445 1144 2486 :
1165 2426 1290 2513 lmpero
1307 2424 1363 2492 tibi

183 2569 221 2614 ex
236 2559 384 2638 potestate
395 2569 413 2616 a
426 2552 496 2616 lesu
510 2548 633 2616 Christo
651 2549 726 2617 mibi
744 2570 892 2617 concessa
908 2548 951 2636 (aa
967 2573 1010 2634 τῳ
1028 2571 1166 2634 cooperi.
1182 2547 1253 2614 vide
1269 2567 1362 2637 supro

185 2675 223 2742 ad
239 2677 316 2764 Cup.
338 2676 384 2743 lli
403 2696 411 2737 τ
430 2674 480 2760 6),
499 2687 530 2742 tll
547 2695 639 2747 exeas
655 2674 693 2742 ab
710 2675 767 2742 ista
784 2675 852 2763 (aar’
868 2671 983 2754 αυτης).
1002 2674 1049 2741 Ab
1061 2675 1211 2757 protimus
1224 2670 1312 2760 (aurp
1328 2696 1364 2760 τῃ

186 2797 347 2889 applaudit
362 2800 502 2888 spiritus.
518 2796 603 2887 dorp
616 2824 652 2888 τῃ
665 2804 730 2888 ὡρᾳ
743 2811 777 2867 ιιι
793 2803 880 2885 appui
897 2814 938 2881 aq
953 2798 1035 2888 apud
1049 2799 1129 2866 Dan.
1147 2798 1223 2888 Cep.
1240 2797 1286 2864 lll
1302 2823 1311 2865 ε
1327 2800 1359 2865 6.

232 3036 376 3102 lat-dl.
407 3038 553 3102 Videntes
576 3046 682 3101 cutem
704 3039 827 3101 domini
850 3040 935 3120 eius,
963 3037 1051 3122 eto).
1082 3037 1288 3124 Pythonissae
1309 3037 1363 3105 do·

187 3159 258 3224 mini
272 3179 369 3244 qaum
387 3157 484 3247 probe
500 3160 713 3243 iutelliperent
728 3154 880 3246 (ιδοντες),
899 3159 1045 3226 unicum
1068 3181 1192 3247 egresso
1215 3160 1363 3229 daemone

186 3284 323 3348 coivisse
340 3276 482 3370 (εξηλθεν)
498 3281 560 3348 illis
577 3303 702 3370 quoque
725 3303 813 3370 spem
834 3283 980 3371 quaestus
996 3304 1091 3372 porro
1109 3283 1253 3361 faciendi,
1271 3284 1363 3351 ultio·

178 3404 232 3471 nis
250 3422 344 3470 eausa
359 3405 595 3486 apprehensum
613 3400 850 3490 (επιλαβομενοι,
864 3426 961 3490 quom
973 3405 1267 3489 apprehendissent)
1284 3408 1363 3473 Pau-

176 3525 247 3595 lum
275 3538 306 3594 et
332 3528 427 3594 Silam
449 3537 679 3611 perornaverunt
709 3526 883 3608 (εῑλκυσαν)
912 3528 942 3595 iu
965 3529 1073 3609 *iorum
1101 3529 1138 3596 ad
1168 3530 1363 3618 magistratus

174 3651 358 3742 oppidanos
374 3655 436 3740 (επι
452 3674 520 3726 τους
542 3661 716 3743 appensae).
736 3654 877 3741 Cumque
899 3673 953 3720 eos
974 3653 1004 3718 iu
1027 3652 1176 3720 iudicium
1199 3656 1240 3719 od
1263 3655 1363 3719 Proe-

176 3786 267 3841 dorea
285 3774 362 3858 (τοις
383 3774 584 3865 στρατηγοις)
599 3765 805 3843 oddatmo'ssettl
827 3787 1100 3866 (προσαγαγοντες.
1125 3774 1195 3842 vide
1213 3797 1308 3865 supra
1324 3777 1361 3844 ad

174 3904 261 3992 Cap.
277 3902 329 3969 V:
346 3899 414 3983 m),
429 3900 584 3991 publicam
601 3904 744 3971 iniuriam
761 3902 976 3981 obtendentes,
995 3901 1050 3970 sed
1066 3902 1104 3970 de
1118 3903 1262 3993 adempto
1278 3904 1360 3993 turpi

183 4037 317 4115 quaestu
330 4046 387 4092 suo
404 4036 556 4107 tacentes,
576 4026 625 4094 bis
650 4028 753 4095 verbis
769 4027 893 4094 eosdem
911 4038 1096 4095 accusarunt
1114 4053 1122 4093 ε
1143 4028 1181 4094 lli
1200 4026 1361 4108 homines,

183 4155 242 4238 qui
257 4152 375 4218 Iudaei
397 4161 471 4216 scoot
493 4147 640 4238 (laudator
665 4151 878 4242 ὑπαρχοντες),
903 4152 1056 4220 civitatem
1081 4163 1216 4219 nostram
1240 4164 1362 4242 pertur-

186 4278 273 4355 bant,
299 4285 330 4342 et
353 4275 532 4364 praedicant
547 4277 683 4344 instituta
701 4277 772 4357 (εθη,
790 4300 908 4361 mores,
927 4279 1169 4344 eonsuetudines
1190 4276 1222 4342 in
1239 4296 1273 4342 re
1290 4277 1362 4344 reli-

185 4399 295 4489 giosa),
311 4419 390 4488 quae
406 4399 509 4479 uobis,
527 4411 633 4490 utpote
650 4401 811 4481 Romanis,
827 4421 927 4490 neque
943 4401 1083 4486 recipere
1101 4420 1200 4488 neque
1215 4419 1361 4470 exercere

188 4522 230 4590 las
246 4533 304 4591 est.
