3074 5054
469 473 472 479 Ι
512 380 651 447 CAPUT
682 379 755 456 ΙΙΙ,
792 379 902 448 VERS
938 376 1086 447 at-ta.
1316 375 1360 441 93

176 570 300 638 eoelum
325 568 449 635 referri.
468 568 530 654 Qui
550 568 674 647 dieunt,
692 568 911 635 Aoousativum
928 573 960 632 ὸν
977 575 1084 633 notare
1100 563 1359 642 bisontinensis,

176 693 272 784 uerba
299 695 342 760 ita
370 692 535 760 reddunt:
566 695 623 777 qui
649 691 734 781 (soil.
765 690 922 777 Christus)
949 711 1103 775 occupare
1127 691 1251 774 quidem
1275 688 1362 753 debet

177 818 317 899 coetum,
342 826 403 882 oet.
427 816 492 902 Ego
520 834 594 880 uero
619 813 745 893 dubito,
769 833 806 880 an
831 814 915 880 notio
943 815 1118 898 occupandi
1141 810 1235 878 tribui
1264 809 1363 899 possit

180 937 275 1005 uerbo
292 933 423 1022 ὃεχομαι
444 963 451 1004 :
471 957 567 1024 quum
583 947 685 1004 autern
702 937 843 1005 Verbum
861 936 921 1004 hoo
944 937 1118 1004 certissimo
1135 933 1246 1001 habeat
1261 933 1362 1000 notio·

180 1080 250 1127 nem
267 1063 432 1143 capiendi,
452 1063 645 1145 excipiendi,
664 1064 876 1145 suscipiendi,
892 1081 990 1149 eaque
1005 1061 1089 1128 notio
1106 1063 1189 1126 coeto
1205 1071 1362 1146 tamquam

181 1187 244 1248 toro
269 1185 443 1251 rectissime
465 1185 646 1263 conueniat,
671 1184 815 1274 equidem
841 1184 919 1251 iaoio
948 1205 1019 1252 oum
1041 1196 1147 1252 nostro
1171 1186 1360 1272 interprete,

180 1306 319 1397 adeoque
336 1310 456 1376 Graeca
471 1308 568 1376 reddo
587 1330 595 1372 t
615 1331 706 1394 quero
729 1313 850 1376 coelium
874 1313 1000 1394 quidem
1025 1332 1136 1394 capere
1152 1312 1251 1377 debet.
1271 1308 1362 1395 Quod

180 1431 306 1497 aPetro
328 1429 381 1498 hio
405 1431 537 1512 dioitur,
552 1432 727 1500 distinctius
752 1454 934 1523 expressum
955 1444 1001 1501 est
1017 1454 1033 1500 a
1050 1434 1146 1501 Paulo
1171 1435 1202 1500 in
1222 1432 1291 1500 looo
1309 1452 1363 1520 pa·

181 1551 287 1619 salleio
309 1554 341 1642 (Ι
368 1554 442 1621 Cor.
466 1556 555 1623 XV:
582 1558 639 1642 95)
659 1578 666 1619 :
688 1557 820 1641 Oportet
843 1569 947 1623 uatem
974 1560 1066 1623 iiiam
1090 1579 1241 1641 repnnre,
1268 1561 1364 1622 donec

179 1688 275 1760 ponat
291 1699 399 1743 omnes
418 1682 563 1746 inimicos
579 1683 635 1746 sub
649 1685 781 1765 pedibus
799 1686 877 1748 eius.

225 1824 321 1887 osque
345 1807 382 1870 in
406 1815 547 1889 temporo
569 1808 781 1872 restitutionis
809 1804 978 1894 omninno).
1010 1807 1130 1875 Graeco
1151 1827 1225 1895 αχρι
1247 1793 1385 1896 χρονωι

182 1949 458 2003 αποκαταστασεως
485 1953 617 1995 παντων.
650 1932 720 1999 Vox
743 1954 993 2006 αποκαταστασις
1021 1941 1105 1999 notat
1129 1934 1363 1997 restitutionem

183 2054 218 2116 in
240 2055 421 2137 intepram;
443 2054 546 2142 itaque
568 2079 820 2131 aaouaraoraotg
839 2078 961 2120 παντων
984 2067 1030 2123 εει
1052 2059 1195 2121 universi
1211 2051 1362 2146 (παντων)

183 2181 343 2243 renovatio
359 2187 390 2244 ει
406 2180 494 2266 quasi
514 2180 727 2265 repeaerntio‚
747 2199 826 2269 quae
842 2191 913 2268 post
928 2179 1022 2246 finem
1045 2177 1152 2245 mundi
1178 2178 1281 2245 locum
1307 2177 1361 2245 ha·

184 2298 285 2368 hitura
312 2312 371 2369 est.
402 2304 448 2370 Ea
475 2324 548 2370 uero
574 2324 652 2392 quae
679 2303 718 2372 de
746 2302 805 2371 hae
826 2304 963 2370 uniuersi
985 2303 1183 2370 renovatione
1207 2322 1246 2368 ex
1268 2300 1364 2368 uerbo

184 2421 286 2490 divino
311 2425 417 2492 doceri
441 2439 587 2515 possunt,
606 2428 719 2496 dicturi
743 2447 870 2507 sumus,
888 2428 957 2494 Deo
973 2426 1113 2505 volente,
1134 2426 1165 2492 in
1183 2427 1366 2514 interpreta-

185 2547 266 2614 tione
279 2549 434 2617 secundae
449 2551 606 2639 Epistulae
625 2551 782 2631 suern,
802 2549 839 2616 ad
858 2552 933 2639 Cap.
954 2552 1013 2617 ΙΙΙ.

228 2694 305 2757 quoe
322 2677 442 2740 loeutus
464 2686 509 2740 est
530 2679 637 2754 Deos,
656 2674 747 2764 oet).
766 2676 885 2744 Graece
903 2668 943 2738 ὧν
960 2671 1089 2748 ελαλησε
1104 2677 1119 2736 ὁ
1137 2669 1225 2746 Θεος.
1244 2672 1363 2738 Prono*

185 2813 255 2861 men
270 2797 555 2865 Demonstrativum
571 2792 625 2876 ὧν,
651 2798 734 2888 quod
750 2798 789 2866 ad
805 2809 1013 2885 antegressum
1031 2819 1146 2887 χρονων
1164 2795 1363 2862 referendum

185 2929 248 2998 εει,
270 2940 327 3008 per
341 2921 586 2988 Attroctiooem¹
606 2922 758 3010 soriptutn
775 2931 821 2988 est
837 2942 894 3009 pro
910 2922 972 2995 οὺς.
995 2923 1152 3009 Tempora
1168 2918 1282 3007 quihus
1298 2940 1363 2984 res-

186 3049 327 3112 titoeodo
362 3058 438 3113 sunt
472 3052 599 3132 omnia,
638 3048 699 3115 iam
731 3051 807 3114 inde
837 3049 874 3113 ob
905 3048 1141 3132 antiquissimis
1174 3045 1383 3140 temporibus¹

184 3167 253 3258 (orr’
270 3192 395 3248 αιωνος,
414 3169 512 3237 Hehr.
538 3169 749 3260 nitaneus
765 3182 960 3260 personatos
984 3170 1152 3260 prophetas
1176 3190 1249 3237 suos
1276 3189 1366 3257 prae-

186 3293 356 3360 nunciavit.
382 3294 421 3360 Et
436 3313 529 3373 uero,
548 3304 582 3361 ut
605 3294 695 3361 dooot
718 3294 751 3361 S.
780 3293 871 3371 ludas
893 3292 941 3382 (in
965 3295 1025 3382 Ep.
1050 3314 1097 3360 us.
1126 3295 1186 3370 ΙΙ,
1210 3289 1287 3379 tb’),
1306 3293 1366 3386 iam

187 3414 337 3498 Henooh,
366 3416 517 3505 septimus
544 3417 583 3484 ad
610 3417 728 3497 Adam,
759 3418 941 3484 vaticinatus
969 3427 1016 3482 est
1043 3415 1082 3483 de
1109 3414 1172 3482 fine
1201 3414 1308 3482 mundi
1338 3424 1369 3479 ει

187 3537 310 3606 Christo
326 3550 458 3606 uenturo
474 3539 513 3607 ad
529 3540 692 3609 iudicium.

234 3783 289 3850 ΙΙ.
307 3783 435 3867 Moyses
457 3787 583 3869 quidem
608 3786 692 3850 diruit
712 3784 837 3871 (Μωσης
860 3806 913 3869 per
933 3791 1018 3873 propt,
1037 3778 1131 3868 εει).
1152 3781 1264 3846 Petrus
1286 3779 1370 3866 quod

191 3903 282 3971 modo
299 3904 492 3972 dixeratrov
515 3893 795 3998 προκεχειρισμειον
814 3908 886 3993 iper
904 3906 1201 3997 (praeordinatum,
1217 3912 1370 3986 paratura

192 4067 351 4077 ’-

225 4167 247 4231 ¹}
261 4165 300 4218 Gt.
312 4165 358 4218 Gr.
368 4165 383 4232 5
393 4165 434 4216 63.
803 4168 869 4220 culis
880 4181 934 4220 non
947 4168 1050 4234 paucis,
1063 4171 1111 4220 eta
1124 4171 1209 4220 Verss.
1223 4166 1279 4218 Ital.
1292 4165 1371 4229 vulg.

806 4249 895 4302 Sahid.
919 4252 945 4301 ει
964 4251 1083 4312 Armua„
1108 4262 1157 4300 neo
1181 4249 1302 4300 irenaeus
1326 4249 1372 4298 aut

227 4337 247 4404 ¹)
263 4339 327 4392 Vna.
348 4355 419 4392 usco,
438 4339 567 4392 Particula
583 4346 641 4414 γαρ
653 4350 707 4388 non
720 4336 761 4388 lo·
806 4332 1004 4397 chrysostomus
1018 4327 1174 4385 Partioulam
1186 4331 1230 4384 hio
1241 4332 1370 4397 legerunt.

195 4423 264 4486 gitur
275 4425 301 4476 in
313 4423 435 4486 ABGDE,
447 4423 520 4475 abest
531 4423 652 4488 paritura
664 4421 763 4473 Minus·
807 4417 840 4469 Et
851 4418 914 4470 mihi
928 4419 1034 4485 quidem
1050 4418 1155 4470 uidetur
1168 4417 1287 4470 delenda.
