3074 5054
189 386 253 451 tto
536 381 672 450 ACTUS
702 380 1035 462 APOSTOLORUM,

182 572 360 640 intermisso
392 571 460 653 die,
496 571 622 660 publice
656 572 863 661 privatimque
894 571 1094 659 Evangelium
1127 570 1366 657 Hi'e‘rosolymae

183 697 417 786 praedicarent,
444 709 474 764 et
498 717 646 764 numerus
671 697 919 790 Christianorum
944 700 1016 787 (eor
1042 693 1198 784 μαθητων)
1227 696 1365 783 quotidie

182 831 390 898 accresceret,
419 830 479 886 cet.
515 820 662 888 Graeca:
687 818 896 894 πληθυνοντων
924 843 984 884 των
1017 822 1176 906 peberar,
1207 821 1366 907 lnterpres

182 956 287 1010 noster
316 955 400 1010 recte
431 942 566 1011 reddidit
599 968 606 1009 ε
639 957 793 1010 crescente
831 967 963 1012 tenueere
1002 946 1234 1028 discipulorum
1246 969 1261 1027 ;
1294 963 1365 1010 nant

182 1087 370 1156 quamquam
393 1067 535 1137 Verbum
552 1065 691 1141 πληθυνω
707 1072 805 1133 active
825 1067 890 1135 lere
906 1068 1076 1162 siguificat,
1095 1080 1226 1135 attamen
1243 1080 1273 1135 et
1287 1091 1366 1134 neu-

181 1193 307 1257 traliter
329 1210 550 1279 nonuunquam
574 1191 708 1280 capitur,
726 1201 760 1256 ut
784 1190 896 1258 lactum
916 1202 963 1260 est
979 1190 1043 1258 bic.
1063 1191 1111 1258 Cl.
1131 1193 1229 1258 Henr.
1249 1191 1362 1282 Stepb.

181 1314 212 1381 ln
229 1314 327 1383 Thes.
342 1314 424 1382 adv.
439 1311 592 1388 πληθυνω.

223 1442 344 1523 facietne
360 1450 407 1504 est
421 1460 572 1504 rnnrrnur
595 1435 791 1504 Graecorum
811 1441 963 1504 odoersns
980 1438 1169 1522 Hebraeos).
1188 1439 1292 1523 Quum
1311 1438 1363 1506 hio

180 1572 287 1650 agatur
308 1562 346 1629 de
371 1561 500 1629 novellis
521 1561 723 1642 Christianis,
742 1572 772 1628 et
788 1559 1002 1638 Ἑλληνισται,
1023 1559 1056 1626 b.
1076 1581 1104 1626 e.
1126 1561 1361 1642 Graecizontes,

180 1698 376 1776 opponantur
397 1687 571 1766 Hebraeis,
597 1706 757 1775 quumque
779 1686 918 1755 Gentiles
947 1706 1008 1751 non
1038 1685 1177 1772 legantur
1200 1686 1231 1751 in
1254 1686 1363 1753 Eccle-

179 1815 256 1881 siam
281 1813 383 1880 adbuc
407 1813 552 1894 admissi,
583 1813 769 1881 Hellenistas
793 1813 992 1901 intelligimus
1021 1811 1360 1892 Iudaeo-christianos,

179 1939 244 2004 sive
266 1939 384 2025 origiue
407 1937 550 2018 ludaeos
579 1938 644 2004 sive
668 1937 862 2026 proselytoS,
890 1937 942 2026 qui
968 1947 1053 2003 extra
1069 1936 1275 2003 Palaestinam
1299 1937 1360 2003 nati

179 2061 381 2150 educatique,
416 2062 516 2150 patrio
544 2081 688 2128 sermone
719 2072 879 2129 uterentur
907 2061 1041 2129 Graeco.
1076 2062 1209 2129 Hebraei
1237 2074 1359 2141 autem,

179 2186 232 2274 qui
254 2184 306 2252 bic
328 2186 491 2266 dicuntur,
525 2198 597 2253 sunt
628 2186 921 2254 Iudaeo-christiani
944 2186 975 2252 in
1005 2187 1179 2255 Palaestina
1202 2189 1263 2254 nati
1285 2188 1361 2255 edu-

179 2310 317 2398 catique,
343 2311 461 2400 quique
484 2311 560 2379 adeo
587 2311 689 2398 lingua
710 2312 808 2401 patria
830 2311 996 2378 utebantur
1025 2311 1195 2390 Hebraica,
1220 2310 1280 2379 boc
1296 2324 1359 2390 est,

176 2434 341 2500 Aramaica
362 2433 603 2515 Palaestinensi‚
630 2454 709 2522 quae
730 2435 762 2501 in
779 2435 950 2523 Scripturis
973 2435 1052 2502 Novi
1075 2436 1263 2502 Testamenti
1295 2438 1357 2502 lle-

179 2558 283 2627 braica
299 2560 403 2626 vocari
423 2560 514 2627 solet.

223 2685 257 2751 ed
279 2684 364 2771 qnid
384 2688 635 2769 despicerentur,
654 2691 742 2772 etc).
760 2684 957 2764 Declaratur,
976 2685 1124 2774 quidnam
1142 2686 1186 2752 rei
1207 2685 1360 2752 exstiterit

177 2827 270 2876 causa
294 2809 379 2877 illius
395 2810 632 2877 mumuratiouis
649 2809 714 2876 sive
731 2820 920 2897 conquestus
937 2807 1192 2875 Hellenistarum.
1212 2811 1250 2874 Et
1266 2827 1360 2875 causa

177 2935 251 3015 luit,
270 2936 343 3024 quia
358 2933 435 3024 (ὁτι)
456 2955 566 3002 eorum
588 2934 698 3002 viduae
722 2935 753 2999 in
774 2937 954 2999 nrinisterio
979 2936 1166 3018 quotidiano
1192 2933 1235 3017 (in
1257 2934 1359 3021 quoti-

178 3059 268 3126 diana
296 3059 544 3149 suppeditatione
572 3077 677 3123 rerum
697 3056 791 3122 victui
810 3054 1075 3144 necessariarum)
1091 3039 1355 3139 despiciebantur,

178 3195 267 3275 puta,
293 3196 434 3252 nontam
453 3183 622 3251 liberaliter
644 3181 854 3248 tractabantur
875 3201 967 3270 quam
992 3181 1102 3248 viduae
1127 3180 1356 3248 Hebraeorum.

177 3308 389 3400 Παραθεωρειν
402 3308 530 3398 proprie
545 3318 631 3373 notat
642 3327 693 3372 res
706 3309 798 3370 inrecto
811 3327 841 3371 se
852 3309 976 3389 positus
989 3307 1204 3387 considerare,
1220 3304 1264 3370 uti
1279 3303 1313 3369 lit
1326 3302 1357 3369 iu

176 3432 398 3522 comparando.
424 3433 505 3511 Eos,
532 3431 583 3517 qui
608 3440 771 3518 praeerant
787 3429 1059 3498 distributionibus
1075 3428 1137 3496 illis
1154 3429 1357 3518 quotidianis,

176 3558 309 3625 coniicio
333 3557 429 3624 luisse
454 3552 792 3633 iudano-Christianos
811 3555 930 3642 origine
952 3554 1214 3633 Palaestinenses,
1233 3555 1306 3642 qui,
1325 3566 1359 3621 ut

176 3681 270 3763 tales,
289 3681 419 3748 minoris
441 3679 639 3745 aestimarent
662 3676 985 3745 Iudaeo-Christianos
1008 3676 1122 3744 alicubi
1140 3687 1226 3743 extra
1242 3686 1357 3744 terram

174 3818 310 3875 sanctam
327 3829 356 3869 er
375 3801 526 3893 διασπορῃ
543 3814 642 3870 natos.
663 3803 703 3868 Hi
717 3823 803 3890 ergo,
818 3777 998 3869 discrimine
1013 3799 1093 3869 lacto
1110 3801 1190 3868 iuter
1203 3801 1358 3869 Hellenis-

175 3943 276 4000 tarum
304 3938 334 3996 et
361 3927 575 3994 Hebraeorum
599 3926 727 4005 viduas,
752 3927 784 3992 in
800 3925 1017 3992 distributione
1038 3923 1091 3991 illa
1112 3924 1290 4012 quotidiana
1308 3924 1357 3991 bis

176 4075 250 4144 prae
273 4053 334 4120 illis
356 4049 499 4150 faverint.
524 4051 563 4115 Et
579 4070 712 4138 pronum
730 4060 777 4114 est
793 4048 949 4127 iudicare,
975 4047 1192 4115 distributores
1208 4047 1278 4114 illos
1295 4069 1356 4114 nou

175 4196 247 4264 erga
271 4173 380 4241 viduas
410 4182 544 4253 tantum,
569 4172 624 4240 sed
648 4173 793 4240 universe
815 4190 887 4258 erga
909 4170 1097 4237 Hellenistas
1117 4191 1224 4238 omnes
1252 4172 1357 4238 minus

174 4318 292 4386 aequos
314 4296 473 4362 ministros
489 4315 558 4361 sese
581 4294 778 4383 praebuisse3
797 4293 852 4362 sed
877 4293 962 4383 qudd
983 4297 1077 4359 etiam
1092 4316 1169 4378 erpo
1183 4296 1298 4360 viduos
1315 4295 1356 4360 ita

174 4429 317 4511 agerent,
336 4418 407 4487 inde
423 4419 548 4486 demum
564 4437 656 4486 causa
673 4418 842 4487 murmuris
859 4428 947 4485 enata
966 4417 1072 4485 luerit.
1092 4420 1235 4486 Murmur
1250 4430 1353 4486 autem
