<?xml version="1.0" encoding="UTF-8"?>
<!DOCTYPE html PUBLIC "-//W3C//DTD XHTML 1.0 Transitional//EN"
    "http://www.w3.org/TR/xhtml1/DTD/xhtml1-transitional.dtd">
<html xmlns="http://www.w3.org/1999/xhtml" xml:lang="en" lang="en">
 <head>
  <title>
</title>
<meta http-equiv="Content-Type" content="text/html;charset=utf-8" />
  <meta name='ocr-system' content='tesseract 3.04.00' />
  <meta name='ocr-capabilities' content='ocr_page ocr_carea ocr_par ocr_line ocrx_word'/>
</head>
<body>
  <div class='ocr_page' id='page_1' title='image "./commentariusina00beelgoog/commentariusina00beelgoog_0546.png"; bbox 0 0 3074 5054; ppageno 0'>
   <div class='ocr_carea' id='block_1_1' title="bbox 475 384 1368 466">
    <p class='ocr_par' dir='ltr' id='par_1_1' title="bbox 475 384 1368 466">
     <span class='ocr_line' id='line_1_1' title="bbox 475 384 1368 466; baseline -0.006 -12"><span class='ocrx_word' id='word_1_1' title='bbox 475 388 613 455; x_wconf 80' lang='lat' dir='ltr'>CAPUT</span> <span class='ocrx_word' id='word_1_2' title='bbox 647 388 746 466; x_wconf 85' lang='lat' dir='ltr'><strong>XXi‚</strong></span> <span class='ocrx_word' id='word_1_3' title='bbox 785 387 907 454; x_wconf 86' lang='lat' dir='ltr'>VERS.</span> <span class='ocrx_word' id='word_1_4' title='bbox 947 388 1090 454; x_wconf 71' lang='lat'><strong>17-25.</strong></span> <span class='ocrx_word' id='word_1_5' title='bbox 1304 384 1368 451; x_wconf 76' lang='lat'><strong>507</strong></span> 
     </span>
    </p>
   </div>
   <div class='ocr_carea' id='block_1_2' title="bbox 176 571 1372 3015">
    <p class='ocr_par' dir='ltr' id='par_1_2' title="bbox 176 571 1372 3015">
     <span class='ocr_line' id='line_1_2' title="bbox 179 571 1369 665; baseline -0.005 -22"><span class='ocrx_word' id='word_1_6' title='bbox 179 574 266 645; x_wconf 87' lang='lat' dir='ltr'><strong>haec</strong></span> <span class='ocrx_word' id='word_1_7' title='bbox 289 577 484 660; x_wconf 86' lang='lat' dir='ltr'><strong>criminati03</strong></span> <span class='ocrx_word' id='word_1_8' title='bbox 504 577 558 644; x_wconf 91' lang='lat' dir='ltr'><strong>sed</strong></span> <span class='ocrx_word' id='word_1_9' title='bbox 584 596 680 665; x_wconf 88' lang='lat' dir='ltr'><strong>quum</strong></span> <span class='ocrx_word' id='word_1_10' title='bbox 705 587 807 642; x_wconf 85' lang='lat' dir='ltr'><strong>tamen</strong></span> <span class='ocrx_word' id='word_1_11' title='bbox 833 584 915 642; x_wconf 89' lang='lat' dir='ltr'><strong>esset</strong></span> <span class='ocrx_word' id='word_1_12' title='bbox 938 574 1032 642; x_wconf 91' lang='lat' dir='ltr'><strong>fidem</strong></span> <span class='ocrx_word' id='word_1_13' title='bbox 1056 582 1143 641; x_wconf 85' lang='lat' dir='ltr'><strong>nacta</strong></span> <span class='ocrx_word' id='word_1_14' title='bbox 1162 573 1241 639; x_wconf 90' lang='lat' dir='ltr'><strong>inter</strong></span> <span class='ocrx_word' id='word_1_15' title='bbox 1258 571 1369 638; x_wconf 76' lang='lat' dir='ltr'><strong>Hidro-</strong></span> 
     </span>
     <span class='ocr_line' id='line_1_3' title="bbox 176 696 1367 789; baseline -0.003 -24"><span class='ocrx_word' id='word_1_16' title='bbox 176 701 408 787; x_wconf 76' lang='lat' dir='ltr'><strong>solymitanos,</strong></span> <span class='ocrx_word' id='word_1_17' title='bbox 427 721 484 768; x_wconf 88' lang='lat' dir='ltr'><strong>nec</strong></span> <span class='ocrx_word' id='word_1_18' title='bbox 511 699 569 767; x_wconf 89' lang='lat' dir='ltr'><strong>bos</strong></span> <span class='ocrx_word' id='word_1_19' title='bbox 592 700 647 767; x_wconf 92' lang='lat' dir='ltr'><strong>diu</strong></span> <span class='ocrx_word' id='word_1_20' title='bbox 666 699 761 766; x_wconf 86' lang='lat' dir='ltr'><strong>latere</strong></span> <span class='ocrx_word' id='word_1_21' title='bbox 785 711 889 789; x_wconf 89' lang='lat' dir='ltr'><strong>posset</strong></span> <span class='ocrx_word' id='word_1_22' title='bbox 913 700 1000 766; x_wconf 86' lang='lat' dir='ltr'><strong>Pauli</strong></span> <span class='ocrx_word' id='word_1_23' title='bbox 1019 701 1049 765; x_wconf 92' lang='lat' dir='ltr'><strong>in</strong></span> <span class='ocrx_word' id='word_1_24' title='bbox 1074 698 1184 766; x_wconf 89' lang='lat' dir='ltr'><strong>urbem</strong></span> <span class='ocrx_word' id='word_1_25' title='bbox 1200 696 1367 774; x_wconf 77' lang='lat' dir='ltr'><strong>adventuS,</strong></span> 
     </span>
     <span class='ocr_line' id='line_1_4' title="bbox 179 819 1367 912; baseline -0.003 -24"><span class='ocrx_word' id='word_1_26' title='bbox 179 823 348 905; x_wconf 73' lang='lat' dir='ltr'><strong>timebant,</strong></span> <span class='ocrx_word' id='word_1_27' title='bbox 376 844 414 890; x_wconf 91' lang='lat' dir='ltr'><strong>ne</strong></span> <span class='ocrx_word' id='word_1_28' title='bbox 432 822 507 912; x_wconf 93' lang='lat' dir='ltr'><strong>quid</strong></span> <span class='ocrx_word' id='word_1_29' title='bbox 523 823 603 890; x_wconf 87' lang='lat' dir='ltr'><strong>forte</strong></span> <span class='ocrx_word' id='word_1_30' title='bbox 620 822 693 890; x_wconf 92' lang='lat' dir='ltr'><strong>hinc</strong></span> <span class='ocrx_word' id='word_1_31' title='bbox 711 823 861 891; x_wconf 80' lang='lat' dir='ltr'><strong>tumultis</strong></span> <span class='ocrx_word' id='word_1_32' title='bbox 884 823 1070 890; x_wconf 82' lang='lat' dir='ltr'><strong>exoriretur.</strong></span> <span class='ocrx_word' id='word_1_33' title='bbox 1089 824 1192 908; x_wconf 82' lang='lat' dir='ltr'><strong>Quare</strong></span> <span class='ocrx_word' id='word_1_34' title='bbox 1218 819 1367 896; x_wconf 78' lang='lat' dir='ltr'><strong>lacobus,</strong></span> 
     </span>
     <span class='ocr_line' id='line_1_5' title="bbox 179 942 1369 1036; baseline -0.007 -22"><span class='ocrx_word' id='word_1_35' title='bbox 179 948 241 1036; x_wconf 81' lang='lat' dir='ltr'><strong>qui</strong></span> <span class='ocrx_word' id='word_1_36' title='bbox 267 949 406 1015; x_wconf 92' lang='lat' dir='ltr'><strong>omnium</strong></span> <span class='ocrx_word' id='word_1_37' title='bbox 425 949 550 1016; x_wconf 91' lang='lat' dir='ltr'><strong>nomine</strong></span> <span class='ocrx_word' id='word_1_38' title='bbox 566 948 659 1015; x_wconf 89' lang='lat' dir='ltr'><strong>verba</strong></span> <span class='ocrx_word' id='word_1_39' title='bbox 678 947 729 1014; x_wconf 91' lang='lat' dir='ltr'><strong>bic</strong></span> <span class='ocrx_word' id='word_1_40' title='bbox 749 947 870 1028; x_wconf 86' lang='lat' dir='ltr'><strong>iecerit,</strong></span> <span class='ocrx_word' id='word_1_41' title='bbox 889 949 986 1014; x_wconf 84' lang='lat' dir='ltr'><strong>Paulo</strong></span> <span class='ocrx_word' id='word_1_42' title='bbox 998 947 1119 1026; x_wconf 79' lang='lat' dir='ltr'><strong>suadet,</strong></span> <span class='ocrx_word' id='word_1_43' title='bbox 1137 956 1171 1012; x_wconf 90' lang='lat' dir='ltr'><strong>ut</strong></span> <span class='ocrx_word' id='word_1_44' title='bbox 1186 942 1369 1033; x_wconf 86' lang='lat' dir='ltr'><strong>quantocius</strong></span> 
     </span>
     <span class='ocr_line' id='line_1_6' title="bbox 181 1066 1368 1159; baseline -0.005 -23"><span class='ocrx_word' id='word_1_45' title='bbox 181 1090 223 1136; x_wconf 83' lang='lat' dir='ltr'><strong>se</strong></span> <span class='ocrx_word' id='word_1_46' title='bbox 238 1071 276 1139; x_wconf 87' lang='lat' dir='ltr'><strong>ab</strong></span> <span class='ocrx_word' id='word_1_47' title='bbox 298 1070 357 1139; x_wconf 87' lang='lat' dir='ltr'><strong>hac</strong></span> <span class='ocrx_word' id='word_1_48' title='bbox 379 1071 454 1139; x_wconf 84' lang='lat' dir='ltr'><strong>salsa</strong></span> <span class='ocrx_word' id='word_1_49' title='bbox 477 1071 654 1159; x_wconf 81' lang='lat' dir='ltr'><strong>suspicione</strong></span> <span class='ocrx_word' id='word_1_50' title='bbox 679 1070 808 1148; x_wconf 86' lang='lat' dir='ltr'><strong>liberet,</strong></span> <span class='ocrx_word' id='word_1_51' title='bbox 839 1072 899 1138; x_wconf 80' lang='lat' dir='ltr'><strong>noir</strong></span> <span class='ocrx_word' id='word_1_52' title='bbox 923 1090 1090 1158; x_wconf 79' lang='lat' dir='ltr'><strong>suggerens</strong></span> <span class='ocrx_word' id='word_1_53' title='bbox 1107 1069 1135 1134; x_wconf 91' lang='lat' dir='ltr'><strong>ei</strong></span> <span class='ocrx_word' id='word_1_54' title='bbox 1152 1066 1278 1135; x_wconf 90' lang='lat' dir='ltr'><strong>modom</strong></span> <span class='ocrx_word' id='word_1_55' title='bbox 1307 1085 1368 1153; x_wconf 87' lang='lat' dir='ltr'><strong>quo</strong></span> 
     </span>
     <span class='ocr_line' id='line_1_7' title="bbox 184 1193 1311 1287; baseline -0.002 -29"><span class='ocrx_word' id='word_1_56' title='bbox 184 1203 346 1280; x_wconf 88' lang='lat' dir='ltr'><strong>praestare</strong></span> <span class='ocrx_word' id='word_1_57' title='bbox 362 1195 439 1262; x_wconf 89' lang='lat' dir='ltr'><strong>iliud</strong></span> <span class='ocrx_word' id='word_1_58' title='bbox 457 1205 578 1285; x_wconf 84' lang='lat' dir='ltr'><strong>posset3</strong></span> <span class='ocrx_word' id='word_1_59' title='bbox 598 1196 647 1261; x_wconf 91' lang='lat' dir='ltr'><strong>cui</strong></span> <span class='ocrx_word' id='word_1_60' title='bbox 666 1194 809 1283; x_wconf 90' lang='lat' dir='ltr'><strong>prudenti</strong></span> <span class='ocrx_word' id='word_1_61' title='bbox 827 1195 958 1262; x_wconf 85' lang='lat' dir='ltr'><strong>consilio</strong></span> <span class='ocrx_word' id='word_1_62' title='bbox 975 1193 1091 1261; x_wconf 89' lang='lat' dir='ltr'><strong>Paulus</strong></span> <span class='ocrx_word' id='word_1_63' title='bbox 1108 1193 1311 1287; x_wconf 73' lang='lat' dir='ltr'><strong>obtemperet.</strong></span> 
     </span>
     <span class='ocr_line' id='line_1_8' title="bbox 234 1314 1367 1406; baseline -0.004 -22"><span class='ocrx_word' id='word_1_64' title='bbox 234 1317 286 1384; x_wconf 90' lang='lat' dir='ltr'><strong>Sic</strong></span> <span class='ocrx_word' id='word_1_65' title='bbox 303 1338 375 1406; x_wconf 89' lang='lat' dir='ltr'><strong>ergo</strong></span> <span class='ocrx_word' id='word_1_66' title='bbox 390 1320 521 1387; x_wconf 83' lang='lat' dir='ltr'><strong>lacobus</strong></span> <span class='ocrx_word' id='word_1_67' title='bbox 538 1319 669 1386; x_wconf 90' lang='lat' dir='ltr'><strong>Paolum</strong></span> <span class='ocrx_word' id='word_1_68' title='bbox 682 1320 791 1386; x_wconf 83' lang='lat' dir='ltr'><strong>affatus</strong></span> <span class='ocrx_word' id='word_1_69' title='bbox 808 1330 854 1385; x_wconf 89' lang='lat' dir='ltr'><strong>est</strong></span> <span class='ocrx_word' id='word_1_70' title='bbox 870 1343 877 1384; x_wconf 94' lang='lat'>:</span> <span class='ocrx_word' id='word_1_71' title='bbox 896 1318 1006 1399; x_wconf 65' lang='lat' dir='ltr'><strong>Vides</strong></span> <span class='ocrx_word' id='word_1_72' title='bbox 1021 1319 1134 1399; x_wconf 88' lang='lat' dir='ltr'><strong>aiebat,</strong></span> <span class='ocrx_word' id='word_1_73' title='bbox 1153 1318 1248 1384; x_wconf 87' lang='lat' dir='ltr'><strong>frater</strong></span> <span class='ocrx_word' id='word_1_74' title='bbox 1260 1314 1367 1394; x_wconf 82' lang='lat' dir='ltr'><strong>Paule,</strong></span> 
     </span>
     <span class='ocr_line' id='line_1_9' title="bbox 193 1437 1367 1530; baseline -0.003 -23"><span class='ocrx_word' id='word_1_75' title='bbox 193 1452 266 1527; x_wconf 92' lang='lat' dir='ltr'><strong>quot</strong></span> <span class='ocrx_word' id='word_1_76' title='bbox 289 1443 350 1508; x_wconf 92' lang='lat' dir='ltr'><strong>sint</strong></span> <span class='ocrx_word' id='word_1_77' title='bbox 374 1442 426 1508; x_wconf 88' lang='lat' dir='ltr'><strong>bie</strong></span> <span class='ocrx_word' id='word_1_78' title='bbox 451 1443 547 1510; x_wconf 86' lang='lat' dir='ltr'><strong>miliia</strong></span> <span class='ocrx_word' id='word_1_79' title='bbox 570 1443 772 1523; x_wconf 88' lang='lat' dir='ltr'><strong>iudaeorum,</strong></span> <span class='ocrx_word' id='word_1_80' title='bbox 793 1444 845 1530; x_wconf 88' lang='lat' dir='ltr'><strong>qui</strong></span> <span class='ocrx_word' id='word_1_81' title='bbox 868 1443 1066 1510; x_wconf 88' lang='lat' dir='ltr'><strong>crediderunt</strong></span> <span class='ocrx_word' id='word_1_82' title='bbox 1090 1441 1274 1529; x_wconf 80' lang='lat' dir='ltr'><strong>Evangeli03</strong></span> <span class='ocrx_word' id='word_1_83' title='bbox 1290 1450 1319 1506; x_wconf 93' lang='lat' dir='ltr'><strong>et</strong></span> <span class='ocrx_word' id='word_1_84' title='bbox 1336 1437 1367 1504; x_wconf 94' lang='lat' dir='ltr'><strong>bi</strong></span> 
     </span>
     <span class='ocr_line' id='line_1_10' title="bbox 193 1562 1368 1653; baseline -0.002 -23"><span class='ocrx_word' id='word_1_85' title='bbox 193 1585 297 1631; x_wconf 91' lang='lat' dir='ltr'><strong>omnes</strong></span> <span class='ocrx_word' id='word_1_86' title='bbox 325 1585 435 1653; x_wconf 88' lang='lat' dir='ltr'><strong>magno</strong></span> <span class='ocrx_word' id='word_1_87' title='bbox 463 1567 554 1653; x_wconf 89' lang='lat' dir='ltr'><strong>Legis</strong></span> <span class='ocrx_word' id='word_1_88' title='bbox 581 1566 645 1647; x_wconf 79' lang='lat' dir='ltr'><strong>(roo</strong></span> <span class='ocrx_word' id='word_1_89' title='bbox 673 1588 784 1652; x_wconf 78' lang='lat' dir='ltr'><strong>eopov,</strong></span> <span class='ocrx_word' id='word_1_90' title='bbox 809 1567 879 1633; x_wconf 89' lang='lat' dir='ltr'><strong>soil.</strong></span> <span class='ocrx_word' id='word_1_91' title='bbox 904 1569 1068 1633; x_wconf 85' lang='lat' dir='ltr'><strong>Mosoicoe</strong></span> <span class='ocrx_word' id='word_1_92' title='bbox 1095 1562 1238 1652; x_wconf 83' lang='lat' dir='ltr'><strong>rituoiis)</strong></span> <span class='ocrx_word' id='word_1_93' title='bbox 1261 1564 1368 1631; x_wconf 88' lang='lat' dir='ltr'><strong>obscr-</strong></span> 
     </span>
     <span class='ocr_line' id='line_1_11' title="bbox 194 1685 1370 1772; baseline -0.004 -19"><span class='ocrx_word' id='word_1_94' title='bbox 194 1688 307 1755; x_wconf 90' lang='lat' dir='ltr'><strong>vandae</strong></span> <span class='ocrx_word' id='word_1_95' title='bbox 323 1689 426 1756; x_wconf 89' lang='lat' dir='ltr'><strong>studio</strong></span> <span class='ocrx_word' id='word_1_96' title='bbox 442 1689 544 1757; x_wconf 87' lang='lat' dir='ltr'><strong>adbuc</strong></span> <span class='ocrx_word' id='word_1_97' title='bbox 561 1699 715 1757; x_wconf 86' lang='lat' dir='ltr'><strong>tenentur.</strong></span> <span class='ocrx_word' id='word_1_98' title='bbox 734 1691 798 1756; x_wconf 87' lang='lat' dir='ltr'><strong>Iam</strong></span> <span class='ocrx_word' id='word_1_99' title='bbox 818 1709 892 1755; x_wconf 87' lang='lat' dir='ltr'><strong>vero</strong></span> <span class='ocrx_word' id='word_1_100' title='bbox 918 1688 997 1755; x_wconf 86' lang='lat' dir='ltr'><strong>fama</strong></span> <span class='ocrx_word' id='word_1_101' title='bbox 1017 1691 1114 1754; x_wconf 80' lang='lat' dir='ltr'><strong>edocti</strong></span> <span class='ocrx_word' id='word_1_102' title='bbox 1137 1698 1211 1754; x_wconf 76' lang='lat' dir='ltr'><strong>soret</strong></span> <span class='ocrx_word' id='word_1_103' title='bbox 1229 1685 1370 1772; x_wconf 79' lang='grc' dir='ltr'>(κατηχη-</span> 
     </span>
     <span class='ocr_line' id='line_1_12' title="bbox 194 1811 1368 1904; baseline 0.003 -31"><span class='ocrx_word' id='word_1_104' title='bbox 194 1812 301 1897; x_wconf 77' lang='grc' dir='ltr'>θησαν,</span> <span class='ocrx_word' id='word_1_105' title='bbox 322 1813 391 1880; x_wconf 84' lang='lat' dir='ltr'><strong>vide</strong></span> <span class='ocrx_word' id='word_1_106' title='bbox 411 1834 524 1902; x_wconf 89' lang='lat' dir='ltr'><strong>supra,</strong></span> <span class='ocrx_word' id='word_1_107' title='bbox 544 1835 575 1903; x_wconf 90' lang='lat' dir='ltr'><strong>p.</strong></span> <span class='ocrx_word' id='word_1_108' title='bbox 598 1812 676 1899; x_wconf 76' lang='lat'>119)</span> <span class='ocrx_word' id='word_1_109' title='bbox 694 1818 730 1879; x_wconf 87' lang='lat' dir='ltr'><strong>de</strong></span> <span class='ocrx_word' id='word_1_110' title='bbox 749 1827 777 1880; x_wconf 89' lang='lat' dir='ltr'><strong>te</strong></span> <span class='ocrx_word' id='word_1_111' title='bbox 794 1821 872 1904; x_wconf 82' lang='grc' dir='ltr'>(περι</span> <span class='ocrx_word' id='word_1_112' title='bbox 889 1820 969 1902; x_wconf 78' lang='grc' dir='ltr'>σου),</span> <span class='ocrx_word' id='word_1_113' title='bbox 988 1812 1070 1901; x_wconf 88' lang='lat' dir='ltr'><strong>quod</strong></span> <span class='ocrx_word' id='word_1_114' title='bbox 1097 1811 1227 1879; x_wconf 90' lang='lat' dir='ltr'><strong>ludaeos</strong></span> <span class='ocrx_word' id='word_1_115' title='bbox 1244 1831 1368 1888; x_wconf 89' lang='lat' dir='ltr'><strong>omues,</strong></span> 
     </span>
     <span class='ocr_line' id='line_1_13' title="bbox 194 1929 1370 2025; baseline -0.005 -24"><span class='ocrx_word' id='word_1_116' title='bbox 194 1940 248 2020; x_wconf 83' lang='lat' dir='ltr'><strong>poi</strong></span> <span class='ocrx_word' id='word_1_117' title='bbox 259 1958 320 2021; x_wconf 87' lang='lat' dir='ltr'><strong>per</strong></span> <span class='ocrx_word' id='word_1_118' title='bbox 342 1935 465 2025; x_wconf 83' lang='grc' dir='ltr'>(κατα),</span> <span class='ocrx_word' id='word_1_119' title='bbox 486 1938 508 2002; x_wconf 91' lang='lat' dir='ltr'><strong>i.</strong></span> <span class='ocrx_word' id='word_1_120' title='bbox 530 1957 558 2002; x_wconf 91' lang='lat' dir='ltr'><strong>e.</strong></span> <span class='ocrx_word' id='word_1_121' title='bbox 579 1941 663 2003; x_wconf 82' lang='lat' dir='ltr'><strong>inter</strong></span> <span class='ocrx_word' id='word_1_122' title='bbox 689 1938 828 2004; x_wconf 80' lang='lat' dir='ltr'><strong>Gentiles</strong></span> <span class='ocrx_word' id='word_1_123' title='bbox 853 1948 1024 2002; x_wconf 80' lang='lat' dir='ltr'><strong>versantur</strong></span> <span class='ocrx_word' id='word_1_124' title='bbox 1040 1936 1119 2016; x_wconf 75' lang='grc' dir='ltr'>(τους</span> <span class='ocrx_word' id='word_1_125' title='bbox 1141 1958 1220 1997; x_wconf 78' lang='grc' dir='ltr'>κατα</span> <span class='ocrx_word' id='word_1_126' title='bbox 1237 1957 1273 1996; x_wconf 81' lang='grc' dir='ltr'><strong>τα</strong></span> <span class='ocrx_word' id='word_1_127' title='bbox 1290 1929 1370 2016; x_wconf 70' lang='lat' dir='ltr'><strong>eden)</strong></span> 
     </span>
     <span class='ocr_line' id='line_1_14' title="bbox 195 2058 1369 2149; baseline -0.004 -24"><span class='ocrx_word' id='word_1_128' title='bbox 195 2080 210 2125; x_wconf 87' lang='lat' dir='ltr'><strong>a</strong></span> <span class='ocrx_word' id='word_1_129' title='bbox 233 2063 319 2128; x_wconf 85' lang='lat' dir='ltr'><strong>Mose</strong></span> <span class='ocrx_word' id='word_1_130' title='bbox 343 2059 477 2128; x_wconf 87' lang='lat' dir='ltr'><strong>deficere</strong></span> <span class='ocrx_word' id='word_1_131' title='bbox 501 2063 710 2149; x_wconf 76' lang='grc' dir='ltr'>(αποστασιαν</span> <span class='ocrx_word' id='word_1_132' title='bbox 732 2059 948 2146; x_wconf 76' lang='lat' dir='ltr'><strong>defectionem)</strong></span> <span class='ocrx_word' id='word_1_133' title='bbox 966 2061 1096 2141; x_wconf 79' lang='lat' dir='ltr'><strong>docem,</strong></span> <span class='ocrx_word' id='word_1_134' title='bbox 1115 2059 1240 2139; x_wconf 89' lang='lat' dir='ltr'><strong>diceus,</strong></span> <span class='ocrx_word' id='word_1_135' title='bbox 1262 2058 1369 2122; x_wconf 85' lang='lat' dir='ltr'><strong>debere</strong></span> 
     </span>
     <span class='ocr_line' id='line_1_15' title="bbox 196 2180 1368 2275; baseline 0 -28"><span class='ocrx_word' id='word_1_136' title='bbox 196 2205 242 2249; x_wconf 88' lang='lat' dir='ltr'><strong>eos</strong></span> <span class='ocrx_word' id='word_1_137' title='bbox 260 2205 324 2250; x_wconf 84' lang='lat' dir='ltr'><strong>eom</strong></span> <span class='ocrx_word' id='word_1_138' title='bbox 340 2187 568 2250; x_wconf 80' lang='lat' dir='ltr'><strong>circumcidere</strong></span> <span class='ocrx_word' id='word_1_139' title='bbox 584 2195 637 2275; x_wconf 81' lang='grc' dir='ltr'><strong>(μη</strong></span> <span class='ocrx_word' id='word_1_140' title='bbox 650 2207 834 2275; x_wconf 75' lang='grc' dir='ltr'>περιτεμνειν</span> <span class='ocrx_word' id='word_1_141' title='bbox 851 2207 978 2263; x_wconf 63' lang='lat' dir='ltr'><strong>carone,</strong></span> <span class='ocrx_word' id='word_1_142' title='bbox 997 2184 1108 2272; x_wconf 85' lang='lat' dir='ltr'><strong>supple</strong></span> <span class='ocrx_word' id='word_1_143' title='bbox 1125 2180 1206 2259; x_wconf 76' lang='lat' dir='ltr'><strong>decr,</strong></span> <span class='ocrx_word' id='word_1_144' title='bbox 1225 2192 1258 2248; x_wconf 89' lang='lat' dir='ltr'><strong>ut</strong></span> <span class='ocrx_word' id='word_1_145' title='bbox 1275 2201 1368 2270; x_wconf 84' lang='lat' dir='ltr'><strong>supra</strong></span> 
     </span>
     <span class='ocr_line' id='line_1_16' title="bbox 195 2307 1371 2399; baseline -0.003 -24"><span class='ocrx_word' id='word_1_146' title='bbox 195 2309 282 2376; x_wconf 84' lang='lat' dir='ltr'><strong>XV:</strong></span> <span class='ocrx_word' id='word_1_147' title='bbox 303 2311 365 2388; x_wconf 70' lang='lat' dir='ltr'><strong>et,</strong></span> <span class='ocrx_word' id='word_1_148' title='bbox 392 2311 446 2397; x_wconf 84' lang='grc'><strong>58)</strong></span> <span class='ocrx_word' id='word_1_149' title='bbox 463 2312 548 2392; x_wconf 77' lang='lat' dir='ltr'><strong>filios</strong></span> <span class='ocrx_word' id='word_1_150' title='bbox 569 2332 656 2393; x_wconf 80' lang='lat' dir='ltr'><strong>suos,</strong></span> <span class='ocrx_word' id='word_1_151' title='bbox 676 2331 731 2375; x_wconf 85' lang='lat' dir='ltr'><strong>ceo</strong></span> <span class='ocrx_word' id='word_1_152' title='bbox 755 2313 859 2374; x_wconf 82' lang='lat' dir='ltr'><strong>vicere</strong></span> <span class='ocrx_word' id='word_1_153' title='bbox 879 2307 1072 2399; x_wconf 74' lang='lat' dir='ltr'><strong>(repararem)</strong></span> <span class='ocrx_word' id='word_1_154' title='bbox 1095 2309 1266 2373; x_wconf 82' lang='lat' dir='ltr'><strong>secondom</strong></span> <span class='ocrx_word' id='word_1_155' title='bbox 1289 2309 1371 2371; x_wconf 84' lang='lat' dir='ltr'><strong>ritus</strong></span> 
     </span>
     <span class='ocr_line' id='line_1_17' title="bbox 196 2430 1367 2520; baseline -0.002 -23"><span class='ocrx_word' id='word_1_156' title='bbox 196 2435 271 2517; x_wconf 80' lang='lat' dir='ltr'><strong>lepis</strong></span> <span class='ocrx_word' id='word_1_157' title='bbox 295 2435 454 2501; x_wconf 85' lang='lat' dir='ltr'><strong>Mosoicoe</strong></span> <span class='ocrx_word' id='word_1_158' title='bbox 483 2433 556 2516; x_wconf 82' lang='grc' dir='ltr'><strong>(τοις</strong></span> <span class='ocrx_word' id='word_1_159' title='bbox 579 2435 675 2512; x_wconf 76' lang='lat' dir='ltr'><strong>edem,</strong></span> <span class='ocrx_word' id='word_1_160' title='bbox 700 2436 834 2499; x_wconf 83' lang='lat' dir='ltr'><strong>Dotieos</strong></span> <span class='ocrx_word' id='word_1_161' title='bbox 857 2435 1015 2512; x_wconf 85' lang='lat' dir='ltr'><strong>Normoe,</strong></span> <span class='ocrx_word' id='word_1_162' title='bbox 1039 2443 1072 2498; x_wconf 89' lang='lat' dir='ltr'><strong>ut</strong></span> <span class='ocrx_word' id='word_1_163' title='bbox 1094 2451 1188 2520; x_wconf 84' lang='lat' dir='ltr'><strong>supra</strong></span> <span class='ocrx_word' id='word_1_164' title='bbox 1210 2433 1299 2501; x_wconf 89' lang='lat' dir='ltr'><strong>XV:</strong></span> <span class='ocrx_word' id='word_1_165' title='bbox 1326 2430 1367 2508; x_wconf 85' lang='grc'><strong>1).</strong></span> 
     </span>
     <span class='ocr_line' id='line_1_18' title="bbox 197 2553 1367 2648; baseline -0.003 -25"><span class='ocrx_word' id='word_1_166' title='bbox 197 2557 282 2636; x_wconf 80' lang='lat' dir='ltr'><strong>Quid</strong></span> <span class='ocrx_word' id='word_1_167' title='bbox 305 2579 378 2641; x_wconf 77' lang='lat' dir='ltr'><strong>erpo</strong></span> <span class='ocrx_word' id='word_1_168' title='bbox 399 2572 443 2626; x_wconf 84' lang='lat' dir='ltr'><strong>est</strong></span> <span class='ocrx_word' id='word_1_169' title='bbox 466 2567 506 2648; x_wconf 83' lang='grc' dir='ltr'><strong>(τι</strong></span> <span class='ocrx_word' id='word_1_170' title='bbox 531 2581 581 2621; x_wconf 78' lang='grc' dir='ltr'><strong>ουν</strong></span> <span class='ocrx_word' id='word_1_171' title='bbox 606 2561 703 2647; x_wconf 62' lang='lat' dir='ltr'><strong>cerni</strong></span> <span class='ocrx_word' id='word_1_172' title='bbox 725 2558 816 2647; x_wconf 85' lang='lat' dir='ltr'><strong>q.·d.</strong></span> <span class='ocrx_word' id='word_1_173' title='bbox 844 2559 919 2647; x_wconf 90' lang='lat' dir='ltr'><strong>quid</strong></span> <span class='ocrx_word' id='word_1_174' title='bbox 941 2578 1013 2645; x_wconf 89' lang='lat' dir='ltr'><strong>ergo</strong></span> <span class='ocrx_word' id='word_1_175' title='bbox 1039 2558 1117 2624; x_wconf 86' lang='lat' dir='ltr'><strong>iacto</strong></span> <span class='ocrx_word' id='word_1_176' title='bbox 1140 2576 1219 2645; x_wconf 93' lang='lat' dir='ltr'><strong>opus</strong></span> <span class='ocrx_word' id='word_1_177' title='bbox 1243 2557 1310 2622; x_wconf 75' lang='lat' dir='ltr'><strong>est?</strong></span> <span class='ocrx_word' id='word_1_178' title='bbox 1326 2553 1367 2623; x_wconf 88' lang='lat' dir='ltr'><strong>ef.</strong></span> 
     </span>
     <span class='ocr_line' id='line_1_19' title="bbox 196 2679 1369 2770; baseline 0 -26"><span class='ocrx_word' id='word_1_179' title='bbox 196 2679 304 2745; x_wconf 86' lang='lat' dir='ltr'><strong>lCor.</strong></span> <span class='ocrx_word' id='word_1_180' title='bbox 331 2681 436 2748; x_wconf 88' lang='lat' dir='ltr'><strong>XIV:</strong></span> <span class='ocrx_word' id='word_1_181' title='bbox 461 2684 520 2761; x_wconf 78' lang='lat'><strong>15,</strong></span> <span class='ocrx_word' id='word_1_182' title='bbox 540 2683 594 2749; x_wconf 71' lang='lat'><strong>26.</strong></span> <span class='ocrx_word' id='word_1_183' title='bbox 626 2683 664 2748; x_wconf 87' lang='lat' dir='ltr'><strong>Et</strong></span> <span class='ocrx_word' id='word_1_184' title='bbox 692 2682 791 2770; x_wconf 85' lang='lat' dir='ltr'><strong>pergit</strong></span> <span class='ocrx_word' id='word_1_185' title='bbox 818 2680 948 2749; x_wconf 92' lang='lat' dir='ltr'><strong>lacobus</strong></span> <span class='ocrx_word' id='word_1_186' title='bbox 968 2703 974 2743; x_wconf 94' lang='lat'>:</span> <span class='ocrx_word' id='word_1_187' title='bbox 997 2683 1128 2745; x_wconf 84' lang='lat' dir='ltr'><strong>Eoitori</strong></span> <span class='ocrx_word' id='word_1_188' title='bbox 1151 2683 1272 2765; x_wconf 79' lang='lat' dir='ltr'><strong>crepuit,</strong></span> <span class='ocrx_word' id='word_1_189' title='bbox 1292 2682 1369 2763; x_wconf 79' lang='lat' dir='ltr'><strong>puio</strong></span> 
     </span>
     <span class='ocr_line' id='line_1_20' title="bbox 197 2801 1372 2894; baseline 0.002 -27"><span class='ocrx_word' id='word_1_190' title='bbox 197 2803 325 2870; x_wconf 72' lang='lat' dir='ltr'><strong>istorum</strong></span> <span class='ocrx_word' id='word_1_191' title='bbox 350 2828 593 2869; x_wconf 82' lang='grc' dir='ltr'>πεπιστευκοτων</span> <span class='ocrx_word' id='word_1_192' title='bbox 610 2805 673 2894; x_wconf 82' lang='lat' dir='ltr'>(VS.</span> <span class='ocrx_word' id='word_1_193' title='bbox 699 2805 759 2894; x_wconf 69' lang='lat'><strong>20)</strong></span> <span class='ocrx_word' id='word_1_194' title='bbox 783 2810 954 2872; x_wconf 80' lang='lat' dir='ltr'><strong>mettiie&#39;ittdo</strong></span> <span class='ocrx_word' id='word_1_195' title='bbox 977 2808 1130 2891; x_wconf 79' lang='lat' dir='ltr'><strong>qttaedetme</strong></span> <span class='ocrx_word' id='word_1_196' title='bbox 1148 2801 1286 2886; x_wconf 71' lang='grc' dir='ltr'>(πληθος,</span> <span class='ocrx_word' id='word_1_197' title='bbox 1305 2804 1372 2869; x_wconf 78' lang='lat' dir='ltr'><strong>sine</strong></span> 
     </span>
     <span class='ocr_line' id='line_1_21' title="bbox 195 2924 1371 3015; baseline 0 -25"><span class='ocrx_word' id='word_1_198' title='bbox 195 2924 308 3013; x_wconf 86' lang='lat' dir='ltr'><strong>Artic.)</strong></span> <span class='ocrx_word' id='word_1_199' title='bbox 324 2928 486 2991; x_wconf 85' lang='lat' dir='ltr'><strong>eooeecict</strong></span> <span class='ocrx_word' id='word_1_200' title='bbox 511 2929 559 2991; x_wconf 83' lang='lat' dir='ltr'><strong>tui</strong></span> <span class='ocrx_word' id='word_1_201' title='bbox 581 2949 678 2992; x_wconf 79' lang='lat' dir='ltr'><strong>correo</strong></span> <span class='ocrx_word' id='word_1_202' title='bbox 698 2928 798 3015; x_wconf 89' lang='lat' dir='ltr'><strong>(puta,</strong></span> <span class='ocrx_word' id='word_1_203' title='bbox 816 2938 851 2994; x_wconf 88' lang='lat' dir='ltr'><strong>ut</strong></span> <span class='ocrx_word' id='word_1_204' title='bbox 866 2927 996 2994; x_wconf 86' lang='lat' dir='ltr'><strong>Paulum</strong></span> <span class='ocrx_word' id='word_1_205' title='bbox 1014 2925 1095 3015; x_wconf 88' lang='lat' dir='ltr'><strong>apud</strong></span> <span class='ocrx_word' id='word_1_206' title='bbox 1118 2924 1264 2992; x_wconf 88' lang='lat' dir='ltr'><strong>Iacobum</strong></span> <span class='ocrx_word' id='word_1_207' title='bbox 1280 2943 1371 2991; x_wconf 89' lang='lat' dir='ltr'><strong>aceu-</strong></span> 
     </span>
    </p>
   </div>
   <div class='ocr_carea' id='block_1_3' title="bbox 194 3034 1372 3136">
    <p class='ocr_par' dir='ltr' id='par_1_3' title="bbox 194 3034 1372 3136">
     <span class='ocr_line' id='line_1_22' title="bbox 194 3034 1372 3136; baseline -0.001 -22"><span class='ocrx_word' id='word_1_208' title='bbox 194 3049 328 3136; x_wconf 84' lang='lat' dir='ltr'><strong>sarent);</strong></span> <span class='ocrx_word' id='word_1_209' title='bbox 350 3034 496 3116; x_wconf 77' lang='lat' dir='ltr'><strong>auditori</strong></span> <span class='ocrx_word' id='word_1_210' title='bbox 523 3053 610 3115; x_wconf 80' lang='lat' dir='ltr'><strong>euim</strong></span> <span class='ocrx_word' id='word_1_211' title='bbox 637 3062 711 3132; x_wconf 79' lang='lat' dir='ltr'><strong>strat</strong></span> <span class='ocrx_word' id='word_1_212' title='bbox 740 3064 768 3117; x_wconf 88' lang='lat' dir='ltr'><strong>te</strong></span> <span class='ocrx_word' id='word_1_213' title='bbox 795 3054 855 3118; x_wconf 79' lang='lat' dir='ltr'><strong>leuc</strong></span> <span class='ocrx_word' id='word_1_214' title='bbox 883 3055 1057 3118; x_wconf 81' lang='lat' dir='ltr'><strong>aduenisse.</strong></span> <span class='ocrx_word' id='word_1_215' title='bbox 1088 3049 1258 3118; x_wconf 88' lang='lat' dir='ltr'><strong>Postremis</strong></span> <span class='ocrx_word' id='word_1_216' title='bbox 1286 3048 1372 3116; x_wconf 90' lang='lat' dir='ltr'><strong>bisce</strong></span> 
     </span>
    </p>
   </div>
   <div class='ocr_carea' id='block_1_4' title="bbox 195 3172 1372 3386">
    <p class='ocr_par' dir='ltr' id='par_1_4' title="bbox 195 3172 1372 3386">
     <span class='ocr_line' id='line_1_23' title="bbox 195 3172 1372 3264; baseline 0.003 -28"><span class='ocrx_word' id='word_1_217' title='bbox 195 3172 298 3239; x_wconf 89' lang='lat' dir='ltr'><strong>verbis</strong></span> <span class='ocrx_word' id='word_1_218' title='bbox 316 3175 447 3241; x_wconf 86' lang='lat' dir='ltr'><strong>Iacobus</strong></span> <span class='ocrx_word' id='word_1_219' title='bbox 472 3175 501 3240; x_wconf 91' lang='lat' dir='ltr'><strong>in</strong></span> <span class='ocrx_word' id='word_1_220' title='bbox 519 3185 712 3241; x_wconf 88' lang='lat' dir='ltr'><strong>antecessum</strong></span> <span class='ocrx_word' id='word_1_221' title='bbox 731 3176 880 3242; x_wconf 89' lang='lat' dir='ltr'><strong>rationem</strong></span> <span class='ocrx_word' id='word_1_222' title='bbox 906 3176 1032 3264; x_wconf 84' lang='lat' dir='ltr'><strong>exponit</strong></span> <span class='ocrx_word' id='word_1_223' title='bbox 1048 3175 1173 3242; x_wconf 87' lang='lat' dir='ltr'><strong>concilii</strong></span> <span class='ocrx_word' id='word_1_224' title='bbox 1199 3172 1282 3261; x_wconf 84' lang='lat' dir='ltr'><strong>quod</strong></span> <span class='ocrx_word' id='word_1_225' title='bbox 1300 3193 1372 3239; x_wconf 85' lang='lat' dir='ltr'><strong>mox</strong></span> 
     </span>
     <span class='ocr_line' id='line_1_24' title="bbox 195 3296 1367 3386; baseline 0.002 -26"><span class='ocrx_word' id='word_1_226' title='bbox 195 3297 256 3386; x_wconf 89' lang='lat' dir='ltr'><strong>(vs.</strong></span> <span class='ocrx_word' id='word_1_227' title='bbox 284 3299 326 3364; x_wconf 68' lang='lat'><strong>95</strong></span> <span class='ocrx_word' id='word_1_228' title='bbox 341 3307 371 3364; x_wconf 89' lang='lat' dir='ltr'><strong>et</strong></span> <span class='ocrx_word' id='word_1_229' title='bbox 386 3298 439 3377; x_wconf 67' lang='lat' dir='ltr'><strong>dd)</strong></span> <span class='ocrx_word' id='word_1_230' title='bbox 456 3298 552 3364; x_wconf 87' lang='lat' dir='ltr'><strong>Paulo</strong></span> <span class='ocrx_word' id='word_1_231' title='bbox 569 3309 635 3365; x_wconf 89' lang='lat' dir='ltr'><strong>erat</strong></span> <span class='ocrx_word' id='word_1_232' title='bbox 650 3298 790 3365; x_wconf 88' lang='lat' dir='ltr'><strong>daturus.</strong></span> <span class='ocrx_word' id='word_1_233' title='bbox 809 3299 952 3366; x_wconf 81' lang='lat' dir='ltr'><strong>Timebat</strong></span> <span class='ocrx_word' id='word_1_234' title='bbox 975 3300 1026 3365; x_wconf 89' lang='lat' dir='ltr'><strong>iiic</strong></span> <span class='ocrx_word' id='word_1_235' title='bbox 1049 3297 1189 3365; x_wconf 91' lang='lat' dir='ltr'><strong>nonnihil</strong></span> <span class='ocrx_word' id='word_1_236' title='bbox 1208 3296 1367 3364; x_wconf 79' lang='lat' dir='ltr'><strong>tumultus</strong></span> 
     </span>
    </p>
   </div>
   <div class='ocr_carea' id='block_1_5' title="bbox 193 3519 1372 4226">
    <p class='ocr_par' dir='ltr' id='par_1_5' title="bbox 193 3519 1372 4226">
     <span class='ocr_line' id='line_1_25' title="bbox 240 3519 1372 3604; baseline -0.004 -16"><span class='ocrx_word' id='word_1_237' title='bbox 240 3521 385 3587; x_wconf 66' lang='lat'>95-25.</span> <span class='ocrx_word' id='word_1_238' title='bbox 413 3520 482 3584; x_wconf 89' lang='lat' dir='ltr'><strong>Hoc</strong></span> <span class='ocrx_word' id='word_1_239' title='bbox 509 3541 582 3603; x_wconf 76' lang='lat' dir='ltr'><strong>erpo</strong></span> <span class='ocrx_word' id='word_1_240' title='bbox 609 3523 660 3604; x_wconf 77' lang='lat' dir='ltr'><strong>foc</strong></span> <span class='ocrx_word' id='word_1_241' title='bbox 683 3522 766 3603; x_wconf 15' lang='lat' dir='ltr'><strong>period</strong></span> <span class='ocrx_word' id='word_1_242' title='bbox 791 3523 865 3602; x_wconf 78' lang='lat' dir='ltr'><strong>tibi,</strong></span> <span class='ocrx_word' id='word_1_243' title='bbox 893 3522 979 3602; x_wconf 77' lang='lat' dir='ltr'><strong>etc).</strong></span> <span class='ocrx_word' id='word_1_244' title='bbox 1010 3519 1143 3588; x_wconf 89' lang='lat' dir='ltr'><strong>Volebat</strong></span> <span class='ocrx_word' id='word_1_245' title='bbox 1168 3519 1312 3598; x_wconf 75' lang='lat' dir='ltr'><strong>Iacobum,</strong></span> <span class='ocrx_word' id='word_1_246' title='bbox 1338 3528 1372 3584; x_wconf 90' lang='lat' dir='ltr'><strong>ut</strong></span> 
     </span>
     <span class='ocr_line' id='line_1_26' title="bbox 194 3640 1370 3732; baseline 0.002 -26"><span class='ocrx_word' id='word_1_247' title='bbox 194 3641 310 3708; x_wconf 90' lang='lat' dir='ltr'><strong>Paulus</strong></span> <span class='ocrx_word' id='word_1_248' title='bbox 339 3662 372 3708; x_wconf 92' lang='lat' dir='ltr'><strong>se</strong></span> <span class='ocrx_word' id='word_1_249' title='bbox 396 3661 412 3707; x_wconf 88' lang='lat' dir='ltr'><strong>a</strong></span> <span class='ocrx_word' id='word_1_250' title='bbox 441 3640 516 3708; x_wconf 87' lang='lat' dir='ltr'><strong>salsa</strong></span> <span class='ocrx_word' id='word_1_251' title='bbox 541 3643 593 3709; x_wconf 88' lang='lat' dir='ltr'><strong>illa</strong></span> <span class='ocrx_word' id='word_1_252' title='bbox 621 3643 799 3732; x_wconf 87' lang='lat' dir='ltr'><strong>suspicione</strong></span> <span class='ocrx_word' id='word_1_253' title='bbox 825 3642 986 3725; x_wconf 89' lang='lat' dir='ltr'><strong>liberaret,</strong></span> <span class='ocrx_word' id='word_1_254' title='bbox 1009 3656 1101 3732; x_wconf 87' lang='lat' dir='ltr'><strong>atque</strong></span> <span class='ocrx_word' id='word_1_255' title='bbox 1124 3645 1155 3709; x_wconf 92' lang='lat' dir='ltr'><strong>in</strong></span> <span class='ocrx_word' id='word_1_256' title='bbox 1181 3664 1252 3710; x_wconf 92' lang='lat' dir='ltr'><strong>eum</strong></span> <span class='ocrx_word' id='word_1_257' title='bbox 1277 3643 1370 3709; x_wconf 87' lang='lat' dir='ltr'><strong>finem</strong></span> 
     </span>
     <span class='ocr_line' id='line_1_27' title="bbox 194 3765 1369 3856; baseline 0.001 -24"><span class='ocrx_word' id='word_1_258' title='bbox 194 3765 320 3855; x_wconf 91' lang='lat' dir='ltr'><strong>publico</strong></span> <span class='ocrx_word' id='word_1_259' title='bbox 336 3765 440 3854; x_wconf 84' lang='lat' dir='ltr'><strong>aliquo</strong></span> <span class='ocrx_word' id='word_1_260' title='bbox 465 3767 543 3833; x_wconf 86' lang='lat' dir='ltr'><strong>facto</strong></span> <span class='ocrx_word' id='word_1_261' title='bbox 568 3768 754 3847; x_wconf 79' lang='lat' dir='ltr'><strong>ostenderet,</strong></span> <span class='ocrx_word' id='word_1_262' title='bbox 774 3788 808 3834; x_wconf 91' lang='lat' dir='ltr'><strong>se</strong></span> <span class='ocrx_word' id='word_1_263' title='bbox 823 3769 938 3834; x_wconf 91' lang='lat' dir='ltr'><strong>sentire</strong></span> <span class='ocrx_word' id='word_1_264' title='bbox 962 3768 1058 3856; x_wconf 89' lang='lat' dir='ltr'><strong>legem</strong></span> <span class='ocrx_word' id='word_1_265' title='bbox 1076 3788 1144 3834; x_wconf 89' lang='lat' dir='ltr'><strong>esse</strong></span> <span class='ocrx_word' id='word_1_266' title='bbox 1163 3767 1292 3848; x_wconf 92' lang='lat' dir='ltr'><strong>bonam,</strong></span> <span class='ocrx_word' id='word_1_267' title='bbox 1312 3768 1369 3834; x_wconf 93' lang='lat' dir='ltr'><strong>mi-</strong></span> 
     </span>
     <span class='ocr_line' id='line_1_28' title="bbox 193 3888 1371 3980; baseline 0.001 -26"><span class='ocrx_word' id='word_1_268' title='bbox 193 3888 339 3977; x_wconf 88' lang='lat' dir='ltr'><strong>nimeque</strong></span> <span class='ocrx_word' id='word_1_269' title='bbox 363 3909 397 3956; x_wconf 90' lang='lat' dir='ltr'><strong>se</strong></span> <span class='ocrx_word' id='word_1_270' title='bbox 421 3889 566 3956; x_wconf 88' lang='lat' dir='ltr'><strong>damnare</strong></span> <span class='ocrx_word' id='word_1_271' title='bbox 582 3910 634 3958; x_wconf 89' lang='lat' dir='ltr'><strong>eos</strong></span> <span class='ocrx_word' id='word_1_272' title='bbox 657 3892 709 3979; x_wconf 91' lang='lat' dir='ltr'><strong>qui</strong></span> <span class='ocrx_word' id='word_1_273' title='bbox 732 3911 800 3958; x_wconf 84' lang='lat' dir='ltr'><strong>eam</strong></span> <span class='ocrx_word' id='word_1_274' title='bbox 817 3890 1028 3958; x_wconf 85' lang='lat' dir='ltr'><strong>observarent.</strong></span> <span class='ocrx_word' id='word_1_275' title='bbox 1053 3893 1160 3980; x_wconf 89' lang='lat' dir='ltr'><strong>ltaque</strong></span> <span class='ocrx_word' id='word_1_276' title='bbox 1176 3891 1311 3978; x_wconf 78' lang='lat' dir='ltr'><strong>suggerit</strong></span> <span class='ocrx_word' id='word_1_277' title='bbox 1328 3891 1371 3959; x_wconf 88' lang='lat' dir='ltr'><strong>ilii</strong></span> 
     </span>
     <span class='ocr_line' id='line_1_29' title="bbox 194 4011 1372 4103; baseline 0 -25"><span class='ocrx_word' id='word_1_278' title='bbox 194 4011 338 4092; x_wconf 92' lang='lat' dir='ltr'><strong>modum,</strong></span> <span class='ocrx_word' id='word_1_279' title='bbox 354 4033 415 4101; x_wconf 90' lang='lat' dir='ltr'><strong>quo</strong></span> <span class='ocrx_word' id='word_1_280' title='bbox 433 4024 590 4102; x_wconf 90' lang='lat' dir='ltr'><strong>praestare</strong></span> <span class='ocrx_word' id='word_1_281' title='bbox 608 4013 685 4080; x_wconf 87' lang='lat' dir='ltr'><strong>illud</strong></span> <span class='ocrx_word' id='word_1_282' title='bbox 709 4024 813 4102; x_wconf 90' lang='lat' dir='ltr'><strong>posset</strong></span> <span class='ocrx_word' id='word_1_283' title='bbox 831 4035 838 4077; x_wconf 91' lang='lat'>:</span> <span class='ocrx_word' id='word_1_284' title='bbox 857 4015 941 4081; x_wconf 81' lang='lat' dir='ltr'><strong>Suet</strong></span> <span class='ocrx_word' id='word_1_285' title='bbox 957 4016 1060 4098; x_wconf 78' lang='lat' dir='ltr'><strong>mobis,</strong></span> <span class='ocrx_word' id='word_1_286' title='bbox 1081 4015 1198 4103; x_wconf 87' lang='lat' dir='ltr'><strong>iuquit,</strong></span> <span class='ocrx_word' id='word_1_287' title='bbox 1216 4017 1282 4079; x_wconf 86' lang='lat' dir='ltr'><strong>oiri</strong></span> <span class='ocrx_word' id='word_1_288' title='bbox 1297 4036 1372 4099; x_wconf 84' lang='lat' dir='ltr'><strong>pcc-</strong></span> 
     </span>
     <span class='ocr_line' id='line_1_30' title="bbox 194 4137 1371 4226; baseline 0 -24"><span class='ocrx_word' id='word_1_289' title='bbox 194 4151 279 4220; x_wconf 78' lang='lat' dir='ltr'><strong>tcor,</strong></span> <span class='ocrx_word' id='word_1_290' title='bbox 310 4141 365 4222; x_wconf 83' lang='lat' dir='ltr'><strong>qai</strong></span> <span class='ocrx_word' id='word_1_291' title='bbox 389 4149 459 4203; x_wconf 86' lang='lat' dir='ltr'><strong>octo</strong></span> <span class='ocrx_word' id='word_1_292' title='bbox 486 4137 697 4224; x_wconf 85' lang='lat' dir='ltr'><strong>(Naziraeatds</strong></span> <span class='ocrx_word' id='word_1_293' title='bbox 725 4139 921 4226; x_wconf 83' lang='lat' dir='ltr'><strong>temporarii)</strong></span> <span class='ocrx_word' id='word_1_294' title='bbox 949 4162 981 4205; x_wconf 84' lang='lat' dir='ltr'><strong>ce</strong></span> <span class='ocrx_word' id='word_1_295' title='bbox 1009 4140 1271 4207; x_wconf 51' lang='lat' dir='ltr'><strong>obstrinxerunt&amp;</strong></span> <span class='ocrx_word' id='word_1_296' title='bbox 1306 4139 1371 4204; x_wconf 87' lang='lat' dir='ltr'><strong>Hos</strong></span> 
     </span>
    </p>
   </div>
   <div class='ocr_carea' id='block_1_6' title="bbox 195 4353 1373 4508">
    <p class='ocr_par' dir='ltr' id='par_1_6' title="bbox 195 4353 1373 4508">
     <span class='ocr_line' id='line_1_31' title="bbox 229 4353 1371 4422; baseline 0.004 -20"><span class='ocrx_word' id='word_1_297' title='bbox 229 4353 246 4416; x_wconf 83' lang='lat'><strong>¹)</strong></span> <span class='ocrx_word' id='word_1_298' title='bbox 265 4353 289 4403; x_wconf 86' lang='lat' dir='ltr'><strong>is</strong></span> <span class='ocrx_word' id='word_1_299' title='bbox 305 4354 349 4419; x_wconf 91' lang='lat' dir='ltr'><strong>qui</strong></span> <span class='ocrx_word' id='word_1_300' title='bbox 369 4357 458 4405; x_wconf 87' lang='lat' dir='ltr'><strong>votum</strong></span> <span class='ocrx_word' id='word_1_301' title='bbox 475 4353 641 4404; x_wconf 83' lang='lat' dir='ltr'><strong>Naziraeatirs</strong></span> <span class='ocrx_word' id='word_1_302' title='bbox 653 4367 760 4405; x_wconf 89' lang='lat' dir='ltr'><strong>nuncu·</strong></span> <span class='ocrx_word' id='word_1_303' title='bbox 807 4356 944 4408; x_wconf 90' lang='lat' dir='ltr'><strong>tinendum</strong></span> <span class='ocrx_word' id='word_1_304' title='bbox 958 4357 994 4407; x_wconf 88' lang='lat' dir='ltr'><strong>illi</strong></span> <span class='ocrx_word' id='word_1_305' title='bbox 1008 4359 1065 4408; x_wconf 85' lang='lat' dir='ltr'><strong>erat</strong></span> <span class='ocrx_word' id='word_1_306' title='bbox 1076 4371 1091 4407; x_wconf 91' lang='lat' dir='ltr'><strong>a</strong></span> <span class='ocrx_word' id='word_1_307' title='bbox 1102 4357 1163 4407; x_wconf 90' lang='lat' dir='ltr'><strong>vino</strong></span> <span class='ocrx_word' id='word_1_308' title='bbox 1173 4357 1297 4422; x_wconf 89' lang='lat' dir='ltr'><strong>omnique</strong></span> <span class='ocrx_word' id='word_1_309' title='bbox 1310 4359 1371 4422; x_wconf 86' lang='lat' dir='ltr'><strong>potu</strong></span> 
     </span>
     <span class='ocr_line' id='line_1_32' title="bbox 195 4438 1373 4508; baseline 0.003 -20"><span class='ocrx_word' id='word_1_310' title='bbox 195 4441 281 4503; x_wconf 88' lang='lat' dir='ltr'><strong>passet</strong></span> <span class='ocrx_word' id='word_1_311' title='bbox 297 4438 329 4490; x_wconf 90' lang='lat' dir='ltr'><strong>ad</strong></span> <span class='ocrx_word' id='word_1_312' title='bbox 340 4439 388 4490; x_wconf 87' lang='lat' dir='ltr'><strong>tria</strong></span> <span class='ocrx_word' id='word_1_313' title='bbox 401 4438 576 4504; x_wconf 84' lang='lat' dir='ltr'><strong>obligabatur;</strong></span> <span class='ocrx_word' id='word_1_314' title='bbox 590 4452 649 4489; x_wconf 93' lang='lat' dir='ltr'><strong>nam</strong></span> <span class='ocrx_word' id='word_1_315' title='bbox 663 4440 688 4489; x_wconf 86' lang='lat' dir='ltr'><strong>et</strong></span> <span class='ocrx_word' id='word_1_316' title='bbox 698 4438 759 4489; x_wconf 88' lang='lat' dir='ltr'><strong>abs·</strong></span> <span class='ocrx_word' id='word_1_317' title='bbox 807 4441 966 4505; x_wconf 87' lang='lat' dir='ltr'><strong>inebriante,</strong></span> <span class='ocrx_word' id='word_1_318' title='bbox 981 4446 1007 4494; x_wconf 87' lang='lat' dir='ltr'><strong>et</strong></span> <span class='ocrx_word' id='word_1_319' title='bbox 1025 4455 1097 4495; x_wconf 86' lang='lat' dir='ltr'><strong>coma</strong></span> <span class='ocrx_word' id='word_1_320' title='bbox 1115 4441 1207 4508; x_wconf 86' lang='lat' dir='ltr'><strong>capitis</strong></span> <span class='ocrx_word' id='word_1_321' title='bbox 1226 4441 1334 4506; x_wconf 83' lang='lat' dir='ltr'><strong>alenda,</strong></span> <span class='ocrx_word' id='word_1_322' title='bbox 1347 4444 1373 4493; x_wconf 90' lang='lat' dir='ltr'><strong>et</strong></span> 
     </span>
    </p>
   </div>
   <div class='ocr_carea' id='block_1_7' title="bbox 0 0 1545 5054">
    <p class='ocr_par' dir='ltr' id='par_1_7' title="bbox 0 0 1545 5054">
     <span class='ocr_line' id='line_1_33' title="bbox 0 0 1545 5054; baseline 0 0"><span class='ocrx_word' id='word_1_323' title='bbox 0 0 1545 5054; x_wconf 95' lang='lat' dir='ltr'><strong> </strong></span> 
     </span>
    </p>
   </div>
  </div>
 </body>
</html>
