3074 5054
174 385 239 452 ⁹258
545 377 680 445 ACTUS
703 379 1036 457 APOSTOLORUM,

220 575 272 637 57.
301 571 458 636 sto-edo
476 590 514 632 err
532 572 714 651 totocorde,
735 571 826 648 licet,
846 569 950 654 etc.⁴).
971 570 992 634 i.
1011 589 1039 634 e.
1060 569 1086 634 si
1104 569 1222 653 integro
1240 567 1355 648 corde,

175 691 319 758 nechota
343 691 403 757 fide
427 690 529 757 credis
554 711 604 767 ea,
624 712 703 779 quae
727 712 744 757 a
769 712 818 758 me
842 693 970 758 edoctus
995 712 1046 770 es,
1064 691 1142 756 nihil
1161 689 1262 756 obstat
1279 710 1357 778 quo-

67 852 70 858 ·
175 818 278 883 minus
302 816 403 882 statim
427 813 606 902 baptizeris.
627 853 671 863 -
691 814 870 902 Respondet
892 815 1071 903 Aethiops:
1092 816 1212 894 Credo,
1235 816 1356 904 inquit,

175 944 245 1008 lesu
274 939 389 1007 Christi
417 938 625 1017 divinitatem,
653 959 786 1027 eumque
819 959 887 1004 osse
912 939 1025 1005 Filium
1050 942 1108 1006 Dei
1135 941 1296 1030 profiteor.
1315 979 1360 990 -

175 1067 267 1132 Notat
290 1064 329 1130 ad
352 1063 435 1130 huno
459 1063 561 1128 locum
585 1063 747 1129 Cornelius
770 1083 786 1129 a
813 1063 953 1151 Lapide:
979 1093 992 1122 «
1017 1064 1113 1131 Multa
1137 1066 1213 1147 alia,
1234 1068 1358 1151 inquit,

176 1189 328 1257 credenda
353 1199 441 1267 sunt,
460 1199 493 1254 ut
516 1188 586 1274 quis
610 1186 700 1274 digno
721 1188 870 1275 suscipiat
894 1187 1102 1276 baptismum,
1121 1201 1155 1256 ut
1175 1190 1358 1276 mysterium

175 1315 209 1382 S.
224 1313 402 1388 Trinitatis,
420 1311 559 1378 Ecclesia
576 1309 753 1389 Catholica,
772 1311 916 1376 remissio
935 1323 1152 1399 peccatorum,
1172 1313 1360 1380 resurrectio

177 1441 298 1520 carnis,
328 1450 358 1506 et
382 1449 500 1519 cetera,
528 1457 607 1525 quae
634 1435 783 1522 Symbola
812 1439 992 1525 Apostolico
1021 1440 1229 1506 continentur.
1257 1441 1362 1524 Quare

177 1565 305 1633 dubiunr
331 1584 392 1628 non
417 1572 479 1640 est,
506 1581 542 1626 ea
564 1561 787 1646 evangelizasse
810 1561 1011 1650 Philippum,
1038 1575 1067 1629 et
1091 1563 1209 1630 credita
1232 1583 1301 1630 esse
1324 1564 1363 1631 ab

177 1687 340 1755 Eunucho.
365 1685 573 1773 Praecipuum
599 1704 672 1770 ergo
696 1684 862 1750 articulum
887 1685 926 1751 de
949 1686 1065 1753 Christi
1091 1674 1248 1754 divinitate
1272 1687 1364 1754 dum-

177 1824 258 1880 taxat
281 1812 333 1879 hio
350 1811 487 1876 nominat
503 1811 623 1889 Lucas,
639 1819 669 1874 et
684 1808 743 1875 suh
760 1828 796 1874 eo
822 1821 942 1895 ceteros
968 1810 1128 1898 intelligit;
1149 1812 1220 1899 quia
1238 1811 1264 1878 is
1282 1832 1364 1878 unus

179 1935 233 2003 toti
256 1934 324 2002 orbi
346 1944 411 2000 erat
434 1952 532 1999 novus
557 1943 587 1998 et
615 1952 694 2019 pene
715 1930 924 2012 incredibilis3
951 1953 1022 1999 eum
1047 1954 1120 2020 ergo
1148 1932 1264 2022 ubique
1288 1955 1364 2024 prae

176 2058 288 2126 ceteris
312 2057 531 2147 praedicabant
555 2067 584 2122 et
601 2056 798 2122 inculcabant
813 2056 968 2145 Apostoli.
989 2058 1139 2125 Similiter
1155 2079 1217 2125 non
1242 2069 1288 2126 est
1305 2059 1363 2126 du·

178 2182 281 2262 bium,
299 2181 482 2270 Philippum
505 2180 664 2266 exegisse,
683 2189 712 2244 et
730 2178 915 2246 Eunuchum
942 2180 1122 2248 exhibuisse
1138 2183 1226 2270 signa
1243 2182 1364 2250 doloris

179 2316 209 2370 et
224 2303 419 2372 contritionis
436 2304 474 2370 de
490 2303 624 2391 peccatis
644 2301 800 2369 admissis.
820 2303 881 2370 Hic
898 2304 980 2370 enim
998 2303 1087 2371 dolor
1105 2306 1276 2394 requiritur
1292 2319 1365 2373 ante

180 2428 385 2516 baptismum,
407 2439 440 2494 ut
456 2427 526 2515 quis
552 2427 592 2493 sit
615 2446 713 2515 capax
737 2427 930 2493 remissionis
954 2428 1135 2495 eorumdem
1162 2441 1191 2496 et
1215 2430 1366 2498 iustitica·

181 2552 318 2619 tionis.»
342 2550 391 2618 Cl.
417 2552 451 2618 S.
480 2554 558 2638 Aug.
586 2550 656 2616 Lib.
686 2552 722 2629 l,
749 2553 787 2615 de
810 2554 874 2634 fide
897 2564 926 2617 et
950 2555 1116 2637 operibus,
1144 2555 1220 2642 Cap.
1242 2555 1311 2622 8et
1329 2559 1363 2624 9.

225 2790 280 2856 58.
307 2790 542 2854 Descenderam
565 2800 696 2874 uterque
721 2793 755 2854 in
776 2787 920 2874 aquom).
940 2791 987 2855 Ex
1012 2789 1061 2856 his
1080 2790 1182 2877 colligi
1202 2811 1294 2878 posse
1320 2794 1367 2859 vi·

181 2914 289 2993 detur,
308 2914 494 2981 Eunuchum
516 2937 577 2998 per
602 2917 840 2981 immersionem
847 2965 859 2997 ,
880 2926 913 2981 ut
929 2916 1032 2994 aiunt,
1053 2915 1241 3004 baptismum
1258 2937 1368 2986 susce-

182 3037 277 3126 pisse.
293 3039 455 3118 Ceterum,
474 3039 585 3106 modus
610 3037 789 3107 conserendi
817 3038 1005 3126 baptismum
1031 3061 1081 3106 res
1106 3052 1152 3106 est
1176 3060 1279 3107 merae
1303 3041 1369 3108 dis-

183 3233 353 3242 ------

217 3355 235 3420 ι)
253 3354 317 3405 Vna.
338 3368 408 3405 sacr.
434 3354 581 3405 Versiculus
598 3353 629 3403 37
650 3354 751 3416 integer
796 3352 865 3403 edita
878 3355 916 3401 est
928 3352 954 3401 in
968 3351 1091 3402 Waltonii
1105 3351 1195 3402 bibliis
1207 3351 1368 3416 polyglottis.

183 3431 283 3492 abesta
303 3437 383 3490 Codd.
402 3437 524 3501 hBCfflI,
539 3437 680 3502 multisque
700 3437 750 3488 mi·
796 3434 875 3485 Porro
896 3434 1053 3484 versiculum
1073 3434 1143 3484 huno
1162 3434 1189 3484 iu
1209 3433 1370 3486 suiscodici·

184 3523 311 3574 nusculis.
334 3521 388 3573 Nec
413 3520 509 3584 legitur
536 3521 563 3570 in
587 3520 751 3571 versionibus
796 3519 845 3569 bus
859 3517 980 3581 legerunt
998 3518 1045 3570 SS.
1063 3519 1200 3580 irenaeus,
1221 3517 1370 3583 Cyprianus

184 3604 313 3670 antiquis,
336 3602 410 3669 Copt.
431 3603 520 3654 Sabidi
543 3602 680 3667 Aethiop.;
704 3615 752 3652 nec
797 3607 823 3654 et
835 3603 976 3660 Pacianus‚
990 3615 1102 3666 quorum
1118 3603 1196 3652 verba
1214 3601 1276 3652 citat
1288 3601 1370 3655 Saba·

184 3685 267 3738 lectus
284 3686 362 3736 suita
380 3685 407 3736 S.
425 3685 605 3750 Chrysostomo
626 3687 652 3736 et
671 3683 752 3734 Theo·
797 3685 887 3735 tierius
904 3683 945 3749 (ad
959 3684 984 3733 h.
999 3683 1036 3747 1.).
1056 3685 1187 3746 Legeruot
1203 3682 1301 3748 pariter
1322 3685 1371 3736 Oe·

185 3769 314 3837 phylacto.
329 3771 431 3833 integer
440 3782 502 3820 vero
514 3769 617 3832 legitur,
632 3766 677 3818 sad
691 3779 752 3817 cum
798 3767 933 3818 eumenius
945 3769 971 3816 et
984 3767 1014 3816 V.
1033 3765 1100 3816 Beda
1119 3765 1181 3830 (vid.
1195 3764 1283 3815 Sabat.
1294 3764 1329 3816 ad
1341 3763 1368 3817 h.

185 3853 271 3919 aliqua
292 3852 416 3903 varietate
438 3852 570 3913 lectionis,
597 3851 624 3900 in
651 3849 752 3900 codd
798 3851 836 3912 ll.
864 3850 950 3910 Quare
978 3850 1058 3899 nolim
1088 3849 1183 3899 babere
1208 3848 1370 3901 versiculum

186 3934 258 4000 (Cod.
269 3935 290 3985 D
302 3934 349 3986 bac
358 3938 431 4000 parte
443 3933 552 3985 mutilus
561 3936 612 3992 est;
624 3935 649 3982 et
660 3930 721 3980 Cod.
734 3928 752 3979 F
800 3933 873 3983 illum
883 3946 930 3998 pro
941 3932 1108 3997 interpolato;
1121 3931 1273 3997 praesertim
1284 3945 1369 3997 quum

186 4017 297 4069 nonnisi
311 4031 392 4083 pauca
402 4016 529 4082 quaedam
538 4016 603 4067 sacri
615 4017 754 4066 contextus
799 4015 911 4079 speciem
925 4013 1083 4076 glossematis
1100 4013 1244 4078 cuiuspiam
1258 4013 1370 4064 nullate·

187 4099 332 4163 fragmenta
350 4098 484 4164 continet),
505 4102 530 4148 et
553 4097 578 4146 in
601 4093 753 4146 Minusculis
800 4110 850 4145 nus
863 4096 965 4147 reserat.
986 4097 1054 4147 Talia
1073 4098 1143 4148 enim
1161 4100 1223 4146 sunt
1240 4109 1308 4161 quae
1321 4094 1371 4148 hoc

188 4196 240 4233 non
264 4181 366 4246 paucis,
387 4195 453 4247 quos
472 4183 590 4231 recenset
608 4177 751 4230 Scholzius.
799 4181 1081 4242 commanducatur,
1101 4185 1130 4231 ut
1150 4180 1291 4231 dramatico
1305 4179 1371 4232 rele-

188 4263 294 4326 Legitur
313 4264 375 4321 item
396 4264 424 4313 iu
440 4262 604 4313 versionibus
624 4259 752 4325 antiquis,
800 4268 860 4315 rant
882 4279 935 4315 rem
959 4268 1056 4328 gestam
1075 4264 1107 4315 ab
1126 4264 1252 4315 Eunucho
1264 4269 1291 4316 et
1304 4263 1370 4315 Phi.

187 4347 267 4411 Itala,
280 4347 385 4413 Syriaca
400 4346 468 4413 (oum
480 4345 620 4411 asterisco),
634 4344 755 4408 Vulgata,
799 4345 881 4413 lippo,
904 4347 984 4413 Atqui
1003 4348 1129 4399 eiusmodi
1149 4360 1202 4399 non
1214 4349 1290 4409 sunt,
1302 4358 1371 4412 quaa

188 4431 341 4494 armenica,
355 4429 504 4491 slavonica,
516 4431 543 4481 et
554 4428 679 4496 Arabica,
688 4438 755 4491 quac
800 4433 1002 4493 cognoscuntur,
1016 4429 1178 4494 glossemata.
