3074 5054
532 249 560 300 0

186 404 254 472 588
533 400 668 469 AGTUS
714 398 1047 480 APOSTOLORUM,

183 598 401 663 malacrornm
418 595 660 681 inquinamenta
684 589 737 658 hic
761 590 958 679 inlelligenda
974 591 1053 674 sint,
1069 592 1199 662 dubium
1223 616 1286 664 nun
1304 607 1374 678 est,

183 737 280 808 quum
304 717 411 785 eadem
436 735 506 784 mox
523 714 615 799 (inira
631 733 678 780 vs.
704 710 764 798 99)
789 723 938 780 vocentur
957 708 1141 777 ειδωλοθυτα
1158 713 1244 802 (scil.
1263 717 1373 807 κρεα),

181 843 278 906 idolis
305 841 487 906 immolatae
515 859 640 905 carnes.
671 837 706 903 ln
736 836 892 903 locutione
919 834 1119 926 αλῐσγηματα
1146 861 1206 901 των
1233 834 1374 903 udaian

181 965 415 1035 Geuilivus-esl
440 964 580 1031 Subiecti
595 987 605 1028 :
621 981 656 1029 ea
680 984 760 1047 qnae
788 964 874 1028 idola
904 964 1170 1047 inquinaverunt,
1196 964 1373 1050 inquinata

176 1107 238 1170 per
255 1089 353 1153 idola.
372 1123 416 1136 -
431 1087 472 1150 Το
489 1106 611 1149 cucuron
627 1085 817 1168 suffocatam
824 1134 837 1168 ,
852 1083 967 1152 dicitnr
982 1088 1120 1170 animal,
1140 1096 1215 1176 pola
1230 1106 1248 1153 e
1264 1087 1372 1156 mino·

179 1206 285 1291 ribus,
303 1212 374 1276 sine
391 1211 556 1276 emissione
571 1210 738 1292 sananinis
753 1210 904 1275 occisam.
925 1212 1051 1277 Praeter
1066 1234 1100 1276 το
1118 1234 1240 1275 necarer
1258 1232 1372 1280 recen·

178 1345 265 1430 satur
288 1334 381 1402 eliam
401 1357 435 1399 το
457 1336 537 1419 αἱμα
564 1336 713 1417 solennis,
738 1353 800 1421 quo
824 1333 1004 1422 inlelligiluu·
1027 1337 1145 1419 effusas
1173 1337 1370 1405 animalium

178 1467 390 1524 mactatarum
406 1459 549 1542 sanquis,
569 1475 768 1544 quocumque
785 1454 910 1523 demum
927 1455 1021 1524 mado
1036 1457 1075 1525 ah
1093 1455 1218 1525 homine
1234 1456 1371 1526 haustus

178 1591 231 1648 aul
254 1589 422 1648 comestus.
441 1578 619 1668 Deniquei
642 1601 763 1671 πορνεια
785 1580 919 1646 sumitur
944 1579 1014 1661 hic,
1040 1602 1132 1648 sensu
1157 1580 1251 1649 huius
1275 1583 1367 1651 vacis

178 1701 291 1784 obuio,
313 1704 352 1768 de
372 1705 588 1789 fornicatione
615 1721 708 1791 quarn
735 1705 914 1788 simplicem
943 1702 1096 1792 Theologi
1124 1715 1245 1772 vacant.
1274 1707 1368 1773 Hane

179 1826 318 1896 Gentiles
337 1847 393 1917 pro
407 1847 441 1894 ne
457 1822 615 1919 αδιαφορῳ
633 1824 797 1894 habebant.
816 1829 891 1896 Non
908 1839 955 1893 ecl
968 1809 1143 1913 sinaitinnc,
1158 1831 1242 1894 milei
1258 1833 1364 1915 crede,

178 1953 445 2018 adolescentulum
460 1954 616 2032 scortari,
633 1951 675 2017 ait
691 1950 786 2018 Micio
802 1951 885 2040 apud
901 1952 1081 2021 Terentium
1099 1950 1247 2040 (Adelph.
1268 1957 1282 2018 l
1299 2002 1308 2032 ,
1327 1955 1365 2035 2,

176 2077 246 2161 el).
261 2075 332 2142 Alia
349 2074 524 2142 lestimunia
541 2073 664 2162 collegit
680 2075 809 2144 Grotius
826 2075 866 2142 ad
881 2077 952 2143 Act.
970 2077 1034 2145 XV
1054 2101 1061 2143 :
1081 2079 1137 2144 20.

223 2195 369 2265 Solebam
392 2196 552 2278 GentileS,
579 2195 734 2264 sacrificio
762 2209 887 2286 peracta
910 2201 1122 2288 concessaque
1145 2197 1365 2268 sacerdotibus

178 2320 299 2391 oblatae
320 2321 462 2389 victimae
483 2333 590 2411 paule,
614 2341 654 2388 cx
677 2322 824 2391 carnibus
846 2323 980 2392 residuis
1008 2323 1127 2412 epulari
1152 2343 1224 2391 cum
1249 2324 1364 2392 amicis

178 2428 244 2516 sue
266 2448 298 2516 ln
321 2447 393 2515 lano
417 2444 570 2534 (scansus.
596 2446 690 2535 Vulg.
716 2451 751 2513 n
776 2450 885 2514 scola.
908 2449 1012 2516 mos.
1031 2449 1134 2517 vul:
1155 2451 1224 2534 lc),
1245 2449 1313 2517 sive
1330 2450 1362 2516 n

177 2573 306 2642 aedibus
319 2574 460 2663 privatis.
475 2572 655 2641 Istiusmodi
672 2570 917 2659 idolothytarum
933 2593 989 2640 esu
1004 2573 1141 2640 Musaica
1158 2572 1225 2660 lege
1241 2572 1360 2654 (Excd.

177 2704 349 2774 XXXIV:
371 2705 428 2791 lo)
452 2701 574 2770 ludaeis
598 2701 798 2770 interdictum
821 2712 898 2769 eral.
925 2702 1042 2769 Eadem
1064 2701 1360 2793 tegernseensium

175 2838 241 2896 eral
256 2827 412 2896 abstinere
426 2847 445 2895 a
460 2827 609 2914 sanguine
633 2836 685 2893 aut
707 2826 857 2894 suffocata
882 2827 995 2916 (Levil.
1016 2828 1062 2893 ΙΙΙ
1080 2853 1089 2891 .·
1110 2829 1173 2905 17;
1192 2826 1254 2894 Vll
1270 2847 1278 2890 ε
1295 2828 1360 2904 263

175 2951 294 3019 XVll:
316 2953 376 3031 15,
398 2949 466 3039 lt).
493 2951 594 3017 Causa
610 2948 765 3016 interdicti
782 2960 865 3029 erat,
892 2952 967 3034 quein
982 2951 1095 3016 anima
1111 2952 1219 3016 curnis
1237 2952 1274 3017 in
1290 2971 1364 3016 scn-

173 3080 271 3160 9nine
287 3087 346 3142 est.
365 3075 466 3147 Levil.
484 3076 595 3146 XVlll
614 3094 622 3136 t
644 3075 707 3156 ll).
733 3074 885 3142 Peculiari
911 3073 1017 3142 itidem
1035 3074 1102 3163 lege
1119 3073 1278 3164 prohibita
1296 3085 1364 3142 erat

175 3198 340 3267 fornicatio
354 3199 499 3291 (Denter.
517 3199 630 3265 XXlll
650 3217 657 3260 :
679 3197 745 3277 17),
757 3244 759 3250 ,
772 3217 884 3287 quarn,
901 3209 935 3265 ut
959 3199 1019 3265 iam
1044 3197 1126 3276 dixi,
1145 3197 1286 3267 Gentiles
1303 3217 1363 3286 pro

175 3341 209 3388 ue
228 3317 389 3415 αδιαφορῳ
411 3319 575 3390 habebant.
603 3320 663 3389 Sed
685 3341 745 3388 uon
769 3321 843 3388 satis
867 3320 983 3410 liquet,
1010 3332 1044 3388 ul
1065 3320 1142 3387 mihi
1165 3319 1363 3410 quidamvi-

175 3446 279 3529 delur,
298 3445 373 3536 quid
386 3466 498 3515 causae
510 3447 604 3514 lueril
616 3467 673 3514 cnr
689 3446 822 3514 lacobus
840 3457 998 3536 tamquam
1015 3446 1136 3514 vilauda
1153 3445 1192 3512 ab
1208 3443 1363 3512 Elhnieu·

176 3569 362 3639 Christianis
378 3582 512 3660 quatuor
524 3570 577 3639 illa
594 3568 875 3659 (idolothytorum,
894 3571 1034 3639 suffocati
1051 3581 1082 3638 el
1096 3569 1254 3655 sanguinis
1270 3589 1361 3638 esum

177 3762 372 3776 Ἣ..-

171 3867 244 3920 drini
254 3867 402 3920 formarunt
412 3845 532 3938 αλισγω
548 3875 575 3924 eu
594 3845 740 3940 αλισγεω,
788 3862 876 3925 ducta,
889 3861 1048 3929 inquinare,
1067 3863 1259 3914 contaminare.
1274 3862 1361 3916 Adhi-

175 3965 243 4018 quue
256 3962 387 4018 nusquam
405 3948 434 3998 in
448 3946 573 4000 Veterum
583 3947 687 4014 seriptis
699 3960 743 4000 re·
788 3943 866 3997 hatur
876 3943 910 3996 ab
922 3944 1067 4010 lulerpuele
1079 3943 1199 3996 Danielis
1210 3944 1272 4010 Cap.
1284 3945 1294 3996 l
1308 3958 1314 3994 :
1326 3947 1360 3997 8:

174 4037 248 4100 pena
257 4036 329 4094 sunl,
338 4032 522 4098 praeterquam
532 4030 559 4081 in
567 4029 743 4083 Alexandrina
790 4016 829 4086 ὡς
843 4036 885 4099 μη
901 4008 1064 4102 dinamio,
1081 4033 1110 4078 nl
1121 4040 1153 4079 ne
1170 4027 1362 4093 ircqnirmrelur

175 4117 302 4168 versione.
336 4111 481 4179 Hesychius
516 4116 601 4165 lamen
642 4115 744 4178 oporiet
789 4115 1358 4181 oibisdomensaregiadelalis;elMalacl.

177 4197 304 4265 repererit
339 4195 509 4261 Participium
548 4176 741 4270 nlscyonres,
789 4200 799 4251 l
827 4214 834 4250 τ
864 4201 889 4262 7,
919 4199 1044 4251 dicuntur
1069 4200 1098 4250 in
1126 4198 1207 4250 altura
1234 4199 1361 4252 obtulisse

176 4288 247 4355 quod
259 4287 307 4354 ipsi
320 4287 438 4339 redditur
447 4268 640 4357 μολυνοντες,
658 4294 745 4356 μιαι-
790 4289 897 4358 nerone
933 4264 1164 4356 ηλισγημενους.
1206 4293 1219 4324 s
1258 4281 1361 4334 Videsis

177 4385 287 4437 νοντες.
307 4373 472 4438 significavit
487 4373 576 4439 itaque
588 4370 744 4423 vocabulum
789 4371 868 4424 eliam
887 4370 1037 4433 slurzium,
1055 4371 1093 4423 De
1107 4369 1219 4422 dialecto
1230 4369 1360 4422 Macedo·

176 4456 259 4522 illud,
280 4457 387 4511 notione
409 4453 564 4509 secundaria
582 4466 598 4506 a
617 4453 745 4506 uoluendo
789 4453 885 4506 nicaei
900 4452 1101 4514 Alencndrlna,
1114 4451 1129 4518 ς
1141 4454 1181 4516 le,
1195 4451 1266 4504 adh.
1281 4466 1308 4504 v.
