3074 5054
432 417 570 486 CAPUT
605 418 688 496 Xll,
725 417 847 486 Vnus.
886 417 1010 483 7-10.
1240 414 1305 481 515

120 626 226 686 more,
240 607 344 673 tunica
360 605 462 672 talari.
478 606 567 671 Hanc
583 603 744 671 collectam
761 602 885 690 cingulo
898 601 936 668 ad
953 600 1077 668 lumbos
1093 599 1305 686 constringere

120 731 279 813 solebant,
301 732 327 798 si
353 728 560 798 incedendum
585 739 678 796 esset.
705 731 818 796 Petrus
842 738 964 806 autem,
987 714 1087 792 laxato
1112 725 1254 812 cingulo,
1273 723 1305 789 in

80 849 87 861 ’
120 874 248 922 carcere
266 853 398 921 iacuerit
413 853 516 920 tunica
532 852 570 919 ad
590 851 684 940 pedes
701 871 801 939 nsque
816 850 963 918 demissa.

166 988 199 1043 et
219 980 322 1044 calcea
348 987 377 1042 te
400 979 518 1061 caligas
544 976 642 1063 taos).
662 977 805 1045 Graece:
824 971 975 1046 ὑποδησαι
993 975 1086 1062 (lmp.
1106 973 1184 1038 Aer.
1203 969 1306 1058 Med.)

118 1101 243 1184 sodlipa
267 1102 327 1166 tibi
341 1123 381 1164 τα
397 1095 551 1164 sandalia
569 1123 642 1179 cce,
661 1102 808 1165 sandalia
831 1109 905 1179 tne,·
923 1117 984 1185 qua
999 1116 1077 1164 voce
1093 1095 1306 1182 intelliguntur

119 1225 224 1293 soleae
247 1226 383 1314 plantam
400 1225 487 1315 pedis
512 1235 666 1313 tegentes,
686 1243 766 1314 quae
782 1223 929 1291 tuniculis
945 1241 1080 1311 superne
1102 1219 1235 1310 pedibus
1251 1218 1306 1285 ad·

120 1349 312 1436 ligabantur.

167 1472 341 1539 circumito
359 1475 434 1555 tibi,
454 1482 541 1563 etc).
569 1475 690 1543 Graece
714 1469 882 1563 περιβαλου
899 1474 993 1558 (lmp.
1013 1472 1088 1536 dor.
1109 1469 1130 1535 ἓ
1154 1465 1258 1553 Med.)
1274 1489 1307 1529 το

122 1603 243 1683 {panor
260 1620 334 1677 σου,
358 1597 443 1685 quod
468 1597 592 1685 Belgica
616 1597 789 1666 reddideris
808 1621 816 1662 :
835 1599 882 1662 sla
898 1617 989 1662 nmen
1005 1595 1124 1658 montel
1139 1613 1203 1656 orn.
1221 1591 1308 1675 ‘Ipa-

119 1740 183 1782 τιον
206 1719 351 1788 universe
376 1719 501 1808 quidem
525 1724 563 1785 de
586 1742 779 1808 quaecamque
803 1732 885 1787 veste
907 1718 1081 1797 dicebatur,
1107 1714 1215 1781 sedet
1236 1733 1307 1801 spe·

119 1843 227 1912 ciatim
243 1847 281 1909 de
294 1847 414 1927 pallio,
434 1844 518 1932 quod
535 1844 654 1911 tunicae
671 1844 756 1912 inlici
774 1844 905 1912 solebat.
933 1839 1097 1907 Ακολουθει
1113 1846 1307 1905 contractum

120 1978 169 2032 est
187 1986 226 2033 ex
243 1963 412 2030 analecta.

167 2206 202 2271 9.
229 2205 273 2269 Et
288 2207 395 2269 eniens
418 2205 604 2290 sequebatur
620 2225 709 2284 eane,
723 2217 753 2271 et
766 2208 937 2284 nesciebat,
956 2215 1043 2296 etc).
1063 2206 1193 2274 lndulus
1211 2229 1307 2297 quum

120 2339 221 2407 esset,
240 2349 258 2394 e
274 2347 397 2395 carcere
421 2351 562 2412 egressas
585 2326 744 2412 (εξελθων),
768 2330 1003 2417 praecedentem
1019 2333 1173 2419 Angelum
1196 2336 1307 2401 Petrus

119 2452 323 2539 sequebatur.
344 2454 464 2519 lnterea
480 2463 581 2520 autem
598 2454 700 2521 animo
725 2454 766 2520 ita
789 2464 985 2543 comparatus
1008 2465 1091 2535 erat,
1119 2466 1151 2524 ot
1175 2477 1236 2523 non
1260 2458 1307 2523 in-

121 2574 274 2662 telligeret
297 2592 350 2651 ea,
376 2595 456 2664 quae
480 2575 593 2642 fiebant
617 2596 674 2665 per
698 2576 869 2664 Angelum,
895 2597 1004 2666 reapse
1025 2577 1112 2657 fieri,
1140 2579 1195 2645 sed
1220 2579 1304 2647 vide·

119 2709 210 2766 retur
233 2699 294 2766 sibi
315 2698 421 2765 videre
445 2700 545 2766 visum
568 2700 711 2789 aliquod,
738 2701 828 2789 quale
852 2700 935 2768 haud
960 2703 1000 2768 ita
1025 2701 1146 2791 pridem
1176 2703 1306 2771 viderat.

121 2828 164 2893 Et
175 2825 346 2913 permansit
361 2827 471 2891 Petrus
489 2825 519 2889 in
537 2844 573 2891 eo
596 2825 708 2891 mentis
737 2835 816 2891 statu
847 2825 938 2891 etiam
967 2827 1041 2894 dum
1069 2827 1199 2907 fierent,
1229 2848 1308 2916 quae

121 2947 265 3036 sequenti
289 2947 444 3015 versiculo
460 2957 656 3027 enarrantur,
675 2959 709 3014 ut
725 2967 763 3013 ex
780 2967 826 3014 νε.
848 2951 884 3014 ll
910 2949 1077 3037 colligitur.
1095 2989 1138 2999 -
1156 2951 1305 3033 Diceres‚

121 3090 178 3138 eos
201 3090 359 3138 carcerem
384 3070 518 3136 exivisse
538 3091 600 3137 non
622 3070 745 3137 recluso
770 3071 868 3150 ostio,
888 3092 984 3159 quum
1009 3093 1082 3139 mox
1106 3091 1164 3158 [νε.
1193 3075 1245 3155 lu)
1269 3074 1307 3141 de

117 3206 219 3279 porta
245 3198 354 3279 ferrea
381 3194 502 3261 dicatur
527 3193 610 3281 quod
635 3194 712 3261 haec
735 3173 821 3262 altro
849 3199 912 3262 tttts
939 3200 1038 3281 faerit
1067 3209 1190 3281 operto.
1216 3198 1307 3282 Quod

119 3323 147 3388 si
167 3320 207 3387 ita
232 3339 282 3387 res
299 3341 333 3386 se
348 3319 476 3399 habeat,
490 3319 620 3385 alterum
637 3318 689 3386 hic
705 3322 764 3387 erit
780 3322 957 3411 exemplum
976 3332 1100 3390 mutuae
1117 3343 1306 3410 corporum,
1403 3317 1405 3322 ’

119 3453 294 3520 atrocem,
312 3444 660 3527 compenetrodititatts.
676 3444 803 3511 Videsis
819 3446 936 3512 Lucam
954 3447 1145 3532 Brugensem
1162 3444 1200 3511 ad
1217 3446 1304 3512 loan.

120 3572 187 3638 XX
207 3595 214 3637 :
237 3572 296 3649 l9,
315 3579 345 3635 et
361 3566 500 3636 Maldon.
520 3568 550 3634 in
568 3567 673 3635 eumd.
698 3568 760 3637 loc.

171 3828 225 3894 lli.
253 3825 469 3889 Transeuntes
492 3834 597 3890 autern
619 3828 761 3908 prienam
785 3837 813 3890 et
834 3823 1021 3908 secandam,
1040 3822 1132 3909 etc).
1150 3826 1207 3892 Gr.
1227 3819 1308 3887 διελ-

120 3951 219 4024 Θοντες
244 3944 295 4026 de,
314 3969 386 4012 cana
407 3951 648 4030 praeteriissent
671 3949 801 4016 militem
825 3949 985 4016 custodem
1009 3948 1165 4037 primum,
1184 3956 1213 4012 et
1234 3948 1306 4014 item

121 4070 295 4140 secundum
312 4070 395 4158 (vide
407 4091 502 4159 supra
518 4071 557 4138 ad
573 4092 619 4138 νε.
635 4071 684 4161 l),
704 4071 909 4140 veneruntad
926 4081 1046 4160 portani
1064 4069 1209 4149 lerneam,
1228 4088 1308 4157 qoae

121 4198 208 4266 ducit
232 4197 270 4265 ad
295 4198 468 4279 civitatem3
497 4218 575 4286 quae
599 4209 687 4286 porta
710 4195 801 4286 (ἡτις)
824 4196 886 4263 illis
908 4196 1005 4284 patuit
1028 4218 1205 4280 αυτοματη,
1224 4195 1257 4258 la.
1277 4215 1304 4256 e.

122 4347 182 4390 saa
198 4333 331 4408 sponte,·
349 4334 437 4412 pota,
457 4322 578 4391 reclusa
594 4343 611 4390 a
628 4324 714 4403 Deo,
732 4334 763 4390 et
778 4322 955 4389 immediate
971 4320 1096 4408 quidem
1114 4319 1181 4384 sine
1198 4318 1307 4404 Angeli

126 4446 318 4529 ministerio,
333 4466 429 4536 quum
446 4445 567 4514 dicatur
584 4465 639 4513 sna
656 4456 765 4535 sponte
785 4446 922 4534 patuisse
940 4448 1020 4510 iltis.
1038 4445 1118 4512 Sunt
1133 4442 1186 4510 hic
1205 4442 1307 4509 omnia
