3074 5054
525 421 664 489 CAPUT
698 421 796 500 Xlll‚
834 418 955 489 VERS.
995 421 1028 484 l.
1295 416 1360 483 otu

178 611 351 700 urgendus3
376 622 544 700 suppetunt
562 611 622 678 alia
638 631 698 678 non
715 629 833 699 pauca,
852 627 930 698 quae
948 607 1077 675 validius
1094 626 1160 672 rem
1176 604 1358 672 conficiunt.

222 735 312 801 nteit
340 736 407 800 illis
430 735 577 818 Spiritus
601 736 736 801 Sanctus
750 761 758 798 .·
776 734 942 818 Sep-epate
958 733 1057 814 rraihi,
1082 729 1169 810 etc).
1196 730 1274 794 Puta
1290 727 1360 816 Spi-

120 902 123 909 ,
176 860 272 926 ritum
288 860 432 926 Sanctum
458 858 518 926 hoo
542 859 658 926 dixisse
677 864 804 924 interno
831 860 1004 939 locutione,
1024 856 1089 922 sive
1104 856 1237 920 ntentnli
1256 855 1359 928 uerbo,

177 985 232 1051 uni
255 994 307 1050 aut
327 983 468 1073 pluribus
493 1005 531 1050 ex
553 983 639 1051 hisee
661 985 755 1063 viris,
782 984 834 1071 qni
856 982 995 1049 divinum
1025 979 1086 1047 ltoo
1110 979 1285 1046 mandatum
1308 999 1359 1045 ce-

179 1108 254 1175 teris
279 1120 385 1176 notum
409 1108 555 1177 lacerent.
583 1111 751 1192 Seprrpote
767 1111 867 1191 milri,
884 1108 941 1175 Gr.
961 1128 1127 1198 αφορισατε
1144 1101 1181 1179 δη
1198 1129 1261 1190 μοι.
1281 1104 1360 1170 Ver·

177 1231 253 1299 bum
282 1234 432 1322 αφοριζειν
460 1232 491 1297 in
522 1229 579 1298 hac
607 1232 745 1298 oratione
771 1231 846 1297 mihi
875 1229 997 1296 videtur
1025 1229 1141 1295 referre
1169 1227 1358 1294 Hebraioum

175 1368 246 1428 *³373
269 1355 371 1444 (Hikt.
399 1375 416 1422 a
440 1370 482 1441 at?
506 1359 689 1443 separavit),
709 1355 792 1444 quod
805 1355 843 1421 de
859 1357 1081 1420 oortsecrottdo²
1099 1352 1245 1441 quopiam
1261 1355 1360 1418 alicui

177 1478 307 1546 dieitur.
324 1478 399 1550 Vid.
418 1481 548 1547 Numer.
568 1483 643 1568 Gap.
664 1482 707 1546 Vl
727 1501 735 1540 :
755 1483 787 1547 5.
807 1483 915 1568 ltaque
939 1479 1128 1568 putaverim,
1147 1497 1273 1544 sensum
1290 1497 1358 1543 ter·

178 1604 292 1672 borum
310 1609 588 1689 seprepntemilri,
613 1626 681 1672 esse
702 1605 784 1673 huno
804 1626 810 1666 :
834 1615 1016 1672 ceraseorote
1040 1605 1137 1681 milti,
1165 1602 1284 1669 scilicet
1306 1621 1362 1690 per

177 1728 438 1794 consecratricem
468 1746 613 1794 mannum
642 1727 888 1816 impositionem,
914 1727 1050 1793 Scotum
1067 1737 1097 1791 et
1112 1727 1296 1792 Borunltom
1313 1724 1359 1804 (in

178 1851 382 1941 Episcopos),
400 1864 436 1919 ut
458 1857 553 1938 funpi
572 1857 746 1937 possintne
763 1856 938 1919 mittisterio
957 1850 1014 1932 (εις
1030 1876 1063 1915 το
1080 1853 1200 1942 oppon),
1220 1855 1260 1917 ael
1276 1855 1359 1938 quod

177 1983 410 2061 praestandum
432 2001 485 2061 epo
514 1981 585 2044 illos
613 1981 695 2043 mitt
722 1981 808 2061 alepi.
831 2016 873 2026 -—
893 1977 973 2044 Illud
996 1999 1073 2061 opus
1101 1985 1145 2067 (το
1169 1975 1270 2067 oppon)
1294 1977 1359 2042 sive

178 2103 385 2169 ministerium
416 2113 496 2169 erat¹
505 2104 703 2186 praedicatio
731 2103 917 2185 Eonnpelii,
941 2105 1134 2185 praesertim
1163 2105 1247 2166 inter
1278 2100 1359 2166 Gen-

180 2227 264 2292 tiles.
294 2224 342 2290 Ad
371 2224 431 2291 hoo
458 2225 663 2291 ministerium
692 2224 908 2313 praestandum
935 2227 1080 2308 proniore
1112 2244 1129 2288 a
1160 2225 1227 2289 Deo
1259 2222 1359 2288 vocati

178 2351 302 2417 fuerant
329 2362 390 2417 tam
419 2350 530 2418 Saulus
555 2371 647 2438 quam
676 2350 844 2416 Barnabas.
871 2351 909 2415 tn
933 2348 971 2414 de
994 2349 1078 2415 Sauli
1104 2347 1229 2435 quidem
1254 2347 1358 2414 istius-

128 2471 134 2481 '
179 2474 265 2541 modi
306 2475 465 2541 vocatione
503 2473 626 2541 aliunde
664 2484 805 2554 constat3
848 2473 896 2539 Gi.
934 2492 1028 2560 supra
1051 2473 1127 2560 Cap.
1170 2473 1218 2537 lX
1252 2494 1259 2535 :
1297 2473 1354 2551 153

178 2599 194 2664 Ι
222 2597 363 2664 Timoth.
393 2599 469 2687 Cap.
497 2600 526 2665 ll
554 2624 561 2665 :
591 2601 630 2679 73
662 2600 751 2665 Rom.
779 2600 855 2687 Cap.
881 2599 944 2666 XV
974 2619 982 2659 ε
1011 2600 1073 2676 tn,
1105 2600 1163 2677 to;
1191 2598 1260 2666 Gal.
1291 2598 1318 2663 ll
1347 2622 1354 2662 :

179 2723 220 2801 8,
251 2725 290 2800 93
319 2723 493 2789 Barnabam
519 2734 620 2789 autem
648 2722 685 2789 ad
714 2722 929 2811 Apostolatnm
957 2722 1052 2788 luisse
1079 2722 1221 2810 proxime
1247 2741 1264 2787 a
1288 2723 1356 2788 Deo

180 2856 342 2925 vocatum,
366 2848 390 2914 si
416 2869 476 2913 non
497 2847 637 2924 aliunde,
664 2858 747 2913 certe
768 2868 804 2912 ex
827 2848 979 2935 praesenti
1003 2848 1139 2935 Spiritus
1163 2847 1266 2914 Sancti
1290 2867 1359 2913 ona·

179 2968 253 3036 culo
270 2969 460 3058 intelligitur.
476 2970 519 3018 —-'
536 2971 646 3037 Obiter
660 2981 746 3049 nota,
766 2970 889 3036 firmum
912 2991 948 3036 ex
973 2969 1032 3038 hno
1056 2970 1123 3036 loco
1144 2980 1357 3057 argumentum

180 3093 254 3160 dttoi
284 3115 375 3183 posse
403 3096 440 3163 ad
469 3095 657 3184 probandam
686 3095 821 3185 Spiritus
850 3095 882 3162 S.
914 3095 1162 3183 personalitatem
1191 3107 1220 3160 et
1247 3095 1360 3161 divini-

182 3232 287 3286 tatem.
306 3260 350 3269 —
363 3222 517 3289 Partionla
541 3218 577 3295 δη
600 3233 670 3310 post
695 3223 912 3310 lmperativnm
938 3243 1101 3312 αφορισατε
1118 3231 1164 3287 est
1180 3220 1231 3286 hio
1248 3222 1360 3304 impul*

183 3347 276 3408 lentis
303 3344 341 3411 ad
370 3364 435 3410 rem
463 3348 534 3410 sine
557 3368 648 3410 otoro
678 3345 860 3412 faciendam.
890 3345 1043 3412 Scribitur
1071 3357 1172 3411 antem
1195 3349 1209 3406 'o
1233 3365 1360 3432 προσκε-

182 3464 296 3552 alapas
325 3489 381 3556 pro
409 3490 481 3557 προς
509 3474 524 3532 0‘
554 3467 714 3554 κεκλημαι.
745 3470 869 3536 Scilicet
897 3469 1025 3537 Graecis
1054 3479 1083 3534 et
1110 3468 1243 3547 Latinis,
1275 3467 1358 3557 quod

183 3600 269 3657 notat
294 3590 518 3658 Valckenarius
541 3591 590 3678 (ad
612 3591 643 3656 ln.
664 3590 716 3676 1.),
746 3595 818 3657 satis
846 3592 990 3658 usitatum
1019 3603 1080 3670 est,
1110 3601 1144 3657 ut
1170 3591 1276 3658 Verbo
1305 3590 1358 3657 ad·

184 3715 310 3800 iungant
322 3715 600 3803 Praepositionom,
619 3735 698 3803 qnae
715 3735 786 3781 oum
805 3715 938 3781 Nomine
954 3715 1005 3795 sit,
1021 3714 1068 3780 vel
1084 3714 1272 3780 Prennmine
1285 3734 1358 3779 oon—

182 3837 341 3903 strnenda.
370 3835 462 3902 Dedit
484 3838 514 3901 in
539 3856 606 3901 eam
631 3857 695 3902 roan
721 3836 935 3924 exemplorum
958 3837 1073 3903 affatim
1100 3832 1293 3903 Abresehius
1320 3834 1358 3901 ad

184 4019 380 4028 ...----.-

220 4135 236 4200 ¹)
247 4135 311 4185 van,
322 4134 532 4185 LaenPostetne
544 4131 747 4194 tegttnruurou
794 4137 821 4186 in
842 4135 1104 4201 Septuaginta-rimu
1123 4135 1241 4186 versione
1257 4135 1358 4186 nonita

183 4209 210 4259 in
235 4208 297 4260 Cod.
320 4209 354 4269 E.
378 4222 488 4274 eamque
517 4222 606 4260 vocem
628 4209 748 4272 legerunt
794 4232 852 4270 raro
873 4218 906 4270 de
926 4220 1103 4269 consecrando
1131 4232 1179 4282 per
1200 4218 1357 4269 oblationem

184 4293 507 4358 etiamnostorlnterpres
523 4296 549 4344 et
567 4293 747 4358 SyrusGlos-
794 4304 897 4354 dicitur,
930 4303 1055 4368 Exempla
1083 4303 1179 4368 passim
1206 4307 1356 4354 occurrunt.

184 4391 254 4428 sema
267 4377 327 4428 olet.
795 4387 859 4438 Vide
878 4388 958 4438 Num.
976 4387 1056 4438 lell
1071 4402 1077 4437 :
1094 4385 1135 4437 tl.
1154 4386 1246 4440 Ezeoh.
1269 4388 1355 4441 xtv:

223 4460 243 4524 ²)
263 4460 350 4526 Ipsum
380 4459 427 4511 noo
457 4460 570 4512 sernum
599 4447 748 4535 αφοριζειν
797 4472 821 4530 t,
838 4469 1111 4533 tamnvntzaao.
