3074 5054
233 399 298 466 llll
585 394 718 462 ACTUS
751 395 1080 478 APOSTOLORUM,

230 609 369 662 τηντησεν
392 609 432 660 εις
452 583 595 676 Εφεσον),
625 587 860 670 incoeperatque
881 586 924 652 ibi
952 609 1066 670 mopna
1095 588 1237 656 libertate
1264 589 1304 656 de
1332 593 1405 659 lesu

231 715 316 799 loqui
329 707 448 803 (ηρξατο
470 707 738 800 παρρησιαζεσθαι)
759 710 789 776 in
814 730 976 799 synagoge.
1002 713 1101 797 Quem
1125 735 1220 802 quum
1246 714 1405 783 disseren-

230 846 290 902 tem
314 835 356 902 ibi
380 834 536 902 audissent
558 830 673 920 Aquila
694 845 723 899 et
744 833 902 912 Priscilla,
923 833 1078 902 hominem
1103 838 1164 902 eibi
1182 840 1405 905 adiunxerant

228 954 469 1048 (προσελαβοντο
491 959 567 1024 Aor.
592 955 702 1038 Meo),
732 957 822 1045 eique
843 957 1013 1026 doctrinam
1035 959 1240 1028 Christianam
1260 966 1404 1030 annarias

228 1081 470 1177 (ακριβεστερον)
485 1095 705 1173 exposuerunt.

271 1209 344 1277 Vox
363 1206 461 1298 loprae
482 1218 512 1273 et
533 1210 658 1273 doctum
683 1206 852 1294 significat,
876 1217 906 1274 et
927 1211 1118 1293 eloquentem
1125 1234 1141 1292 5
1158 1208 1212 1275 sed
1229 1210 1402 1298 posteriore

228 1331 287 1400 hoe
307 1352 400 1399 sensu
421 1331 603 1399 vocabulum
627 1329 679 1397 hie
702 1330 884 1398 sumendum
909 1341 972 1411 est,
997 1352 1090 1420 quum
1120 1331 1158 1399 de
1179 1329 1270 1400 huius
1294 1335 1400 1423 Apolli

226 1462 369 1525 doctrina
396 1479 467 1526 mox
494 1457 655 1546 speciatim
681 1457 794 1525 mentio
823 1455 893 1534 fiat,
915 1457 968 1524 uhi
990 1456 1103 1524 dicitur
1131 1454 1401 1536 incarceraverat

224 1604 364 1674 γραφαις.
387 1619 431 1631 —-
452 1582 603 1666 Κατηχεω
627 1603 660 1644 σε
679 1604 766 1644 τουτο
793 1581 918 1669 proprie
940 1581 1092 1668 significat
1113 1586 1223 1648 iasone
1246 1584 1305 1648 lt'bt'
1319 1586 1396 1669 hoc,

226 1707 286 1773 tuis
303 1707 448 1786 auribns3
468 1716 498 1771 et
521 1704 594 1771 hine
610 1716 693 1771 notat
716 1707 806 1770 doceo
829 1705 897 1771 viva
914 1725 1007 1787 voee,
1025 1715 1076 1772 aut
1099 1707 1189 1773 etiam
1215 1706 1324 1787 aliter3
1345 1729 1398 1797 pe·

224 1832 381 1900 culiuriter
395 1843 496 1898 autem
509 1829 635 1897 verbum
654 1829 714 1896 hoe
728 1829 900 1897 adhibitum
917 1830 973 1897 luit
985 1834 1023 1896 de
1039 1836 1174 1899 docendo
1190 1837 1300 1916 prima
1317 1839 1398 1899 ortis

225 1961 290 2024 sive
313 1961 461 2024 scientiae
476 1959 607 2022 alieuius
626 1958 797 2039 etamearm
820 1955 901 2023 unde
922 1955 1004 2044 apud
1022 1957 1128 2023 Patres
1144 1958 1282 2025 Graecos
1305 1977 1396 2046 saepe

225 2078 338 2147 dieitur
358 2083 395 2145 cle
418 2082 553 2146 docendo
575 2080 684 2161 priona
709 2080 888 2143 rudimento
909 2080 1070 2162 aettptaats
1093 2078 1306 2145 Christianae.
1321 2080 1396 2165 ¹Quo

223 2222 316 2270 sensu
344 2203 469 2270 forsitan
498 2214 526 2268 et
554 2203 653 2268 Lucas
676 2201 714 2276 de
737 2202 849 2290 Apollo
874 2202 998 2290 scripsit
1026 2226 1033 2266 ι
1060 2222 1094 2274 ην
1116 2224 1321 2287 κατηχημενος
1343 2226 1395 2277 την

224 2325 291 2393 ὁδον
307 2351 361 2393 του
377 2329 504 2419 Κυριου.
524 2327 649 2395 Videsis
666 2328 707 2392 H.
727 2326 914 2415 Stephanum
932 2327 975 2411 (in
991 2325 1152 2393 Thesauro
1169 2326 1207 2393 ad
1226 2325 1259 2393 h.
1281 2325 1344 2415 u),
1365 2339 1394 2394 et

224 2454 405 2535 Sulcerutn,
432 2454 469 2521 ad
496 2473 604 2521 vocem
625 2459 775 2538 κατἠχεω.
801 2491 843 2500 -
868 2452 992 2520 Passive
1016 2450 1130 2519 dicitur
1145 2475 1341 2539 κατηχουμαι
1366 2477 1395 2515 τι

224 2588 257 2644 ut
279 2576 349 2655 hic,
369 2588 421 2644 aut
443 2600 509 2669 περι
531 2601 627 2655 τινος,
653 2588 687 2643 ut
712 2577 788 2644 Luc.
811 2578 846 2642 1:
871 2580 904 2644 l.
922 2615 966 2626 -
984 2577 1032 2643 De
1055 2576 1188 2643 dictione
1210 2577 1227 2650 η’
1251 2571 1318 2650 hiae
1340 2599 1394 2640 aaa

223 2704 338 2794 Kapan
358 2702 428 2770 vide
450 2723 542 2792 supra
564 2703 601 2770 ad
623 2703 698 2790 Cap.
723 2703 769 2767 tx
788 2726 796 2766 ι
817 2703 850 2769 2.
868 2740 912 2750 -
930 2701 979 2767 De
1002 2701 1154 2790 baptismo
1180 2702 1303 2769 Ioannis
1325 2701 1395 2768 vide

222 2829 259 2895 ad
275 2830 381 2917 Cap.l
401 2849 408 2890 τ
428 2831 460 2896 5.
480 2866 523 2876 -
538 2826 856 2917 Βθπαρρησιαζεσθαι
874 2826 989 2893 dictum
1012 2837 1059 2892 est
1081 2827 1119 2894 ad
1143 2829 1218 2916 Cap.
1239 2828 1286 2893 IX
1307 2851 1315 2892 :
1334 2829 1391 2894 27.

221 2953 292 3020 Vox
320 2948 543 3042 ακριβεστερον,
572 2953 724 3019 Neutrum
752 2951 977 3039 comparativi,
1007 2950 1185 3034 adhibitum¹
1206 2961 1252 3017 est
1273 2949 1395 3017 Adver-

222 3074 342 3143 bialiler
358 3097 414 3165 pro
431 3072 610 3165 ακριβεστερ
639 3101 664 3150 ς.

264 3316 409 3383 27—28.
438 3315 543 3393 Quaene
563 3325 668 3380 cutem
692 3315 783 3379 uellet
804 3317 851 3378 ire
876 3316 1031 3381 Achaiam
1037 3363 1049 3396 ,
1071 3312 1159 3399 etc).
1178 3313 1308 3401 Apollos
1333 3314 1394 3380 iam

221 3437 342 3527 plenius
366 3439 523 3505 institutus
550 3439 580 3505 in
607 3437 754 3526 religione
780 3436 971 3518 Christiana,
993 3448 1100 3525 atque,
1124 3437 1167 3503 uti
1189 3456 1323 3525 pronum
1347 3450 1394 3504 est

220 3564 376 3646 iudicare,
399 3576 542 3654 suscepto
567 3563 732 3653 baptismo,
751 3563 874 3631 Christo
892 3564 1045 3642 initiatuS,
1065 3582 1159 3651 quum
1184 3561 1275 3630 vellet
1291 3565 1393 3632 Evan-

218 3687 288 3775 gelii
313 3689 509 3778 praedicandi
534 3709 625 3757 causa
648 3694 786 3756 transire
808 3685 965 3778 (healton)
989 3689 1020 3754 in
1043 3686 1211 3763 Achaiam,
1231 3685 1391 3754 hominem

218 3817 254 3881 eo
271 3836 460 3904 propensum
478 3815 651 3882 Chrr‘stionr'
673 3818 829 3900 Ephesiae·
843 3813 886 3903 (οἱ
903 3810 1039 3905 αδελφοι)
1053 3824 1086 3879 ut
1103 3813 1133 3880 id
1150 3812 1265 3879 laceret
1281 3816 1392 3879 eohor-

218 3947 278 4010 tatt'
300 3956 375 4010 errat
398 3941 683 4033 (aporpepapevaal),
710 3955 739 4011 et
754 3943 946 4031 seripserunt
965 3943 1002 4009 ad
1028 3942 1221 4010 Christianos
1236 3942 1313 4032 (τοις
1332 3967 1391 4029 pa-

251 4190 269 4254 ’)
288 4188 315 4240 Si
326 4187 408 4238 Lucas
416 4183 560 4249 scripsisset
571 4165 777 4260 προτρεψαμε·
823 4193 891 4244 τους
905 4171 1058 4255 μαθητας,
1079 4191 1108 4238 ut
1122 4200 1213 4238 sensus
1229 4188 1280 4239 sit:
1297 4188 1390 4241 iratres

216 4287 260 4328 vet
277 4286 365 4326 aaron
382 4266 409 4326 oi
426 4257 568 4368 chaloet,
587 4275 692 4369 omnino
709 4279 778 4366 certa
824 4293 965 4362 (Ephesim)
977 4297 1138 4362 scripserunt
1149 4296 1284 4362 discipulis
1295 4297 1389 4363 (Chris-

217 4367 284 4414 esset
308 4364 396 4413 nostra
420 4359 498 4410 huius
519 4358 568 4410 loct
590 4359 776 4423 rnterpretatro.

217 4447 293 4498 Nunc
307 4459 368 4496 nero
386 4444 497 4495 dubitari
517 4445 610 4508 potest,
627 4456 660 4493 an
674 4455 726 4494 non
745 4443 779 4493 sit
825 4415 902 4466 mnis
921 4416 949 4466 5¹¹
969 4415 1064 4468 Amaia
1087 4415 1255 4482 degentibus)
1275 4430 1320 4469 ⁰⁰⁵
1339 4431 1388 4469 ⁰1·

216 4529 280 4581 illud
302 4511 536 4602 προτρεψαμειιοι
558 4528 722 4581 referendum
747 4527 779 4579 ad
826 4521 966 4586 hortantes,
981 4527 1010 4574 ut
1021 4524 1171 4590 exciperent
1183 4538 1252 4576 eum.
