3074 5054
149 318 152 323 ⁵
226 365 292 435 aaa
563 367 697 436 aeuus
726 362 1059 446 musruuoauu,

268 534 393 623 7-10.
419 557 462 623 Io
479 558 553 623 iocis
570 569 676 623 autem
695 560 780 640 illis,
800 557 891 646 etc).
908 558 1049 626 Habebat
1063 567 1165 626 autem
1180 562 1215 624 in
1227 561 1282 623 illo
1299 569 1407 624 terrac

227 690 329 746 tracte
345 677 385 761 (εν
397 702 460 754 τοις
475 702 540 769 περι
553 701 604 743 τον
615 702 705 744 voror
718 678 842 766 εκεινον)
855 700 910 748 sua
925 680 1049 769 praedia
1059 685 1189 765 primus
1201 681 1270 747 eius
1286 681 1407 747 insulae

225 803 435 886 Mcpistraras
466 808 520 890 (τῳ
547 800 687 892 πρωτῳ),
717 803 842 869 nomine
873 801 1020 886 Publius,
1060 803 1113 891 qui
1151 822 1208 869 uos
1244 801 1403 886 (Paulum,

224 927 338 993 bucam
366 936 396 992 et
419 923 651 1008 Aristarchum)
678 925 710 990 in
738 924 864 992 domum
892 944 979 992 suam
1007 925 1145 1014 suscepit
1171 936 1203 991 et
1231 927 1405 1010 isaianum

224 1046 314 1115 nobis
330 1067 386 1136 per
401 1058 463 1113 tres
479 1045 545 1114 dies
564 1050 711 1131 praebuit
729 1050 906 1131 hospitium
922 1046 1122 1140 (φιλοφρονως
1138 1044 1294 1135 εξενισεν).
1310 1048 1406 1115 Acci·

223 1171 270 1238 dit
283 1181 384 1238 autem
400 1171 509 1237 eodem
525 1181 677 1259 tempore,
696 1182 728 1238 ut
742 1171 843 1238 Publii
860 1182 959 1259 pater,
974 1171 1115 1239 febribus
1128 1183 1159 1238 et
1175 1174 1404 1238 intestinorum

223 1296 414 1359 torminibus
430 1289 634 1384 (δυσεντεριᾳ)
650 1306 827 1379 correptus,
847 1294 926 1360 lecto
941 1295 1136 1360 decumberet
1152 1293 1403 1380 (συνεχομενον);

223 1416 261 1482 ad
290 1435 381 1503 quern
410 1416 524 1483 Paulus
553 1417 709 1504 ingressus
738 1428 800 1497 est3
831 1428 861 1483 et
886 1429 956 1501 post
982 1420 1071 1502 susos
1093 1419 1143 1481 'nol
1166 1418 1269 1481 Deum
1292 1437 1405 1500 preces

222 1535 505 1627 (προσευξαμενος),
531 1561 604 1604 suus
631 1542 685 1604 iiii
710 1542 901 1623 imponendo
933 1561 1048 1606 mamus
1077 1537 1201 1626 (επιθεις
1222 1560 1276 1612 τας
1298 1560 1406 1627 χειρας

224 1658 319 1744 aurp)
335 1660 476 1728 eumdem
493 1662 622 1728 sanavit.
642 1662 711 1726 Hoc
726 1682 800 1744 erpo
817 1683 915 1745 qaum
936 1664 1102 1728 accidisset
1118 1659 1236 1741 (τουτου
1255 1683 1306 1724 ουν
1319 1683 1404 1750 yero—

225 1782 326 1868 μενου)
343 1785 472 1873 eiusque
489 1785 532 1850 rei
550 1785 630 1850 lama
646 1785 890 1872 percrebuisset,
909 1788 1003 1851 ceteri
1018 1805 1138 1870 quoque
1151 1787 1213 1864 (και
1230 1787 1257 1847 οἱ
1270 1781 1402 1872 locros),

225 1905 277 1992 qui
307 1906 337 1970 in
360 1925 395 1971 ea
416 1905 517 1972 insula
544 1905 653 1973 morbo
681 1907 827 1994 quopiam
855 1907 955 1973 allecti
984 1917 1088 1986 erant,
1114 1907 1244 1973 Paulum
1269 1907 1405 1972 adibant

223 2024 480 2116 (προσηρχοντο),
507 2037 536 2091 et
559 2026 755 2094 sanabantur.
780 2028 840 2113 Qui
859 2029 949 2095 etiam
966 2028 1047 2096 hano
1070 2028 1110 2096 ob
1133 2048 1197 2095 rem
1222 2047 1309 2094 suam
1329 2047 1405 2115 erga

220 2171 277 2216 nos
293 2149 457 2238 (Paulum,
479 2149 593 2215 Lucani
612 2161 642 2215 et
658 2149 890 2237 Aristarchum)
908 2153 1142 2216 observantiam
1167 2153 1275 2216 miultis
1298 2154 1406 2215 modis

221 2269 364 2362 (πολλαις
379 2271 497 2358 ripaue)
511 2273 608 2338 testati
626 2284 716 2352 sunt;
735 2296 865 2360 comque
879 2279 912 2341 iit
929 2297 964 2340 eo
981 2297 1117 2341 essemus
1130 2287 1167 2341 ut
1183 2275 1255 2339 inda
1268 2276 1404 2339 solvere-

220 2417 290 2460 mus
313 2397 380 2484 (και
400 2393 630 2484 eurymenis),
657 2399 879 2480 imposuerunt
900 2396 1058 2485 (επιθεντο)
1082 2397 1113 2463 in
1136 2396 1238 2462 navim
1263 2414 1342 2482 quae
1362 2396 1404 2461 ad

221 2523 281 2589 iter
295 2532 397 2588 essent
418 2521 602 2589 necessaria.
626 2560 669 2570 —
692 2523 878 2589 commorati
905 2533 977 2589 sunt
998 2522 1040 2589 ibi
1064 2521 1103 2589 ad
1120 2519 1319 2588 hiemandum
1345 2541 1404 2608 per

224 2665 344 2712 menses
363 2655 435 2710 tres.

266 2767 370 2834 lnsula
387 2766 492 2835 Melita
513 2768 571 2834 sub
593 2768 709 2835 ditione
726 2778 792 2834 erat
814 2769 970 2835 Praetoris
994 2766 1120 2836 Siciliae
1141 2765 1225 2853 (Cic.
1248 2765 1279 2830 iu
1302 2767 1400 2834 Verr.

224 2890 280 2958 IV.
299 2887 369 2968 l8);
388 2907 484 2976 quare
496 2888 664 2955 verisimile
677 2900 734 2967 est,
750 2875 895 2957 Publium
913 2888 997 2956 huno
1013 2891 1206 2976 (recuperor
1223 2879 1274 2961 τῆς
1291 2887 1404 2974 ancos)

222 3013 353 3098 legatum
370 3011 465 3078 luisse
482 3011 638 3078 Praetoris
654 3011 790 3079 Siciliae.
810 3012 951 3078 Primum
964 3010 1174 3078 Melitensium
1187 3009 1403 3096 magistratum

221 3134 408 3222 appellatum
436 3133 532 3200 luisse
560 3156 610 3196 τον
637 3156 775 3223 eparci,
805 3134 836 3201 id
866 3133 991 3221 quidem
1019 3142 1103 3220 patet
1129 3151 1167 3196 ex
1197 3130 1403 3218 inscriptione

221 3257 337 3345 alique,
352 3257 383 3323 in
399 3256 497 3323 insula
509 3257 614 3323 Melita
627 3267 761 3345 reperta.
782 3257 1019 3345 luseripticuem
1037 3254 1118 3321 hanc
1134 3252 1259 3320 exhibet
1271 3253 1404 3320 Grotius

221 3379 260 3447 ad
276 3379 309 3446 h.
329 3381 351 3446 l.
365 3418 409 3429 -
425 3378 630 3469 Αναγομενοις
645 3380 676 3445 in
694 3381 863 3469 Participio
885 3378 1061 3447 Praesentis
1077 3377 1115 3445 de
1131 3397 1167 3443 re
1183 3395 1255 3442 mox
1278 3376 1402 3454 lutura,

222 3513 254 3568 ut
270 3521 376 3591 supra,
394 3521 464 3590 pag.
484 3503 560 3570 500.
577 3539 620 3549 -
636 3499 840 3590 Αναγομενοις
857 3502 1002 3579 ausberto,
1022 3501 1224 3582 nooipomrc's
1243 3499 1402 3580 imposue-

222 3637 321 3709 runt,·
345 3645 457 3713 nempe
480 3628 517 3689 de
541 3625 764 3708 accipientibus
788 3624 883 3705 dixit,
912 3623 994 3712 quod
1019 3620 1170 3688 sentiebat
1193 3622 1230 3684 dc
1253 3622 1341 3686 navi.
1358 3657 1402 3668 -

222 3746 397 3815 Secundum
426 3757 527 3813 vetera
555 3746 706 3835 quaedam
734 3746 954 3834 Martyrologie
983 3743 1076 3832 (apud
1105 3740 1329 3809 Beroniunrad
1347 3760 1400 3807 an.

222 3870 281 3939 Cb.
301 3873 356 3951 58,
380 3871 506 3959 §l73),
529 3872 644 3938 Paulus
666 3892 702 3938 eo
725 3882 865 3960 tempore
884 3870 1062 3939 Melitenses
1085 3866 1286 3954 Evangelium
1309 3884 1402 3954 prae·

222 3993 367 4074 dicasset,
397 3995 561 4082 ipsumque
588 3994 675 4061 illunr
704 3993 870 4072 Publium,
892 3991 1098 4059 Christianam
1122 3989 1302 4077 religionem
1327 4009 1401 4077 pro-

222 4116 351 4196 fessum,
368 4115 485 4184 eisdem
503 4116 686 4205 episcopum
709 4116 920 4205 praefecisset.

270 4360 413 4429 lt-lo.
440 4361 517 4434 Post
542 4379 661 4426 menses
684 4369 790 4425 actem
814 4370 896 4444 tres,
926 4357 1014 4438 ete).
1045 4358 1119 4424 Post
1146 4375 1268 4422 menses
1296 4365 1400 4423 autem
