3074 5054
173 369 217 438 38
496 364 630 434 ACTUS
676 365 1008 445 APOSTOLORUM‚

219 560 365 628 tl-db.
391 554 483 645 Quod
506 555 621 625 dicitur
643 567 786 637 ornatos,
806 555 866 624 hoc
882 575 943 623 non
961 554 1092 645 impedit
1111 555 1278 644 quominus
1295 574 1354 645 pu-

175 690 293 760 temus,
310 681 438 746 Petrum
463 677 603 745 omnium
619 678 745 744 nomine
761 675 814 745 bic
829 697 939 766 preces
954 677 1023 744 Deo
1039 674 1230 743 adhibuisse.
1248 675 1352 742 Deum

176 813 298 884 autem,
327 803 377 870 cui
403 800 462 869 soli
490 813 653 890 perspecta
681 811 753 869 sunt
779 800 874 869 corda
901 799 1062 868 bominum
1089 795 1352 890 (καρδιογνωστα,

174 923 435 1014 bortenteouor),
466 923 607 1005 invocat,
631 935 665 991 ut
692 935 827 1004 sortem,
853 944 946 1014 quam
975 923 1100 991 missuri
1128 934 1247 1003 essent,
1276 921 1354 990 diri-

174 1045 293 1134 gendo,
311 1045 467 1134 designet,
486 1055 589 1112 utrum
609 1066 649 1112 ex
669 1044 791 1113 duobus
815 1046 958 1133 elegisset
977 1055 1132 1133 tamquam
1158 1044 1350 1132 digniorem,

175 1171 229 1260 qui
245 1170 284 1239 ad
300 1171 513 1260 Apostolatum
528 1182 750 1239 assumeretur.
768 1167 900 1248 Εξελεξω
917 1173 994 1238 Aor.
1011 1173 1027 1238 l
1047 1168 1130 1246 med.
1146 1209 1189 1219 —
1207 1171 1353 1258 syntaxis

177 1293 298 1361 facilior
314 1292 424 1361 luisset
442 1291 519 1361 haee
538 1318 547 1360 ι
566 1289 720 1370 suadebunt
743 1317 776 1358 εκ
794 1315 907 1357 τουτων
932 1315 990 1356 των
1014 1289 1068 1356 duo
1091 1289 1141 1356 ἕνα
1163 1289 1194 1356 ὃν
1219 1289 1352 1370 εξελεξω.

176 1454 221 1467 -
236 1413 369 1504 Λαβειν,
387 1428 422 1483 ut
438 1429 597 1498 assumet,
617 1429 664 1486 est
688 1417 861 1486 infinitivus
883 1421 982 1504 scopi.
1007 1417 1090 1486 Vide
1112 1419 1170 1487 Gr.
1195 1418 1214 1506 S
1235 1419 1297 1499 db,
1316 1421 1349 1486 5.

177 1538 298 1632 Κληρος
314 1552 362 1608 est
377 1539 430 1609 bio
445 1539 588 1628 officium
602 1542 668 1609 sive
683 1564 811 1609 metuas.
829 1541 911 1610 Vide
927 1560 1006 1630 quae
1022 1540 1060 1609 de
1077 1559 1112 1607 ca
1127 1560 1203 1607 voce
1219 1538 1356 1607 diximus

178 1684 273 1754 supra
295 1664 334 1732 ad
355 1685 403 1732 vs.
430 1668 484 1733 l7.
503 1664 595 1752 Quod
610 1677 711 1733 aulem
733 1666 847 1735 dieitur
868 1664 976 1756 κληρος
997 1690 1048 1740 της
1071 1662 1226 1740 diatomos
1245 1688 1355 1740 ταυτης

178 1788 230 1851 καὶ
246 1786 435 1866 assumtus,
454 1787 484 1855 id
502 1809 558 1878 per
575 1770 759 1859 blendioden
783 1790 900 1859 dictum
920 1801 966 1858 est
988 1809 1045 1879 pro
1062 1786 1169 1880 κληρος
1184 1795 1235 1864 τῆς
1251 1785 1355 1854 dress-

178 1934 242 1987 νιας
257 1919 308 1987 τῆς
324 1910 542 1989 αποστολικης,
561 1932 677 1978 munus
698 1915 794 1980 buius
809 1916 991 1980 ministerii
1010 1915 1199 1999 Apostolici.
1220 1913 1356 2004 Προσευ-

178 2034 321 2124 lapsum,
339 2035 409 2102 soil.
427 2031 517 2122 esp,
536 2035 620 2123 quod
635 2035 816 2124 intelligitur
832 2037 863 2103 in
879 2036 1114 2126 Praepositione
1129 2058 1215 2126 προς.

224 2163 262 2225 oie
282 2182 343 2245 quo
368 2163 610 2245 proemrtcotos
637 2170 682 2227 est
709 2161 837 2251 ludos).
860 2163 920 2231 Gr.
943 2158 972 2235 ἐξ
994 2157 1027 2236 ἧς
1046 2159 1111 2249 (vel
1132 2164 1185 2252 αφ’
1199 2155 1253 2239 ἧς,
1277 2179 1357 2249 quae

182 2285 273 2354 lectio
296 2285 477 2352 auctoritate
499 2283 648 2374 praestat)
670 2282 787 2378 παρεβη
808 2282 941 2365 Ἰουδας,
960 2284 993 2353 lr.
1012 2305 1041 2354 e.
1059 2289 1097 2351 de
1121 2306 1182 2372 pero
1196 2283 1357 2373 (munere)

180 2414 323 2479 discessit
337 2414 438 2478 Indos
442 2437 457 2496 ;
475 2411 558 2501 quod
574 2429 686 2479 munus
703 2410 796 2479 ludos
816 2410 964 2479 deseruit.
982 2410 1124 2479 Verbum
1141 2407 1354 2503 repedassent,

180 2534 265 2625 quod
285 2535 413 2624 proprie
429 2545 476 2602 est
491 2537 689 2619 transgredi,
708 2534 791 2624 apud
811 2535 902 2602 LXX
924 2535 1061 2602 occurrit
1083 2534 1175 2602 ctiam
1198 2533 1237 2601 de
1257 2538 1357 2601 disee-

179 2662 298 2740 deudo,
328 2659 410 2749 quod
438 2660 545 2748 ntique
580 2679 640 2726 non
675 2659 714 2768 fit
740 2659 807 2726 sine
835 2662 1112 2744 transgrediendo.
1142 2657 1225 2727 Vide
1252 2659 1353 2728 Exod.

179 2784 336 2852 XXXII:
361 2784 399 2862 8;
421 2782 552 2849 Denter.
575 2783 622 2848 Xl
648 2807 656 2849 ε
684 2784 745 2861 ld,
769 2784 830 2863 l63
854 2784 949 2852 XVll
974 2807 982 2851 ε
1005 2785 1143 2851 m2oe
1168 2781 1208 2868 μὴ
1230 2779 1356 2872 παραβῇ

180 2928 241 2969 απο
256 2927 314 2968 των
330 2903 472 2982 εντολων,
490 2926 528 2970 tte
544 2907 702 2971 resedato
718 2909 904 2989 praeceptis.
924 2907 1014 2973 LXX
1037 2905 1206 2974 reddebant
1226 2906 1273 2973 sio
1293 2909 1356 2974 He-

180 3029 319 3097 braioum
335 3042 399 3107 aas,
418 3038 567 3118 sequente
579 3031 729 3118 Praepos.
747 3043 793 3106 ta.
807 3031 848 3096 Ut
861 3032 937 3113 iret,
960 3049 1071 3118 graece
1086 3031 1280 3120 πορευθηναι,
1300 3030 1354 3118 qni

178 3152 256 3219 dor.
278 3149 453 3218 Infinitivns
473 3161 520 3218 est
540 3153 634 3235 (inis,
657 3150 696 3218 ad
718 3171 809 3242 quem
829 3136 924 3238 quasi
943 3151 1087 3219 tendebat
1110 3150 1221 3233 ludos3
1245 3171 1355 3240 quem-

179 3274 346 3344 admodum
373 3274 412 3344 de
439 3273 594 3344 homicida
623 3286 705 3344 recte
731 3276 848 3344 dixeris
880 3302 887 3344 :
916 3275 1118 3345 homicidium
1147 3277 1295 3366 patravit,
1323 3289 1356 3344 ut

181 3401 241 3468 iret
266 3399 305 3468 ad
332 3398 547 3489 suspendium.
575 3399 668 3468 ludae
695 3424 784 3475 τοπος
813 3397 887 3476 deos
917 3412 965 3468 est
996 3404 1079 3467 locos
1110 3402 1352 3483 damnatorum,

181 3523 265 3613 quod
288 3544 328 3591 ex
350 3536 492 3592 contexta
516 3525 654 3591 oratione
678 3523 872 3612 intelligitur.

226 3771 282 3838 26.
307 3771 367 3835 Eis
394 3765 537 3856 (sorore)
559 3777 605 3834 ost
632 3766 761 3834 Dotivus
782 3770 938 3834 commodi
957 3771 1058 3835 -ils
1077 3768 1252 3834 doneerent
1273 3787 1358 3852 pour

181 3913 253 3960 eoae.
282 3891 427 3978 Quodsi
456 3891 553 3959 mavis
580 3891 682 3980 legere
712 3914 828 3971 αυτων,
859 3891 1039 3961 vertendum
1072 3892 1131 3961 erit
1162 3919 1170 3961 ε
1200 3896 1357 3959 dederont

179 4031 279 4087 sortes
295 4023 457 4104 ipsorum,
475 4029 549 4108 puta
563 4018 706 4099 illorum,
729 4039 825 4109 super
846 4021 961 4110 quibus
984 4020 1072 4089 fieret
1087 4021 1221 4090 sortitio.
1247 4022 1357 4088 Sortes

178 4154 280 4210 autern
296 4142 357 4212 boo
378 4144 447 4212 loco
463 4142 677 4231 intelligendae
698 4141 842 4212 videntur
863 4148 959 4212 sortis
983 4148 1219 4228 instrumento,
1244 4165 1356 4236 nempe

213 4403 233 4475 ¹)
250 4405 300 4458 Pro
312 4417 404 4460 oomni.
417 4405 476 4460 leot.
495 4416 594 4457 αυτων
611 4411 653 4464 ost
667 4390 768 4468 αὐτοῖς
785 4406 812 4458 in
826 4406 930 4460 Anna*
943 4407 978 4460 al.
