3074 5054
507 371 645 436 CAPUT
674 372 706 449 l,
737 372 858 439 VERS.
894 375 1037 441 11-15.
1309 378 1353 442 29

186 579 267 626 mons
283 560 336 627 ille
352 561 393 626 ita
408 561 592 640 vocabatur3
608 560 788 628 imminebat
802 572 904 628 autem
921 562 991 629 urbi
1008 561 1047 628 ab
1063 562 1198 641 oriente,
1217 574 1352 630 ceteros-

187 707 258 772 que,
275 687 329 774 qui
354 687 437 752 eirea
460 687 706 772 Hierosolymam
730 698 817 753 erant
841 698 979 766 mentm,
996 686 1157 754 altitudine
1173 688 1349 776 superabat.

185 811 419 895 Hierosolymae
445 813 569 876 uicinus
597 822 666 876 erat
693 813 794 900 (εγγυς
820 809 1032 901 Ἱερουσαλημ)
1056 822 1201 900 tantoque
1227 812 1353 878 circiter

184 934 276 1020 spatio
296 933 335 1000 ab
359 933 464 1000 eadem
489 933 623 1013 distans,
649 944 795 1021 quantum
825 933 946 1000 ludaeis
975 934 1025 1001 die
1048 934 1195 1002 Sabbatbi
1219 935 1349 1016 licebat,

184 1058 253 1124 eitra
269 1058 338 1124 festi
354 1058 564 1137 violationem,
579 1057 743 1124 conficere.
762 1059 903 1146 Spatium
920 1057 980 1125 boc
996 1060 1078 1148 apud
1093 1061 1252 1128 Rabbinos
1269 1061 1352 1128 dioe-

184 1178 367 1247 baturicum
390 1191 484 1261 naun,
503 1180 563 1248 boe
579 1192 637 1262 est,
656 1185 812 1247 terminus
829 1183 992 1250 Sattattt.
1011 1185 1067 1249 Est
1082 1195 1184 1250 autem
1200 1184 1259 1250 iter
1274 1183 1352 1251 duo-

183 1324 246 1370 rum
273 1305 404 1370 millinm
433 1304 621 1372 cubitorum.
655 1304 703 1372 cf.
734 1304 886 1371 Buxtorfii
912 1305 1019 1372 Lenia.
1049 1306 1184 1374 Rabbin.
1214 1307 1253 1374 ad
1280 1328 1349 1374 voc.

182 1439 252 1492 0¹2³.
277 1429 407 1495 Locutio
431 1425 592 1513 σαββατου
616 1451 685 1514 εχον
709 1427 807 1520 (ορος)
832 1426 900 1493 ὁδον
920 1430 1064 1515 (Sabbult'
1080 1432 1200 1496 'cotom
1218 1427 1294 1515 iter)
1311 1430 1352 1496 ila

181 1549 370 1636 intelligenda
388 1562 452 1628 est,
470 1563 504 1617 ut
521 1571 609 1619 mons
633 1551 746 1618 Oliveti
772 1552 964 1639 concipiatur
984 1563 1137 1640 tamquam
1153 1553 1270 1619 babens
1289 1553 1352 1617 sibi

181 1683 291 1739 tantum
308 1673 440 1752 itineris,
455 1684 488 1739 ut
504 1675 575 1762 quis
591 1673 629 1740 ab
647 1674 863 1760 Hierosolyma
878 1675 979 1741 veniat
994 1675 1032 1741 ad
1049 1695 1092 1741 se.
1110 1676 1266 1757 Ceterum,
1280 1695 1351 1741 ana-

181 1794 320 1862 coluthon
338 1795 390 1863 bic
406 1808 557 1894 est3'nam
573 1798 717 1883 Syntaxis
735 1799 921 1885 postulasset
940 1821 1059 1883 εχοντος
1076 1799 1116 1866 ob
1139 1810 1349 1886 antegressum

182 1943 272 2009 ορους.

223 2159 275 2224 15.
301 2161 344 2222 Et
364 2178 460 2243 quum
489 2159 689 2247 irttroisaent)
712 2160 781 2227 scil.
809 2161 954 2241 domum,
979 2182 1071 2250 quam
1096 2163 1126 2227 in
1151 2161 1228 2229 urbe
1256 2183 1349 2230 oocu-

180 2278 305 2367 pabant‚
323 2280 551 2349 adscenderunt
565 2283 596 2348 in
614 2283 680 2350 eins
696 2283 807 2350 domus
829 2288 1031 2350 coenaculum
1054 2284 1109 2374 (εις
1132 2308 1165 2348 το
1191 2287 1349 2376 ὑπερῷον).

179 2403 368 2472 Vocabulum
396 2407 552 2494 ὑπεροιον,
581 2416 737 2473 contracte
768 2409 921 2496 ὑπερῷον,
951 2408 1146 2475 Adiectivum
1178 2419 1242 2489 est,
1273 2409 1350 2476 nihil

179 2525 257 2592 aliud
282 2527 409 2615 proprie
432 2527 609 2614 significans
633 2550 725 2617 quam
749 2535 898 2614 suipertus
925 2532 1088 2612 conclave,
1117 2531 1201 2621 quod
1228 2531 1351 2599 diceba-

181 2660 226 2714 tur
240 2649 331 2738 plene
357 2652 492 2740 ὑπερῷον
517 2675 641 2738 stuppa.
668 2654 750 2721 Vide
777 2655 927 2720 Valcken.
946 2654 985 2721 ad
1002 2653 1034 2720 b.
1054 2654 1077 2721 l.
1095 2657 1198 2722 Locus
1219 2656 1352 2744 ὑπερῷον

181 2771 228 2839 bic
243 2772 362 2854 dictus,
388 2794 405 2840 a
430 2773 553 2841 ludaeis
580 2776 746 2843 vocabatur
770 2774 841 2863 ³333
865 2797 965 2865 eoque
990 2778 1114 2844 nomine
1136 2777 1353 2864 designabatur

179 2899 320 2967 conclave
341 2901 478 2982 privatae
501 2900 612 2968 domus
637 2902 696 2969 sub
721 2903 812 2990 plano
835 2913 914 2969 teoto
937 2923 1111 2982 summum,
1130 2923 1192 2991 qno
1212 2902 1350 2970 conclavi

180 3023 371 3109 potissimum
395 3023 572 3103 utebantur,
598 3024 721 3112 quando
746 3024 890 3113 precibus
913 3045 1020 3091 vacare
1044 3023 1196 3090 volebant.
1223 3023 1272 3090 Cf.
1290 3025 1352 3090 Ao-

180 3144 335 3212 lermann.
354 3146 520 3213 Archaeol.
539 3146 558 3234 S
574 3149 630 3214 56.

220 3271 274 3334 ubi
289 3269 471 3357 monebant)
487 3263 522 3334 οὗ
538 3294 615 3344 noar
632 3294 865 3356 καταμενοντες,
884 3272 936 3339 ulti
964 3293 1020 3361 per
1041 3272 1111 3338 illos
1128 3271 1193 3338 dies
1210 3270 1350 3358 Apostoll

177 3389 237 3480 (rs.
256 3392 292 3480 2)
308 3394 494 3461 commorari
519 3393 677 3474 solebant,
696 3407 769 3483 puta
792 3395 831 3462 ad
855 3396 1025 3463 vacandum
1042 3395 1189 3462 exercitio
1207 3395 1349 3483 pietatis;

177 3516 291 3583 scilicet
315 3520 428 3584 Petrus
448 3530 478 3583 et
499 3520 656 3596 loannes,
674 3521 806 3584 Iacobus
814 3571 826 3603 ,
850 3532 881 3587 et
903 3521 1011 3587 ceteri.
1034 3521 1082 3585 De
1103 3519 1230 3606 Syntexi
1247 3545 1254 3586 ε
1274 3545 1351 3593 naar

178 3664 409 3726 καταμενοντες,
428 3641 498 3708 vide
515 3642 574 3709 Gr.
593 3663 625 3730 p.
645 3643 723 3710 580.
743 3645 810 3709 Hac
826 3643 1054 3732 opportunitate
1074 3643 1171 3709 utitur
1193 3644 1293 3710 Lucas
1313 3642 1352 3710 ad

178 3767 337 3835 texendum
360 3768 581 3856 Apostolorum
601 3767 785 3854 catalogum.
811 3767 937 3855 Legitur
960 3766 1011 3832 hic
1035 3766 1126 3832 etiam
1148 3764 1258 3840 Mattb.
1283 3767 1314 3832 X
1340 3785 1348 3826 ε

177 3889 216 3965 b,
244 3910 333 3978 sqq.;
358 3901 389 3956 et
414 3891 491 3957 Luc.
523 3890 563 3958 Vl
592 3916 599 3956 :
630 3892 691 3968 15,
720 3909 812 3978 sqq.;
837 3908 1025 3977 quamquam
1050 3907 1124 3954 vero
1152 3907 1213 3953 non
1241 3886 1350 3953 eodem

177 4007 281 4076 ordine
307 4011 448 4100 Apostoli
477 4009 519 4076 ibi
548 4021 767 4089 recensentur,
791 4011 908 4099 ubique
928 4020 1029 4076 tamus
1053 4009 1181 4087 Petrus,
1202 4004 1350 4096 quemad-

177 4130 298 4199 modum
326 4143 356 4199 et
383 4133 413 4199 in
443 4134 596 4222 praesenti
625 4132 779 4220 catalogo,
809 4133 911 4221 primo
940 4132 1008 4198 loeo
1041 4130 1178 4218 ponitur.
1210 4129 1257 4194 Ex
1285 4147 1348 4215 quo

176 4257 306 4326 validum
331 4259 411 4326 sumi
437 4270 538 4348 potest
559 4271 773 4347 argumentum
790 4258 828 4326 ad
845 4256 1057 4347 probandum,
1075 4256 1202 4321 Petrum
1220 4253 1316 4319 luisse
1332 4272 1350 4317 a

175 4377 295 4448 Christo
325 4383 498 4471 prinoipem
529 4383 750 4472 Apostolorum
778 4383 989 4449 corrstitutum.
1028 4380 1160 4444 lacobus
1190 4376 1346 4459 Alpbuet,
