3074 5054
510 414 647 481 CAPUT
683 416 715 494 Ι,
753 413 874 482 VERS.
914 413 1013 479 1-5.
1312 413 1352 479 19

223 603 255 667 ι.
282 623 379 686 usque
403 605 438 667 itt
461 605 563 683 diem,
583 607 671 688 atu).
690 605 807 671 Graeca
830 624 903 690 αχρι
919 595 953 676 ἧς
968 597 1274 691 ἡμερας-ανεληφθη
1297 621 1353 688 per

182 725 401 788 attractionem
423 722 504 791 diota
532 736 603 791 suut
631 745 688 813 pro
713 748 785 816 αχρι
806 749 858 799 της
884 724 1016 814 ἡμερας,
1046 717 1271 811 tit-attibuit·
1301 721 1350 789 Cs-

184 845 236 912 Gr.
269 867 302 933 p.
339 849 415 913 tot.
450 847 565 914 Eadem
593 848 742 914 Attraetio
770 847 908 913 ooourrit
934 847 1025 912 etiam
1057 847 1135 913 Luc.
1167 847 1180 912 Ι
1211 868 1219 912 :
1249 847 1293 913 ιθ
1322 853 1354 910 et

182 972 269 1037 xvtt
291 996 298 1036 :
317 975 372 1039 27.
401 974 461 1039 Pro
486 974 594 1040 Latino
619 976 822 1057 praecipiens
848 972 958 1058 graeei
979 981 1026 1038 est
1048 972 1125 1037 Αοι.
1150 969 1352 1057 Partioipium

181 1091 395 1179 εντειιαμενος,
422 1094 481 1162 boo
505 1108 567 1175 est,
585 1118 683 1182 quum
703 1099 889 1162 mundatum
909 1097 1064 1178 dedisset,
1082 1093 1121 1161 ab
1141 1091 1349 1168 εντελλεσθαι,

182 1218 259 1305 quod
287 1229 333 1284 est
354 1219 495 1287 Verbum
523 1222 687 1304 Deponens
709 1222 866 1299 Medium,
885 1231 918 1286 ιιι
943 1220 1111 1307 loquuntur
1135 1219 1350 1287 Grammatioi.

181 1340 225 1406 Gi.
243 1343 300 1410 Gr.
319 1341 350 1429 S.
370 1344 430 1422 39,
448 1346 481 1408 7.
507 1345 573 1409 Hoc
597 1364 669 1410 vero
693 1347 896 1423 mundatum,
922 1342 1180 1428 chrysostomum
1204 1353 1350 1422 secutus,

182 1464 311 1551 intelligo
329 1465 480 1541 omnium,
496 1476 529 1531 ut
541 1465 688 1544 videtur‘,
703 1483 883 1552 supremum
900 1461 990 1543 iilud,
1008 1461 1092 1550 quod
1107 1462 1163 1530 SS.
1179 1461 1352 1528 Matthaeus

181 1588 316 1675 (xxvu
333 1596 355 1648 ἐ
389 1586 535 1675 tu—ao)
561 1598 591 1653 et
618 1588 742 1654 Marcus
769 1587 863 1675 (XVI
895 1608 902 1648 :
936 1583 1081 1670 tt-uo)
1110 1597 1346 1652 memorarunt:

181 1712 297 1775 Euutes
325 1731 399 1793 erpo
426 1713 529 1775 docete
556 1732 663 1775 omues
695 1722 814 1793 pentes.
844 1712 946 1778 Voces
973 1706 1025 1772 δια
1054 1709 1231 1795 Πνευματος
1264 1711 1352 1799 bynu

181 1836 405 1902 oonneotendae
433 1856 492 1902 non
518 1846 589 1902 sunt
616 1856 687 1902 oum
716 1832 881 1912 εξελεξατο,
905 1855 962 1902 neo
985 1855 1055 1901 oum
1085 1833 1248 1926 ανεληφθη,
1275 1835 1350 1916 sed,

181 1954 260 2044 quod
280 1958 344 2042 jam
369 1957 435 2045 ipsa
456 1955 676 2024 vocabulorum
701 1957 814 2045 positio
831 1956 963 2032 indiam,
983 1977 1053 2023 oum
1078 1958 1246 2046 Partioipio
1263 1979 1353 2021 εντει-

181 2076 331 2164 ιαμενος’.
361 2079 487 2146 Soilioet
515 2083 600 2146 lesus
628 2079 790 2159 Christus
815 2080 896 2146 sicut
923 2079 998 2146 uiuit
1028 2099 1088 2146 non
1118 2101 1173 2169 per
1201 2081 1353 2169 Spiritum

180 2201 322 2270 Sanctum
338 2203 463 2290 agebat,
482 2205 523 2271 ita
539 2203 592 2271 bio
608 2225 732 2294 quoque
756 2204 870 2271 dieitur
890 2204 1067 2272 mandatum
1092 2205 1168 2273 illud
1193 2205 1350 2293 Apostolis

180 2327 241 2392 suis
264 2326 387 2394 dedisse
406 2349 466 2411 per
481 2329 645 2411 Spiritum
667 2328 833 2394 Sanctum.
853 2330 959 2415 ltaque
981 2347 1091 2394 seusus
1112 2342 1158 2394 est
1177 2354 1185 2394 ε
1203 2331 1353 2413 usquein

180 2450 261 2514 diem
282 2471 361 2535 quo,
379 2471 437 2533 per
458 2451 622 2534 Spiritum
643 2451 797 2516 Sanctum
811 2454 883 2515 doto
907 2472 975 2515 ose
997 2451 1176 2534 Apostolis,
1195 2471 1270 2534 quos
1293 2452 1353 2514 eie·

179 2584 265 2652 perot
278 2569 479 2662 (εξελεξατο),
496 2585 676 2658 praecepto,
694 2577 834 2640 subtutus
851 2585 896 2640 est
913 2577 949 2638 iu
965 2566 1097 2639 coetum:
1114 2602 1128 2631 «
1142 2572 1257 2653 Vides,
1276 2592 1354 2661 quo-

181 2694 268 2760 modo
288 2695 421 2784 (Lucus)
440 2695 542 2763 adhue
562 2695 600 2763 de
621 2695 746 2763 Christo
769 2695 928 2762 humiliter
942 2694 981 2784 (i.
1001 2715 1029 2760 e.
1048 2694 1219 2762 seeundum
1240 2694 1352 2763 huma-

179 2835 246 2882 nam
262 2817 419 2904 naturam)
435 2818 590 2907 loquatur,
609 2829 641 2885 ut
657 2830 688 2884 et
710 2819 778 2907 ipse
794 2817 833 2885 de
856 2838 890 2884 se
907 2818 974 2905 ipse
991 2817 1187 2905 loquebatur,
1214 2817 1321 2885 dicens
1340 2839 1348 2880 ι

179 2937 218 3002 Si
231 2950 337 3004 eutem
353 2961 407 3022 epo
427 2944 462 3006 iu
489 2941 617 3024 Spiritu
639 2943 699 3006 Dei
721 2944 815 3006 eiioio
836 2944 1005 3007 doemonia
1025 2940 1151 3029 (Mattb.
1170 2941 1232 3007 ΧΙΙ
1252 2962 1260 3004 :
1280 2939 1351 3025 28).

181 3062 300 3129 Etenim
328 3064 462 3152 Spiritus
493 3065 623 3132 Sanctus
654 3066 684 3130 in
713 3065 767 3131 ιΙΙο
799 3066 914 3154 templo
944 3065 1142 3153 operabatur.
1176 3066 1245 3132 Non
1275 3064 1353 3132 dixit

179 3187 356 3266 adscendit,
375 3186 428 3254 sed
452 3200 629 3272 assumptus
652 3200 697 3253 est
720 3186 916 3278 (obstupeo),
937 3189 1009 3277 quia
1034 3188 1072 3255 de
1096 3188 1149 3255 uto
1174 3199 1207 3254 ut
1227 3186 1354 3255 bomine

179 3305 280 3374 adbuc
303 3307 451 3397 loquitur.
480 3339 492 3367 »
523 3311 556 3376 S.
583 3310 697 3395 Chrys,
727 3312 817 3378 Hom.
846 3313 858 3376 1
884 3312 914 3377 in
940 3312 1010 3377 Aet.
1037 3312 1099 3399 Ap.

224 3540 256 3604 5.
284 3539 405 3616 Quibus
433 3550 461 3603 et
487 3542 634 3623 praebuit
661 3541 802 3622 seipsum
828 3541 936 3604 uiuum
961 3549 1032 3622 post
1055 3542 1235 3623 passionem
1262 3561 1353 3605 suoru

181 3664 216 3724 iu
230 3664 340 3726 muttit
355 3665 572 3745 orpumeutis,
591 3675 650 3730 oet.
669 3663 841 3751 Diligenter
858 3663 957 3728 Lucas
975 3661 1027 3728 hio
1050 3671 1153 3740 notat,
1173 3661 1350 3748 apostolis,

180 3783 232 3869 qui
257 3783 416 3851 Christum
439 3784 643 3875 praedicaturi
668 3796 771 3852 esseut
797 3782 987 3862 redivivum,
1017 3781 1056 3849 de
1081 3781 1219 3849 eiusdem
1248 3803 1352 3850 resur-

180 3907 314 3973 reetione
330 3927 422 3997 quam
440 3909 617 3996 plenissime
641 3911 829 3977 constitisse.

181 4063 352 4073 ιη*-

214 4140 232 4205 1ι
249 4139 288 4191 Cf.
300 4140 440 4192 Matdonat.
457 4139 490 4191 ad
502 4139 594 4192 Mattb.
613 4141 718 4194 xxvlu
733 4154 738 4189 :
787 4138 850 4191 baec
866 4140 957 4191 soribit
973 4153 979 4188 z
997 4121 1168 4200 ἡσυνταξις
1181 4125 1286 4199 οὑτως·
1302 4122 1321 4189 d
1324 4151 1354 4188 ια

179 4225 212 4274 48
223 4261 230 4285 ,
240 4229 266 4292 et
277 4225 310 4276 ad
321 4225 384 4276 Luc.
396 4223 476 4275 XXIV
490 4238 496 4272 z
510 4223 551 4274 ts.
787 4236 956 4299 πνευματος
969 4212 1181 4300 εντειλαμενος.
1197 4216 1220 4278 Τ
1224 4240 1233 4277 ι
1247 4211 1278 4278 de
1295 4239 1354 4278 eoe-

213 4305 232 4370 ¹)
248 4304 384 4357 COHSessiii
405 4304 559 4357 Sch0¹iflsies
575 4304 637 4357 COG·
653 4306 678 4357 b·
699 4306 742 4372 (ex
787 4301 928 4380 τειλατο;
946 4306 1130 4394 πορευθεντες
1148 4304 1353 4392 periuriorum

178 4385 290 4452 Mosqq.)
312 4387 357 4452 (ιιιἰ
377 4385 409 4438 ad
431 4400 519 4439 V0⁰⁰ffi
540 4370 741 4459 ῑνῗῑῑλαμίνθὲ
788 4417 888 4456 bourn
904 4419 942 4457 τα
959 4396 1036 4471 ebur„
1055 4421 1106 4458 και
1124 4396 1162 4459 τὰ
1179 4393 1254 4470 ἐξης.
