3074 5054
471 394 610 461 uerus
645 395 726 474 xm,
763 390 885 463 unus.
926 375 1069 460 to-ssno.
1304 395 1370 461 aro

186 587 270 651 doci.
285 585 339 653 Sio
352 583 473 651 Plinius
489 585 562 671 (Ep.
577 583 616 650 ad
627 580 811 666 Traianum)
827 581 866 648 de
882 580 1069 650 Christianis
1085 580 1194 649 scribit
1209 582 1343 650 Traiano
1359 608 1368 651 ε

187 705 375 790 Confitentes
400 709 518 772 iterum
533 728 570 772 oo
587 709 682 772 tertio
699 708 896 790 iaterropaoi
910 708 1106 790 suppliciam
1121 710 1283 788 orinatum
1297 728 1371 791 per-

183 842 363 897 severantes
378 832 452 896 detti
469 833 560 897 iussi.
579 869 623 878 -

229 956 495 1040 descendensque,
514 952 606 1041 eto).
634 955 737 1023 Vooes
753 977 792 1029 εις
816 977 868 1026 την
888 955 1082 1046 Καισαρειαν
1108 955 1279 1043 iungendae
1298 968 1371 1023 sunt

184 1095 257 1144 oum
272 1072 434 1167 διετριβεν.
452 1079 501 1143 De
524 1078 652 1164 Syntaxi
677 1077 922 1166 Praepositionis
944 1100 985 1152 εις
1009 1098 1081 1162 oum
1102 1077 1210 1148 Verbo
1233 1083 1368 1165 quietis,
1489 1081 1492 1084 ’

182 1200 253 1268 vide
275 1222 354 1290 quae
375 1202 548 1269 notavimus
571 1202 602 1268 iu
625 1203 686 1290 Ep.
712 1200 751 1267 ad
775 1199 995 1289 Philippenses
1018 1200 1057 1268 ad
1080 1202 1157 1290 Cap.
1184 1204 1233 1284 ΙΙ,
1258 1223 1305 1269 vs.
1329 1204 1369 1278 9,

183 1343 254 1412 pag.
280 1327 336 1393 68.
361 1325 478 1395 Sensus
501 1336 575 1394 est:
598 1327 773 1413 Degressus
797 1345 815 1392 a
840 1325 971 1405 Iudaea,
994 1330 1030 1391 ia
1051 1327 1160 1393 arbem
1184 1327 1371 1394 Caesaream

182 1448 311 1517 veniens
327 1447 403 1538 (ihi)
421 1460 634 1516 commoratus
650 1462 708 1516 est.

227 1671 284 1746 20.
310 1679 395 1743 Erat
416 1689 523 1746 autem
547 1683 651 1746 iratas
675 1680 703 1743 T
703 1682 788 1762 potis
808 1688 838 1744 et
860 1674 1033 1763 Sidoniis).
1051 1675 1172 1743 Animo
1188 1687 1255 1744 erat
1271 1679 1371 1745 Hero·

181 1799 238 1868 des
262 1803 387 1886 infenso
416 1800 632 1890 (θυμομαχων)
660 1802 772 1870 vieinis
797 1800 881 1883 suis,
904 1800 1012 1888 Tyriis
1040 1811 1070 1866 et
1095 1799 1246 1867 Sidoniis.
1271 1800 1369 1868 Causa

180 1925 353 2011 ignoratur.
372 1927 492 2016 Τυριοις
508 1951 559 1991 και
576 1923 732 2001 {edomare
753 1926 856 1993 Datioi
879 1937 952 1993 sunt
972 1927 1178 2004 directionis,
1196 1935 1230 1990 ut
1245 1935 1365 1991 vocant.

180 2049 323 2118 Verbum
345 2062 448 2118 autem
464 2051 653 2137 θυμομαχειν
670 2060 755 2118 notat
770 2071 853 2118 nuno
869 2050 996 2140 quidem
1013 2052 1165 2116 obstinato
1182 2051 1288 2114 auimo
1305 2050 1368 2113 bel-

180 2176 249 2240 lom
271 2196 402 2258 perere,
420 2196 503 2244 nuno
526 2196 599 2243 uero
621 2179 764 2261 insenso,
784 2178 886 2256 irato,
911 2179 1020 2241 naimo
1044 2199 1122 2242 esse.
1144 2171 1227 2245 Vide
1250 2173 1367 2262 Kypkii
1403 2167 1406 2173 ’

179 2297 348 2368 observatt.
373 2300 464 2368 adh.
484 2300 506 2366 l.
526 2302 628 2390 Atque
651 2299 711 2367 hoe
734 2320 828 2367 sensu
853 2301 1043 2386 Θυμομαχειν
1061 2300 1092 2366 in
1119 2298 1273 2388 praesenti
1299 2298 1368 2365 loeo

179 2422 367 2490 sumendum
384 2433 442 2490 est.
461 2424 540 2490 Nam
557 2422 595 2489 de
612 2423 694 2490 bello
711 2422 795 2511 quod
816 2422 957 2489 Herodes
974 2442 1045 2488 eum
1062 2421 1168 2507 Tyriis
1185 2433 1216 2487 et
1230 2420 1368 2489 Sidoniis

175 2545 328 2631 gessisset
343 2557 395 2612 ant
411 2556 497 2612 certe
512 2565 620 2633 gerere
635 2544 802 2626 voluisset,
828 2545 906 2612 nihil
923 2546 1045 2634 uspiam
1070 2545 1193 2632 legitur,
1212 2564 1270 2610 nee
1285 2542 1368 2632 apud

178 2666 229 2734 Fi.
243 2667 432 2758 iosephnm,
450 2690 508 2736 neo
524 2668 607 2757 apud
623 2669 718 2735 alium
735 2668 833 2735 ullum
851 2666 1150 2756 historiographum.
1171 2669 1252 2748 imo,
1271 2687 1367 2755 quum

175 2793 268 2879 Tyrii
286 2803 315 2860 et
332 2793 450 2860 Sidonii
477 2804 580 2860 essent
603 2804 677 2860 tuno
702 2791 852 2880 temporis
873 2789 990 2858 subditi
1007 2791 1238 2872 Romanorum,
1257 2810 1367 2879 parum
1480 2774 1481 2777 ¹

175 2915 348 3005 verisimile
376 2927 438 2996 est,
467 2917 624 2984 Herodem
652 2923 762 2983 ausum
790 2913 887 2981 fuisse
915 2912 1031 2980 bellum
1056 2913 1118 2981 illis
1143 2914 1271 2982 inferre.
1301 2915 1366 2982 Nee

179 3039 284 3107 obstat
311 3039 385 3108 huie
412 3041 658 3130 interpretationi
688 3039 772 3128 qnod
800 3040 879 3106 infra
908 3039 1054 3106 dicuntur
1079 3061 1191 3123 paoem
1217 3042 1368 3123 petivisse

179 3164 323 3253 (pronora
346 3164 495 3255 ειρηνην);
521 3185 610 3247 nam,
628 3175 663 3232 ut
678 3164 823 3253 Kypkius
840 3164 976 3242 monuit,
995 3185 1060 3247 paor
1076 3183 1138 3230 non
1155 3173 1272 3231 tantum
1289 3165 1368 3229 tetta

179 3286 366 3376 opponitur,
380 3287 479 3354 sedet
495 3311 739 3360 ακαταστασιαις
755 3286 788 3375 (t
806 3287 880 3354 Cor.
895 3286 975 3353 xlv
990 3305 998 3347 ε
1014 3283 1090 3370 55);
1107 3296 1137 3352 et
1148 3286 1219 3352 Aet.
1236 3286 1284 3351 IX
1299 3310 1307 3350 ε
1325 3286 1367 3353 55

181 3430 298 3496 separas
318 3431 422 3494 εχουσι
444 3408 559 3477 dieitur
573 3410 613 3477 de
629 3410 687 3491 iis,
705 3411 762 3496 qtte‘
776 3412 881 3494 quiete
898 3419 928 3473 et
946 3409 1120 3493 tranquille
1136 3411 1260 3474 oiooat.

230 3544 264 3598 at
281 3535 333 3599 itte·
348 3538 517 3600 anartimes
532 3547 687 3601 neaeram
702 3536 743 3599 od
759 3555 848 3613 eom,
870 3541 958 3624 eta).
976 3533 1066 3620 Tyrii
1082 3543 1185 3599 autem
1202 3541 1232 3598 et
1247 3532 1366 3599 Sidonii

181 3677 224 3720 eor
246 3660 408 3722 commerui
430 3660 597 3742 utriusque
621 3658 757 3722 civitatis
784 3659 906 3721 decreto
934 3651 1161 3756 (opossapadao)
1180 3674 1237 3742 per
1252 3654 1367 3741 legatos

108 3849 111 3853 ,
182 3797 259 3845 suos
286 3781 328 3843 ad
354 3779 515 3845 Herodem
543 3802 575 3844 se
601 3782 804 3844 conteteram
831 3777 988 3868 (παρησαν
1017 3799 1090 3867 προς
1118 3773 1248 3863 αυτον);
1275 3787 1368 3864 atque

182 3900 290 3968 Blasto
314 3902 453 3970 Herodis
476 3905 671 3968 ottbioaiario
695 3903 726 3968 iu
748 3912 851 3990 partas
879 3921 951 3969 suas
975 3909 1138 3984 pertracto
1166 3896 1366 3987 (πεισαντες),

183 4028 314 4114 aRege
343 4031 526 4112 petiverant
551 4039 585 4094 ut
608 4031 741 4112 pacifice
768 4026 907 4116 (pronora
935 4027 1062 4115 ειρηνὴν)
1088 4044 1160 4090 oum
1188 4023 1250 4089 illis
1277 4042 1368 4110 agere

184 4149 287 4216 vellet.
314 4150 405 4218 Ratio
426 4163 527 4219 autem
551 4152 709 4240 petitionis
731 4162 814 4231 erat,
832 4154 907 4236 quio
926 4155 1069 4233 ipsoram
1086 4151 1175 4233 rept'o
1191 4148 1369 4214 aiebatara

185 4279 292 4358 repis,
318 4277 388 4343 soil.
409 4278 542 4364 ¹regiona
562 4273 625 4360 (δια
649 4301 682 4341 το
706 4277 866 4367 τρεφεσθαι
890 4299 988 4340 aarum
1015 4298 1067 4349 την
1096 4297 1202 4365 >ratpoto
1230 4298 1290 4338 arro
1317 4299 1368 4349 της

186 4391 369 4479 βασιλικῆς,
390 4398 460 4465 soil.
484 4399 620 4488 χωρας);
641 4398 674 4466 h.
693 4420 723 4467 e.
743 4401 815 4488 qnia
838 4421 876 4467 ex
902 4400 1015 4467 Iudaea
1038 4400 1145 4486 Tyriis
1169 4398 1368 4487 Sidoniisque
