3074 5054
436 375 575 442 CAPUT
613 375 758 455 XXVii,
800 376 920 445 VERS.
966 378 1110 446 id—id.
1297 381 1362 446 575

174 561 291 650 χαλᾳν,
313 575 377 632 tum
401 564 492 631 etiarn
512 564 551 632 ob
575 565 688 633 seriem
712 566 909 633 narrationis.
933 565 1059 657 Συρτις,
1085 566 1233 651 Sprtlsa
1256 588 1357 656 copo,

176 691 285 769 lenito,
315 687 413 766 dicta,
440 699 569 756 vocatur
595 692 701 774 quiuis
728 701 849 757 tructus
872 693 974 757 moris
998 713 1160 757 arenosus.
1192 689 1360 775 Speciatim

176 832 249 879 vero
270 812 378 899 Syrtes
398 813 472 879 oiim
489 813 677 880 vocabantur
701 814 769 881 ioca
790 835 919 881 arenosa
948 814 1009 882 duo
1037 817 1067 882 in
1092 816 1193 883 iittore
1218 816 1359 895 Airicae3

176 936 306 1005 duarum
330 937 458 1003 istarum
476 937 614 1024 Syrtium
631 958 680 1020 εε,
699 958 812 1029 quoea
833 940 923 1006 Creta
947 940 1143 1008 venientibus
1169 940 1256 1029 prior
1272 940 1362 1007 obvia

176 1071 256 1141 erat,
272 1061 381 1146 Syrtis
394 1063 498 1126 ntoier
509 1060 685 1145 dicebatur,
699 1062 793 1130 altera
807 1063 918 1147 Syrtis
934 1065 1074 1130 mitteris
1087 1084 1199 1131 nomeu
1216 1062 1359 1132 habehat.

222 1307 367 1374 i8-20.
387 1307 498 1372 Velldo
511 1315 629 1383 aulem,
645 1307 733 1391 etc).
752 1306 830 1372 Cum
848 1316 950 1373 autem
966 1316 1150 1390 tempestate
1169 1310 1364 1374 luctaremur

177 1431 431 1520 (χειμαζομενων.
451 1429 602 1519 Particip.
627 1428 819 1520 imperfecti)
836 1432 1037 1496 oeltemmter
1053 1426 1231 1522 (spelpes),
1253 1440 1363 1497 nautae

177 1553 316 1643 sequenti
345 1552 395 1619 die
423 1556 540 1618 loetum
563 1548 720 1642 (cednico)
749 1555 901 1621 mercium
937 1553 1078 1621 iecerunt
1105 1552 1251 1621 levandae
1277 1554 1364 1620 navis

176 1678 285 1765 gratia.
317 1679 356 1745 ut
383 1678 434 1746 die
460 1679 549 1746 tertia
576 1678 614 1767 (i.
646 1698 675 1744 e.
706 1676 885 1767 postridie),
916 1689 1133 1768 perseverante
1161 1687 1362 1768 tempestate,

178 1804 295 1868 nostris
313 1803 377 1885 lpae‘
391 1804 526 1869 viatores
550 1804 697 1868 aeonibus
712 1803 907 1892 (αυτοχειρες)
923 1804 1011 1870 navis
1032 1806 1280 1889 suppellectilem
1300 1802 1362 1884 (την

177 1949 298 2009 ersom,
322 1938 394 2016 puta
412 1947 551 2006 mensaS,
578 1947 716 2008 scamna,
739 1927 850 2009 iectoS,
869 1926 983 2010 cetera)
1000 1931 1191 2018 proiecimus
1212 1929 1360 1997 inmane.

177 2054 254 2120 Cum
272 2063 374 2121 autem
392 2073 448 2142 per
465 2052 642 2142 complures
658 2050 725 2119 dies
742 2072 844 2141 neque
862 2052 962 2120 sidera
976 2064 1180 2142 apparerent,
1200 2065 1229 2121 et
1241 2056 1363 2138 pronis-

176 2180 256 2244 sime
273 2173 469 2266 (ουνφλιγου)
486 2185 651 2266 tempestas
668 2175 745 2243 mari
767 2178 918 2242 eonllrtuo
937 2179 1129 2243 incumberet
1145 2176 1359 2264 (επικειμενου.

177 2302 327 2391 Particip.
362 2285 569 2391 imperfecti),
604 2303 664 2369 iam
699 2322 799 2385 porro
834 2298 960 2385 (λοιπον)
990 2323 1123 2386 prorsus
1155 2304 1361 2388 auferebatur

178 2425 375 2516 (περιῃρειτο)
391 2426 492 2493 omnis
509 2445 581 2515 spes
597 2425 718 2492 salutis.
737 2463 778 2474 -
798 2424 913 2491 Panius
927 2436 1028 2491 tamen
1045 2447 1079 2493 se
1096 2446 1279 2509 evasurum,
1299 2448 1361 2516 quo

179 2549 271 2617 modo
284 2569 418 2637 cumque
431 2547 568 2630 tandem,-
586 2558 671 2616 certo
684 2545 915 2617 noverat.Vide
928 2567 1040 2636 supra,
1055 2551 1132 2638 Gap.
1147 2549 1260 2616 XXiii
1281 2575 1288 2617 :
1306 2552 1360 2618 il.

223 2670 330 2740 Verba
344 2695 396 2746 την
410 2693 518 2746 eaeo-p
531 2694 583 2735 του
596 2668 704 2734 πλοιου
718 2671 876 2758 interpres
893 2681 998 2736 noster
1011 2666 1146 2736 reddidit
1162 2681 1363 2737 armamento

178 2799 288 2881 tenvis,
312 2797 425 2885 quibus
447 2795 578 2864 vocibus
601 2796 627 2862 si
649 2794 734 2875 reia,
757 2814 904 2871 aucorem,
929 2793 1035 2873 iunes,
1061 2793 1181 2873 trabes,
1208 2805 1238 2861 et
1261 2804 1366 2861 cetera

179 2918 358 2987 huiusmodi
379 2918 583 3000 intellexerit,
608 2937 718 2985 vereor
739 2928 773 2985 ut
789 2928 948 2986 assecutus
971 2918 1011 2984 sit
1025 2917 1194 2986 verborum
1219 2937 1360 2985 sensum.

178 3043 257 3111 Nam
282 3041 331 3109 his
351 3041 444 3109 rebus
472 3061 579 3109 carere
601 3061 662 3108 non
680 3052 838 3130 poterant,
858 3053 888 3109 et
906 3040 1059 3109 anchoras
1083 3062 1145 3110 non
1169 3041 1265 3110 luisse
1292 3062 1366 3131 pro-

179 3166 274 3233 iectas
291 3184 328 3231 ex
345 3185 391 3231 rs.
407 3166 449 3231 m
467 3163 629 3232 discimus.
640 3202 683 3214 —
697 3163 763 3227 Ουκ
779 3162 883 3254 eleyon
900 3164 1017 3233 dictum
1035 3175 1082 3233 est
1098 3184 1155 3254 per
1175 3165 1311 3231 Litoten.
1322 3203 1364 3214 -

178 3289 240 3352 Επι
253 3298 287 3355 nt
299 3308 393 3377 supra
407 3308 476 3378 pag.
493 3291 570 3356 tm.
581 3326 625 3338 -
636 3290 696 3352 Του
711 3289 862 3362 anisolae
876 3299 923 3356 est
940 3288 1114 3357 infinitivus
1131 3288 1364 3370 nominassens,

180 3413 232 3501 qui
250 3412 363 3502 pendet
377 3411 416 3479 air
432 3423 609 3500 antegresso
626 3410 724 3488 ελπις.
747 3412 873 3501 Belgioe
890 3412 943 3480 hic
958 3411 1077 3480 dixeris
1097 3438 1106 3480 :
1124 3414 1186 3478 olle
1207 3415 1289 3496 loop
1304 3435 1367 3479 eon

179 3538 338 3603 beltoeelen
356 3548 383 3604 te
398 3539 540 3603 mordere.
567 3537 615 3603 De
641 3536 872 3626 praepositione
897 3557 964 3625 περι
988 3533 1227 3624 incompositis
1250 3535 1368 3604 videsis

179 3660 333 3728 Zeunium
351 3659 389 3729 ad
406 3660 515 3748 Vigor.
534 3659 611 3749 Cap.
630 3660 691 3726 iX.
710 3660 793 3726 Sect.
812 3660 890 3739 Vii,
908 3657 927 3748 S
943 3660 1003 3725 iX.

227 3893 373 3961 ἳΙ-ἳθ,
399 3893 445 3958 El
465 3912 537 3958 cum
561 3893 664 3957 cotella
689 3892 840 3956 leiuttott‘o
863 3892 989 3975 suisset,
1014 3895 1101 3970 elci.
1131 3889 1237 3974 Quum
1265 3898 1367 3955 autem

183 4037 257 4106 prae
273 4037 428 4096 moerore,
447 4016 487 4084 ob
500 4019 680 4083 continuum
699 4024 815 4081 metum
835 4013 997 4102 naufragii,
1017 4012 1118 4080 acibo
1135 4011 1287 4078 sumendo
1304 4011 1369 4078 iere

183 4131 373 4210 abstinerent
388 4142 607 4232 (ὑπαρχουσης.
626 4139 776 4228 Pariicip.
802 4137 1004 4227 imperfecti),
1032 4147 1100 4202 lum
1125 4135 1215 4219 (τοτε)
1239 4135 1369 4216 PauluS,

183 4278 218 4335 ut
233 4267 265 4333 in
287 4265 336 4334 his
351 4265 501 4354 angustiis
524 4265 619 4332 sociis
639 4263 705 4331 suis
721 4263 842 4329 animos
864 4260 1011 4342 adderet,
1036 4264 1152 4327 sistens
1168 4281 1201 4327 oe
1224 4257 1372 4349 (σταθεις)

186 4391 221 4455 in
234 4391 338 4456 ntedlo
354 4409 483 4468 eorem,
502 4387 525 4454 i.
544 4407 574 4455 ε.
593 4387 762 4465 intereos,
781 4383 828 4452 sic
850 4383 921 4453 iilos
937 4385 1089 4452 allocutus
1105 4393 1152 4452 est
1171 4406 1179 4451 ε
1199 4382 1371 4472 Oportebat
