3074 5054
197 397 242 465 76
550 397 686 466 ACTUS
721 397 1058 481 APOSTOLORUM,

198 591 351 669 esperod
370 581 605 669 αποδεξαμενοι,
625 583 658 650 h.
685 605 714 649 e.
736 590 794 670 pul
812 608 886 670 erpo
912 589 1043 653 libenter
1068 601 1270 674 receperunt,
1296 591 1388 679 cet).

196 705 245 771 llli
263 726 337 792 ergo
358 704 456 794 (cou)'
474 706 527 794 qni
545 718 734 794 receperunt
749 705 999 795 (αποδεξαμενοι)
1019 730 1076 776 suo
1098 731 1246 789 assensu,
1266 712 1326 778 hoc
1344 721 1391 778 est

195 826 396 894 admittebant
427 829 511 896 Petri
534 828 780 895 exhortationem
808 830 874 918 (rou
904 829 992 919 loyor
1018 831 1148 920 aaron),
1181 852 1239 920 qua
1265 831 1387 898 dixerat

193 954 384 1034 salvamini,
408 948 636 1025 adauctae-naar
655 952 748 1039 (Aur.
778 973 861 1040 pass.
890 974 961 1020 cum
980 955 1106 1022 notione
1130 954 1215 1021 Med.
1235 967 1269 1022 ut
1293 976 1388 1044 supra

193 1093 239 1138 vs.
265 1070 323 1156 to)
346 1075 501 1156 baptizati
523 1086 617 1157 saut,·
646 1094 747 1162 eoquo
775 1072 826 1139 dio
854 1075 1062 1142 adiunxerant
1089 1096 1158 1143 sese
1186 1075 1386 1167 (προσετεθη-

193 1195 267 1282 σαν)
283 1196 352 1262 scil.
372 1198 533 1262 Ecclesiae
550 1197 606 1284 (ol.
632 1197 712 1262 infra
731 1218 776 1263 vs.
795 1198 853 1284 tt)
870 1199 996 1264 circiter
1012 1198 1070 1265 tria
1093 1199 1189 1265 millia
1205 1198 1383 1265 homiuum.

191 1314 298 1401 Ψυχαι
316 1318 443 1404 ponitur
460 1338 517 1405 pro
540 1319 691 1405 ανθρωποι
712 1342 719 1381 :
739 1319 821 1384 scire
842 1330 962 1400 autem,
986 1320 1081 1385 sit-ue
1098 1318 1160 1387 hoc
1177 1339 1214 1385 ex
1232 1319 1385 1407 ‘loquendi

191 1458 277 1504 more
295 1440 511 1506 Hebraeorum
524 1441 594 1529 (aaa
620 1439 659 1506 de
676 1440 844 1528 persona),
864 1462 901 1507 an
916 1461 990 1507 vero
1004 1442 1095 1508 etiam
1113 1441 1285 1528 scriptores
1303 1441 1383 1508 bene

190 1560 305 1627 Graeci
322 1560 369 1625 sia
386 1560 480 1627 locuti
495 1559 621 1640 luerint,
637 1560 716 1627 nihil
733 1573 839 1628 nostra
856 1561 908 1628 hic
924 1563 1065 1627 interest.

217 1662 353 1747 'Vocem
381 1681 604 1770 apocarctnaaa
632 1679 726 1769 (Aor-
746 1685 760 1748 1
783 1685 872 1748 Pass.
899 1701 970 1748 cum
988 1683 1114 1749 notione
1135 1680 1239 1770 Med.)
1257 1681 1380 1751 reddidi

187 1802 407 1866 adiuuaernnt
431 1824 475 1866 se.
502 1802 743 1892 Προστιθεσθαι,
761 1804 803 1869 ait
818 1804 932 1869 Bosius
957 1803 1007 1888 (ad
1032 1802 1065 1869 lt.
1093 1803 1145 1882 1.),
1174 1803 1304 1871 Graecis
1330 1803 1378 1870 di·
1419 1896 1422 1901 1

188 1932 302 1988 cuntur
319 1924 370 2010 qui
394 1935 560 1989 transeunt
583 1928 618 1989 irc
639 1937 767 2008 partes,
794 1927 975 2006 adittatpunt
998 1947 1031 1989 se
1054 1926 1201 2007 partious
1227 1927 1378 1990 alicuius.

187 2043 240 2110 Sia
256 2043 444 2112 Plutarchus
460 2046 539 2112 dixit
558 2070 565 2110 ε
585 2047 777 2134 npccctdcrca
794 2044 973 2126 Αθηναιοῑς,
992 2049 1141 2128 tediurtpc't
1157 2067 1190 2109 se
1202 2046 1380 2111 Athenien-

186 2166 283 2231 ntus.
311 2166 398 2233 Siout
418 2187 513 2254 supra
535 2169 566 2233 in
590 2167 713 2248 verbis,
741 2189 951 2252 puoscnrapne
975 2169 1177 2231 advocaverit
1201 2168 1377 2243 Dominus,

186 2284 287 2352 edocti
309 2286 425 2354 luimus
446 2287 569 2354 divinae
590 2290 706 2375 gratiae
727 2289 896 2367 auxilium,
921 2289 961 2353 ita
980 2308 1018 2353 ex
1040 2287 1195 2374 praesenti
1218 2286 1375 2353 versiculo

185 2408 286 2475 elucet
301 2410 421 2476 arbitrii
439 2409 566 2478 libertas
580 2411 610 2476 in
625 2409 817 2500 repudianda
833 2421 885 2477 aut
897 2408 1085 2475 admittenda
1102 2407 1163 2474 fide
1180 2407 1371 2475 Christiana.

230 2653 287 2718 tn.
306 2654 413 2717 Erant
430 2662 536 2715 autem
558 2660 812 2734 perseverantes,
839 2657 927 2736 cet).
948 2648 1083 2735 Scripsit
1100 2651 1201 2715 Lucas
1218 2671 1373 2740 προσκαρ-

184 2795 352 2863 τερουντες,
375 2793 435 2838 non
460 2795 764 2862 apocnaprcpcvcaa,
794 2791 982 2859 quamquam
1010 2771 1165 2837 antecedit
1186 2770 1296 2857 ψυχαι.
1315 2771 1371 2837 Ni-

182 2894 297 2958 mirum
322 2894 512 2961 constructio
538 2905 600 2972 est,
635 2914 728 2981 quam
756 2902 884 2972 vocant,
914 2895 956 2956 ad
983 2914 1132 2973 seersum,-
1162 2892 1259 2979 ψυχαι
1288 2892 1371 2956 euim

182 3016 407 3098 taretttpantnr
432 3015 586 3081 homines.
617 3017 666 3080 De
693 3015 849 3081 locutione
886 3036 1119 3103 npccnaprepaa
1156 3036 1214 3076 τινι
1250 3011 1371 3098 egimus

180 3154 276 3223 supra
291 3136 330 3202 ad
346 3138 423 3224 Cap.
451 3139 463 3203 l
493 3140 576 3203 :tta
603 3138 760 3203 Dicuntur
785 3135 837 3201 hio
862 3137 933 3202 novi
958 3136 1002 3202 illi
1029 3136 1198 3202 Christiani
1224 3154 1370 3222 perseve-

179 3266 283 3322 ranter
308 3257 455 3324 institisse
485 3261 518 3324 l⁰
545 3282 581 3345 cp
606 3253 741 3344 dadapp,
769 3277 830 3344 qua
856 3256 908 3322 hio
936 3256 1117 3342 intelligitur
1141 3255 1366 3342 Apostolorum

178 3382 355 3459 institutio,
378 3392 465 3446 octus
485 3382 638 3461 docendi;
661 3378 787 3466 Belgica
808 3382 845 3444 de
862 3383 1099 3463 oaderriptiup.
1121 3380 1155 3444 2⁰
1172 3403 1208 3465 cp
1225 3399 1368 3459 κοινωνιᾳ

178 3526 227 3564 και
251 3526 287 3588 cp
308 3500 429 3564 alance
450 3516 504 3564 cao
525 3523 632 3589 aproo,
656 3503 687 3566 in
710 3522 772 3588 quo
796 3501 947 3587 Vulgatae
969 3501 1123 3588 interpres
1140 3500 1263 3585 agnovit
1281 3501 1368 3565 Hen-

210 3761 229 3824 1)
247 3761 314 3812 Van.
333 3774 403 3810 cuer.
424 3768 565 3830 ασμενως
581 3772 634 3811 non
650 3759 746 3822 legitur
791 3759 887 3810 videsis
899 3758 1064 3822 Hoogevoeni
1082 3757 1168 3808 Docta
1185 3755 1279 3807 Partic.
1300 3770 1364 3821 pag.

176 3843 204 3893 in
221 3842 322 3899 ABCD,
340 3855 389 3893 nec
407 3843 434 3891 in
456 3843 542 3893 Verss.
564 3842 639 3907 Copt.
654 3842 742 3894 Sahid.
791 3843 855 3902 tito,
870 3841 915 3890 tx.

174 3924 277 3990 Aetiop.
291 3923 378 3987 vulg„
394 3936 442 3975 nec
458 3924 554 3975 aBeda
574 3924 696 3986 (Retraot.
716 3924 744 3973 in
824 3913 843 3978 ‘l
861 3914 926 3964 Vm.
946 3927 1016 3963 LECT‘
1035 3913 1120 3963 Verba
1133 3927 1184 3965 καί
1201 3929 1236 3990 fn
1254 3901 1363 3967 κλάσει

174 4005 233 4057 Act.
255 4005 326 4070 apud
347 4004 480 4071 Sabatier)
505 4005 571 4056 lecta
598 4005 657 4056 suit.
681 4006 744 4056 Ant·
789 4011 844 4048 non
859 3998 985 4061 leguntur
997 3998 1023 4047 in
1036 3999 1111 4050 codd.
1130 4002 1174 4051 At)
1185 4005 1211 4051 et
1226 4001 1298 4051 Vers.
1309 4000 1362 4052 Sa-

174 4089 228 4152 bigi
240 4102 315 4153 posse
334 4089 447 4152 videtur,
465 4090 549 4141 sit-ne
562 4089 676 4154 genuina
692 4101 744 4140 vox
789 4077 883 4129 hidicfl·
897 4105 931 4114 -
947 4077 1011 4128 Itala
1026 4078 1125 4130 hobel:
1146 4100 1157 4125 α
1170 4081 1252 4131 Erant
1272 4086 1362 4132 autem

175 4179 325 4240 ασμενως.
789 4159 918 4209 instantes
948 4158 1082 4210 doctrinae
1109 4161 1304 4225 Apostolorum,
1334 4168 1362 4213 et

788 4240 1018 4292 communicationi
1052 4245 1078 4292 et
1111 4241 1230 4294 fractioni
1265 4243 1358 4307 panis,

151 4365 154 4370 .
206 4317 225 4380 ²)
243 4317 280 4368 Da
313 4319 339 4368 vi
375 4319 547 4372 continuandi
581 4320 741 4383 orationem,
788 4324 814 4372 et
833 4320 1004 4374 orationibus.
1030 4325 1151 4388 »Atque
1175 4322 1359 4376 hancloctto-

172 4411 251 4461 quam
286 4399 328 4452 hic
361 4402 463 4455 obtinet
499 4403 627 4454 Particula
668 4419 738 4474 ova,
787 4418 848 4456 nem
860 4405 967 4457 Codices
984 4403 1074 4457 Graeci
1096 4406 1149 4458 tere
1168 4420 1259 4458 omnes
1279 4407 1359 4459 exhi-
