3074 5054
181 369 224 433 96
543 366 677 433 ACTUS
714 366 1044 446 APDSTDLDRUM,

177 576 394 625 successorum
411 556 628 624 stabiliendum
645 568 676 622 et
691 554 898 622 inchoandum
918 555 1133 642 lerosolymis‚
1152 556 1224 623 inde
1240 577 1355 646 propa-

174 677 308 766 gandum
325 699 382 768 per
404 680 580 746 universam
602 678 764 758 Iudaeam,
782 679 1023 767 universamque
1043 678 1232 760 Samariam,
1250 690 1280 745 et
1296 701 1355 768 per
1417 710 1422 717 ·

175 823 283 871 omnes
306 801 418 869 deinde
441 804 593 870 nationes.
611 805 680 889 Qua
696 803 856 870 latitudine
881 824 1008 890 regnum
1033 803 1164 870 carnalis
1189 802 1240 870 ille
1257 805 1353 871 lsrael

176 947 344 1016 numquam
368 926 492 1008 habuit,
518 948 686 1015 numquam
711 928 916 1016 exspectavit,
942 948 1111 1016 numquam
1127 928 1273 1016 speravit.
1292 931 1354 995 Ea-

176 1051 247 1118 dem
274 1052 367 1118 verba
395 1050 510 1118 Christi
538 1052 664 1118 Domini
694 1051 838 1118 rclellunt
865 1071 972 1117 omnes
1002 1052 1089 1133 illos,
1113 1052 1165 1139 qni
1194 1072 1266 1117 oum
1291 1053 1353 1118 sint

177 1172 341 1252 baeretici,
371 1194 459 1241 suam
485 1175 772 1262 congregationem,
798 1195 995 1262 quocumque
1022 1176 1147 1241 nomine
1174 1185 1350 1254 censeatur,

176 1295 331 1363 venditant
352 1298 476 1364 nomine
498 1298 656 1364 Ecclesiae
672 1295 805 1375 Christi3
831 1297 1105 1386 quoniamldooere
1122 1317 1181 1363 non
1200 1308 1350 1385 possunt,

176 1414 250 1487 snae
272 1430 374 1486 sectae
395 1422 644 1488 communitatem
668 1421 841 1488 inchoatam
859 1434 888 1487 et
909 1423 1071 1511 propagari
1094 1434 1234 1511 coeptam
1257 1423 1353 1490 luisse

178 1543 377 1629 ierosolymis
402 1565 458 1632 per
483 1544 648 1633 Apostolos
671 1546 789 1634 Spiritu
813 1546 925 1613 Sancto
947 1557 1017 1634 post
1037 1546 1271 1613 adscensionem
1288 1548 1352 1614 Do·

175 1667 250 1733 mini
280 1666 433 1755 repletos,
464 1687 500 1734 ac
525 1668 597 1736 inde
621 1668 765 1736 diffusam
795 1690 851 1757 per
881 1668 1024 1736 ludaeam
1053 1681 1083 1736 et
1109 1670 1297 1750 Samariam,
1323 1683 1354 1736 et

176 1812 272 1874 osque
287 1794 329 1856 od
344 1795 496 1857 ultimum
517 1803 633 1858 terroe.
653 1794 723 1878 Quo
748 1805 926 1880 argumento
945 1767 982 1859 S.
1001 1794 1191 1879 Augustinus
1216 1794 1245 1859 in
1271 1793 1352 1861 libro

177 1913 230 1979 illo
257 1932 352 1979 aureo
375 1914 413 1981 de
439 1917 567 1980 Unitote
588 1918 758 1996 Ecclesiae,
777 1917 853 2004 Cap.
872 1916 931 1994 Xl,
951 1915 1101 1996 ostendit,
1120 1916 1352 1986 Donatistarum

175 2056 299 2123 gregem
317 2037 488 2104 Ecclesiam
505 2037 620 2105 Christi
645 2060 705 2106 non
731 2060 817 2118 esse,
836 2052 864 2106 et
884 2051 990 2106 contra
1014 2040 1154 2128 quamvis
1170 2040 1261 2107 aliam
1278 2040 1351 2109 hae-

175 2159 342 2227 reticorum
370 2161 580 2249 quorumlibet
606 2161 788 2241 colluviem,
818 2162 876 2229 sibi
901 2183 1010 2229 nomen
1041 2162 1199 2228 Ecclesiae
1230 2163 1349 2230 Christi

175 2294 388 2369 arrogantem,
406 2282 511 2350 eadem
536 2284 654 2350 ratione
671 2284 754 2351 idem
775 2295 988 2371 argumentum
1011 2283 1103 2350 valet.
1124 2283 1157 2350 ld
1174 2285 1258 2373 quod
1282 2286 1351 2352 aliis

176 2405 278 2472 verbis
293 2406 354 2473 dici
372 2418 472 2495 potest
490 2434 498 2475 ε
517 2407 632 2475 nullam
650 2407 876 2475 haereticorum
892 2408 1119 2476 multitudinem
1137 2429 1228 2498 posse
1244 2410 1350 2476 vocari

177 2528 366 2596 Catholicam
392 2529 488 2618 (quae
511 2542 558 2597 est
584 2550 644 2598 una
671 2533 894 2620 proprietatum
923 2530 1113 2613 Ecclesiae),
1143 2552 1179 2597 eo
1207 2531 1290 2619 quod
1320 2533 1351 2597 in

176 2653 294 2719 ratione
328 2653 421 2721 huius
453 2655 590 2722 attributi
618 2653 786 2721 includitur
813 2655 905 2720 etiam
935 2654 994 2721 hoc
1027 2655 1108 2743 quod
1146 2655 1194 2721 his
1222 2657 1349 2722 Domini

176 2777 278 2844 verbis
306 2778 505 2866 exprimitur,
535 2777 655 2845 scilicet
681 2778 764 2864 quod
791 2798 826 2844 ea
855 2799 915 2843 non
944 2778 1044 2845 solum
1076 2779 1266 2846 diffundatur
1293 2802 1351 2869 per

56 2877 57 2880 Ἴ
177 2919 284 2966 omnes
309 2912 425 2981 terras,
444 2900 499 2968 sed
528 2902 619 2969 etiam
643 2901 726 2990 qood
746 2902 839 2968 huius
864 2903 1092 2990 propagationis
1117 2903 1235 2969 initium
1257 2901 1351 2968 fuerit

177 3023 392 3109 [erosolymis,
422 3024 493 3091 inde
522 3044 702 3113 progressae
731 3045 786 3113 per
815 3023 956 3090 ludaeam
985 3036 1014 3090 et
1041 3025 1228 3104 Samariam3
1257 3025 1351 3112 idque

149 3221 153 3228 ι
177 3142 295 3221 totum,
309 3145 459 3212 ministris
482 3147 550 3212 eius
568 3146 681 3233 negotii
697 3147 855 3235 Apostolis
872 3146 1017 3222 Domini,
1035 3166 1141 3235 perse
1158 3158 1187 3212 et
1203 3167 1259 3235 per·
1275 3169 1351 3215 suos

175 3267 389 3334 subsidiarios.
411 3268 479 3334 Tali
503 3269 585 3335 enim
608 3268 718 3348 modo,
744 3269 776 3336 id
798 3281 861 3347 est,
887 3289 943 3357 per
965 3289 999 3334 se
1021 3281 1049 3334 et
1074 3278 1167 3348 suos,
1190 3271 1351 3358 praestite-

176 3403 246 3456 runt
262 3391 294 3457 id
310 3391 394 3480 quod
411 3393 565 3458 Dominus
582 3391 634 3458 hic
649 3393 726 3480 ipsis
746 3392 944 3478 injungebat:
965 3395 1057 3458 eritis
1072 3395 1155 3457 inihi
1172 3405 1272 3472 testes,
1287 3406 1348 3461 etc.

175 3513 224 3578 uf.
251 3514 382 3581 Tertull.
401 3516 438 3578 de
454 3516 640 3597 Praescrip.
660 3517 737 3603 Cap.
757 3517 816 3592 52,
835 3526 864 3580 et
880 3515 913 3581 S.
932 3518 1012 3601 Aug.
1031 3517 1069 3578 dc
1094 3517 1221 3580 unitate
1242 3519 1350 3581 Eccle-

176 3639 259 3714 siae,
279 3638 356 3725 Gap.
380 3639 413 3704 l.
432 3637 531 3704 Valde
550 3649 651 3703 autem
676 3636 967 3730 ponderandasunt
994 3638 1051 3702 ista
1080 3636 1204 3702 Domini
1235 3638 1348 3718 verba,

177 3780 267 3826 suum
285 3761 383 3848 ipsius
400 3781 530 3848 corpus,
546 3759 630 3848 quod
646 3773 692 3826 est
710 3760 865 3840 Ecclesia,
880 3759 1096 3828 describentis.
1113 3789 1125 3817 r

221 4003 254 4068 9.
281 4003 417 4065 elevatus
435 3999 507 4085 est).
526 4003 644 4069 Graece
660 4002 786 4090 επηρθη,
801 4000 833 4067 id
856 4012 918 4080 est,
936 4022 1064 4065 sursum
1088 4004 1188 4079 lotus,
1206 4002 1349 4066 sublatos

177 4138 241 4209 est,
260 4145 359 4214 eoque
387 4126 481 4192 verbo
509 4124 697 4192 describitur
724 4126 791 4192 cius
815 4126 1025 4192 adscensionis
1049 4137 1079 4191 et
1102 4125 1292 4213 principium
1321 4138 1350 4192 et

178 4248 379 4314 continuatio.
402 4247 587 4335 Spectabant
610 4260 710 4315 autem
739 4249 879 4336 Apostoli
905 4258 965 4313 tota
995 4247 1072 4313 facie
1096 4267 1244 4313 conversa
1267 4245 1350 4336 (βλε-

179 4396 292 4439 ποντων
309 4371 424 4459 curor)
440 4373 619 4461 magistrum
644 4393 734 4440 strum
753 4373 793 4438 ita
813 4371 1061 4440 adscendentem.
1081 4371 1186 4438 Relert
1202 4372 1302 4438 Lucas
1318 4373 1349 4437 in
