3074 5054
183 400 248 466 556
542 397 678 465 AGTUS
713 396 1043 478 APOSTOLORUM,

229 591 284 656 t7.
311 589 366 656 Sia
392 592 481 653 euim.
503 591 687 671 praecepit,
713 588 801 672 eta).
826 587 892 654 Nee
916 587 1054 675 private,
1081 586 1242 676 inquiunt,
1267 598 1379 654 auoto-

184 713 274 781 ritute
299 713 360 779 iem
385 711 542 782 Gentibus
562 711 774 813 proeliantem
800 710 915 777 ibimus
940 710 1160 796 Evangelium;
1186 732 1261 775 aaut
1286 709 1377 800 (γαρ)

184 841 270 904 aecta
300 839 390 902 nobis
422 839 507 902 Deua
534 838 722 902 matidataoo
749 838 806 901 boo
835 836 928 922 (οὑτω
961 857 1019 924 pap
1051 833 1224 899 εντεταλται
1254 835 1330 920 eipso
1359 839 1375 898 ὁ

175 961 309 1051 Κυριος)
332 984 340 1025 t
364 961 465 1026 Posui
492 971 520 1025 te
548 963 583 1025 ia
612 962 711 1026 lacem
741 959 912 1042 Gentium,
939 969 975 1024 at
998 963 1052 1040 sis,
1084 970 1145 1026 eto.
1164 997 1207 1008 -
1235 959 1372 1026 Ellatum

175 1086 237 1153 hoo
261 1086 374 1174 legitur
397 1087 428 1152 iu
455 1086 552 1152 Isaiae
576 1085 722 1151 vaticinio
741 1085 828 1174 (Cep.
855 1084 957 1152 XLlX
979 1108 986 1150 :
1009 1087 1053 1168 6).
1082 1084 1196 1151 lebona
1216 1083 1257 1152 ibi
1276 1083 1369 1150 indu·

175 1210 258 1276 eitun
280 1209 319 1277 ad
344 1210 490 1277 Messinm
515 1209 646 1297 loquens
667 1210 698 1274 iu
723 1207 804 1275 bano
825 1209 1034 1275 sententiam:
1062 1208 1219 1275 Constitui
1240 1219 1268 1272 te
1290 1209 1369 1273 illa-

178 1335 368 1399 minatorem
392 1335 552 1418 quebant,
577 1344 614 1398 at
637 1337 769 1398 salntem
788 1335 904 1416 offeras
928 1334 1088 1398 altinensis
1105 1335 1190 1398 orbis
1206 1343 1373 1396 terrorum

175 1459 370 1523 ootiooibas.
386 1456 529 1546 Apostoli
547 1476 620 1544 ongo
636 1456 669 1523 id
686 1455 768 1544 quod
786 1456 824 1524 ud
841 1458 988 1523 Messinm
1006 1455 1121 1523 dietum
1138 1455 1254 1536 luerat,
1274 1455 1312 1523 ad
1331 1475 1366 1521 se

175 1580 375 1648 transierunt.
396 1584 435 1648 lit
451 1592 535 1648 neate
552 1580 693 1670 quidem3
713 1601 783 1648 num
806 1581 867 1649 bne
883 1582 1062 1648 vaticinium
1086 1581 1209 1670 impleri
1229 1580 1364 1648 debebat

175 1725 232 1794 pon
254 1706 388 1773 blessiae
412 1704 526 1793 legatos
552 1705 617 1772 siue
639 1705 824 1795 Apostolos,
850 1706 964 1794 quibus
990 1705 1067 1773 adeo
1096 1725 1152 1794 pet·
1175 1706 1277 1793 ipsum
1302 1703 1367 1771 boe

173 1827 353 1895 vaticinium
372 1831 526 1913 implicite
541 1839 739 1917 praeceptum
757 1827 869 1908 luerat,
885 1839 918 1894 ut
931 1830 1033 1895 lesum
1047 1828 1194 1894 Messinm
1208 1826 1365 1895 Gentibus

175 1953 402 2043 praedicarent.
421 1993 466 2004 --
481 1952 664 2018 Εντεταλται
687 1953 737 2043 (ab
765 1951 957 2040 εντελλομαι)
982 1965 1029 2020 est
1053 1951 1230 2020 Penleotum
1259 1951 1368 2019 Passi-

175 2104 248 2152 vum
272 2105 344 2153 oum
372 2085 497 2153 notione
523 2085 645 2163 Media,
671 2095 705 2152 ut
730 2105 824 2173 sopra
849 2106 896 2152 us.
922 2087 943 2153 a
968 2081 1210 2172 προσκεκλημαι.
1236 2121 1280 2131 -
1302 2083 1367 2146 Του

178 2231 256 2272 cauea
273 2233 307 2274 σε
323 2220 358 2276 ut
374 2229 469 2298 supra
485 2209 528 2276 lX
548 2234 556 2275 ε
578 2211 630 2276 lb.

225 2446 286 2512 tu.
314 2444 489 2510 attolentes
511 2456 614 2511 autem
635 2454 759 2529 penten,
786 2445 873 2528 eta).
895 2443 974 2510 Com
997 2454 1102 2508 atatem
1119 2442 1258 2511 Gentiles
1274 2447 1368 2509 aodi-

177 2580 252 2636 reat
278 2569 459 2657 (annonara,
484 2569 634 2657 Pnutieip.
665 2567 805 2657 lmpenl.l
831 2567 998 2657 Apostolos
1027 2566 1103 2633 haee
1131 2575 1189 2656 (vs.
1217 2570 1279 2646 bb,
1307 2569 1368 2657 47)

178 2695 336 2773 dieenteS,
351 2693 446 2781 gavisi
463 2704 535 2759 sunt
551 2692 590 2760 de
606 2712 663 2758 suo
682 2691 779 2771 bono,
799 2703 828 2757 et
844 2692 1063 2775 plorificobaat
1080 2686 1250 2780 (εδοξαζον,
1270 2692 1369 2781 imp.)

176 2818 304 2882 verbam
319 2818 453 2882 Domini
461 2843 473 2896 ,·
490 2837 568 2894 uon,
595 2826 629 2883 ut
654 2813 759 2882 ludaei
782 2815 845 2894 illi,
864 2813 1014 2880 nonvieiis
1031 2813 1202 2880 doetoiunm
1226 2815 1369 2902 Evange-

176 2939 268 3006 lieam
290 2937 503 3020 itaoessebant3
522 2937 578 3005 set
601 2949 709 3006 eontra
737 2937 910 3005 houonifine
932 2937 971 3004 de
987 2937 1039 3003 illa
1057 2935 1281 3024 loquebantur,
1300 2937 1369 3006 leu-

180 3061 272 3129 dibus
289 3061 428 3130 eamdem
445 3064 639 3131 extollentes.

225 3198 255 3253 et
269 3190 472 3253 crediderunt
487 3199 637 3274 quotquot
652 3201 744 3254 eraut
757 3191 984 3273 praeordinati
1005 3191 1046 3253 ad
1065 3191 1160 3254 vitata
1177 3195 1365 3274 aeternam).

186 3313 302 3380 Sensus
326 3312 438 3380 honum
466 3313 632 3381 verborum
660 3323 732 3380 est:
758 3312 866 3380 Fidem
895 3312 1102 3379 Christianam
1132 3312 1265 3401 amplexi
1295 3325 1370 3381 sunt

189 3448 340 3527 quotquot
367 3448 453 3504 ouant
482 3457 499 3504 a
525 3438 594 3503 Deo
622 3437 828 3526 praeordinati
858 3438 922 3504 sive
955 3435 1172 3524 praedestinati
1201 3439 1243 3502 acl
1271 3441 1368 3506 uitam

181 3565 368 3628 aeternam.
386 3563 502 3628 -Est
524 3570 625 3626 autem
649 3563 715 3626 nita
736 3571 868 3626 aeterna
891 3559 943 3626 hie
968 3558 1167 3646 intelligendu
1184 3569 1218 3625 ut
1233 3559 1264 3625 iu
1282 3571 1369 3628 nute-

178 3703 285 3771 gnesso
309 3688 367 3769 (us.
387 3685 441 3775 tt)
465 3683 555 3750 effato
581 3707 588 3749 :
611 3685 763 3767 qaouiom
787 3685 934 3766 a’oolipoos
964 3701 1016 3746 nos
1045 3682 1193 3746 iudicatis
1218 3692 1369 3748 aeternae

180 3811 281 3888 vitoe,-
302 3806 436 3896 postulnt
459 3805 520 3873 hon
542 3815 683 3873 contexta
706 3805 956 3895 Histbniognepbi
987 3805 1101 3871 oratio.
1129 3805 1224 3892 Atqui
1250 3804 1293 3873 ibi
1322 3807 1369 3887 (ut

183 3943 213 3998 et
237 3933 323 3998 loen.
348 3930 439 4000 XVll
462 3952 470 3994 z
497 3934 528 4015 5)
555 3933 621 3997 otta
643 3942 771 3997 aeterna
798 3950 855 4018 pen
870 3928 1094 4014 Metonymiam
1120 3927 1235 3995 dieitur
1250 3927 1289 3995 de
1306 3925 1367 3995 lide

187 4092 382 4102 ——--

217 4169 236 4235 ¹)
254 4169 282 4221 S.
311 4167 403 4233 Chrys.
432 4165 506 4218 Hom.
536 4165 610 4218 XXX
637 4168 665 4217 in
691 4167 749 4218 Act.
796 4161 859 4215 b.e.
877 4161 1228 4224 «Prooordioatidieit,ut
1246 4161 1366 4214 ostendat

183 4248 366 4335 Teraypeuot
401 4239 433 4306 δε
466 4264 563 4322 suaso,
590 4245 638 4303 loa
670 4237 749 4329 δειξῃ
796 4255 823 4306 id
846 4268 899 4306 non
919 4269 967 4321 pen
994 4255 1175 4307 necessitatem
1203 4255 1269 4306 lieni.
1296 4255 1366 4317 Quae

185 4342 225 4410 ὡς
252 4361 287 4400 ου
317 4339 383 4398 κατ’
416 4355 560 4421 αναγκην.
595 4332 656 4406 Ouia
690 4355 748 4421 pap
794 4348 862 4400 enim
876 4348 1038 4412 praescivit,
1061 4348 1163 4414 inquit,
1177 4346 1365 4411 etpraoaeeo'-

74 4459 79 4469 κ
184 4449 338 4518 προεγνω,
372 4448 462 4514 φησι,
489 4447 540 4486 και
569 4445 748 4515 προωρισεν.
798 4439 907 4490 tonuit.»
