3074 5054
176 368 220 432 50
515 361 649 428 ACTUS
679 361 1004 444 APOSTOLORUM,

177 551 247 618 scil.
274 552 375 632 iilius3
404 551 462 618 fuit
484 553 510 617 is
534 551 653 639 prirnus
677 552 911 639 Hierosolymae
934 555 1128 643 Episcopus3
1156 553 1237 621 idern
1260 555 1381 621 etiam*

176 675 307 740 Iacobus
329 677 437 739 minor
460 682 490 739 et
511 677 616 757 proter
638 675 773 740 Domini
796 677 982 744 nominatur.
1004 679 1104 745 Huius
1129 678 1232 750 laoohi
1258 677 1355 744 irater

176 813 241 869 erat
268 802 312 879 is,
342 800 395 888 qui
423 800 455 865 in
488 798 547 866 hoc
573 799 710 887 catalogo
743 812 898 889 postrerno
927 803 994 871 loco
1029 816 1218 871 recensetur.
1250 806 1353 869 Indos

176 926 302 1004 Iconii,
325 924 443 992 scilicet
468 925 605 1007 froler¹3
630 922 682 990 hic
710 924 800 991 etiarn
832 927 1016 993 Tincoldoeus
1038 927 1206 994 vocabatur
1226 937 1256 993 et
1275 927 1354 992 Leb-

107 1069 109 1071 ’
176 1048 279 1114 bomo.
312 1047 372 1132 Qui
406 1047 575 1135 praecessit
601 1044 753 1129 Iacobus,
784 1046 811 1112 is
842 1046 993 1114 Zebedaei
1026 1060 1091 1114 erat
1125 1047 1224 1125 filius,
1257 1046 1354 1113 irater

177 1171 300 1238 ioannis
328 1170 481 1258 Apostoli.
512 1170 624 1234 Simon
655 1170 791 1248 zelotes,
825 1170 986 1238 Graecei
1015 1168 1171 1246 Ζηλωτης,
1199 1170 1354 1237 ararnaice

175 1305 275 1359 autern
304 1308 371 1379 regn
394 1290 585 1379 (Kone-oo),
616 1291 697 1359 unde
724 1291 806 1380 apud
833 1292 1021 1360 Matthaeunr
1054 1295 1099 1379 (X
1129 1319 1137 1359 ε
1168 1291 1204 1376 i)
1231 1293 1354 1360 videtur

175 1418 276 1484 dictus
304 1422 319 1480 ὁ
347 1440 517 1491 nuncnune.
541 1411 723 1504 'cognomen
752 1430 852 1485 autern
885 1419 961 1486 illud
988 1421 1113 1486 Zelotoe
1141 1440 1198 1485 cur
1226 1419 1351 1498 tulerit,

175 1542 250 1610 satis
273 1553 357 1608 certo
382 1541 586 1628 dicinequit.

224 1766 278 1832 ii.
304 1765 353 1828 Hi
375 1762 508 1850 omnes).
535 1764 774 1852 Προσκαρτερειν
798 1786 855 1824 τινι
881 1773 964 1828 notat
984 1766 1018 1828 iu
1042 1766 1150 1848 aliquo
1172 1787 1207 1829 re
1227 1769 1355 1831 assidue

175 1907 389 1970 perseuerare.
415 1884 462 1952 Cf.
489 1888 580 1952 non.
606 1883 659 1950 ΧΙΙ
679 1909 686 1950 :
709 1887 767 1965 123
790 1885 911 1950 Coloss
938 1885 1011 1951 1V:
1036 1888 1074 1962 2,
1099 1885 1147 1951 vel
1170 1886 1262 1952 ctiam
1283 1908 1354 1953 con-

176 2020 300 2073 stnnler
323 2010 423 2074 alicui
444 2009 633 2089 odlnerere,
653 2017 687 2072 ut
702 2006 771 2072 Act.
791 2004 844 2072 Vll
864 2031 871 2071 ε
894 2005 947 2073 15.
966 2006 1100 2073 Assidue
1123 2007 1184 2095 piis
1206 2008 1353 2095 precibus

176 2129 324 2197 vacabant
349 2131 565 2207 unanimiter,
597 2123 807 2213 ὁμοθυμαδον,
837 2126 920 2214 quod
949 2126 1001 2194 hic
1029 2128 1132 2216 potius
1161 2128 1352 2196 reddendum

175 2251 285 2318 luisset
308 2255 424 2331 simul,
442 2272 523 2330 nno,
542 2260 575 2316 ut
592 2248 671 2315 inira
688 2250 728 2316 lV
747 2275 755 2316 ε
775 2252 838 2327 243
857 2250 886 2317 V
906 2274 913 2313 :
935 2252 995 2330 i⁶i;
1015 2249 1066 2317 vlt
1087 2271 1095 2313 ε
1116 2253 1173 2321 et:
1193 2251 1245 2316 Xil
1267 2272 1275 2314 ε
1295 2253 1351 2319 20.

176 2411 219 2422 —
240 2373 435 2440 inversione
454 2375 574 2442 Graeca
591 2371 681 2440 LXX
696 2394 757 2440 vox
773 2389 827 2453 rc:
838 2424 846 2454 ‚
869 2373 920 2440 ubi
945 2396 1025 2453 nno,
1045 2377 1143 2440 simui
1164 2386 1266 2454 notat,
1285 2375 1355 2442 red-

176 2495 260 2564 ditur
289 2516 345 2585 per
372 2492 585 2583 ὁμοθυμαδον,
615 2519 646 2563 v.
673 2519 703 2585 g.
735 2498 765 2563 in
794 2497 874 2565 libro
910 2499 984 2577 lob,
1014 2498 1091 2586 Cap.
1122 2499 1201 2565 XXI
1230 2519 1237 2561 :
1269 2500 1313 2565 26
1345 2523 1352 2562 :

177 2625 267 2707 fflii'i
293 2637 348 2707 agg
367 2601 406 2699 ’ἒξ
432 2637 486 2698 '¹¹33
509 2624 625 2713 (Vulg.
655 2627 752 2691 simul
780 2629 815 2690 in
846 2628 974 2708 pulnere
1002 2624 1191 2713 dormient),
1222 2627 1312 2693 LXX
1344 2647 1351 2687 :

176 2744 372 2833 ὁμοθυμαδον
397 2745 429 2811 δὲ
455 2772 502 2811 ont
525 2772 578 2837 γης
602 2772 778 2833 iunguntur.
808 2747 983 2832 Hesychius
1004 2769 1011 2808 τ
1032 2744 1236 2834 ὀμοθυμαδον·
1265 2754 1376 2834 igion,-

177 2871 352 2959 ὁμοψυχως.

222 3016 293 3059 cnrn
315 2991 525 3082 mollieribuo)
542 3017 596 3056 συν
618 2989 756 3082 yventii,
775 2993 842 3058 siue
860 2992 1000 3059 Articulo
1021 3018 1028 3059 :
1048 3014 1120 3057 auec
1142 2994 1194 3057 cles
1209 2994 1349 3075 [enerues.

177 3115 392 3203 intelliguntur
418 3127 520 3182 autem
554 3115 651 3183 Maria
685 3113 883 3201 Magdalena‚
914 3113 1011 3181 Maria
1040 3112 1162 3194 iacobi,
1192 3111 1351 3201 aliaeque

176 3260 254 3325 quoe
273 3250 396 3305 secutae
418 3241 547 3322 fueraut
573 3241 680 3304 Iesum
700 3260 720 3303 n
743 3237 902 3319 Galilaea,
926 3239 1149 3301 ministrantes
1172 3237 1214 3301 ei.
1239 3234 1350 3302 March.

178 3362 305 3428 XXVII
324 3383 332 3424 τ
352 3363 413 3440 55,
444 3363 504 3440 56;
536 3363 613 3428 Luc.
636 3359 699 3427 Vill
725 3385 734 3424 ε
758 3360 798 3436 2,
822 3360 854 3425 5.
882 3357 929 3424 nd
951 3358 1042 3425 verba
1070 3359 1127 3425 ista
1151 3380 1159 3421 ι
1183 3369 1212 3423 el
1239 3360 1353 3425 Morio

177 3495 280 3550 morire
295 3486 390 3566 iesu,
410 3483 603 3551 Valckenaer
618 3480 807 3548 acatholicus
824 3491 907 3546 notat
926 3501 933 3541 τ
961 3510 974 3539 ι
993 3482 1123 3569 Propter
1139 3480 1353 3548 excellentiam

178 3608 285 3672 Moror
300 3609 372 3672 Ioco
389 3607 587 3693 distinguitur
603 3625 620 3671 a
636 3605 758 3672 ceteris
777 3605 849 3673 Pari
868 3605 985 3671 ratione
1008 3604 1122 3671 dicitur
1136 3612 1196 3679 τοῖς
1212 3605 1353 3669 Anouro-

179 3728 241 3803 λοις
268 3754 319 3792 και
349 3729 472 3821 Πετρῳ,
496 3730 526 3795 in
548 3727 661 3817 quibus
683 3726 786 3814 negari
810 3748 870 3795 non
898 3725 1007 3808 elehel,
1033 3727 1230 3795 excellentiae
1256 3728 1353 3815 gratia

180 3854 312 3916 Petroni
339 3852 385 3917 sic
409 3851 573 3918 memorari
598 3850 775 3918 distinctum
800 3868 817 3913 a
842 3849 984 3937 reliquis.
1009 3879 1021 3908 ι
1051 3850 1175 3918 Scilicet
1198 3850 1353 3916 Particula

178 3998 229 4035 και
248 3975 339 4040 etiarn
356 3973 439 4041 hunc
457 3993 548 4040 usum
566 3955 675 4052 habet,
692 3985 724 4038 ut
749 3971 775 4038 si
800 3972 876 4060 quid
901 3973 963 4040 iarn
986 3975 1128 4061 generice
1152 3970 1351 4051 dictumest,

179 4116 321 4184 peream
345 4095 475 4162 addatur
498 4115 594 4162 unum
618 4093 754 4182 aliquid,
781 4094 864 4182 quod
881 4096 911 4160 in
929 4115 965 4162 eo
989 4115 1101 4183 genere
1125 4105 1171 4161 est
1195 4104 1352 4181 praestan-

180 4270 349 4284 -b-——n—u.

211 4393 231 4457 ¹)
250 4393 286 4444 De
302 4378 446 4445 istiusmodi
462 4391 545 4456 ellipsi
562 4389 622 4442 vide
638 4389 682 4441 Gr.
702 4404 729 4456 p.
748 4391 810 4452 495,
830 4403 856 4441 ιι.
876 4389 899 4438 3.
