3074 5054
181 390 246 458 548
522 390 656 459 Annus
692 389 1028 469 APOSTOLORUM,

337 662 513 738 carun
566 660 880 738 vransmuu
932 618 1205 755 cornuum.

176 862 368 916 Anouunnrurr.
387 865 490 927 Festus,
502 864 529 915 in
542 864 724 930 procuratione
736 863 846 914 Iudaeae
857 873 988 915 successor
998 862 1099 926 Felicis,
1113 863 1275 928 provinciam
1285 878 1362 916 suam

209 946 357 1011 ingressus,
380 951 440 1014 post
461 947 578 999 triduum
590 961 618 998 se
636 945 737 998 confert
759 945 975 1010 Hierusolymam
999 945 1044 996 ubi
1064 946 1314 1010 rogatusaludaeis
1333 950 1364 1000 ut

209 1029 320 1082 Paulum
341 1030 404 1082 illuc
424 1030 517 1083 arcessi
541 1029 656 1092 iuberet,
677 1028 720 1079 illa
741 1031 831 1080 contra
852 1029 946 1080 invitat
966 1027 1028 1091 hos,
1051 1027 1202 1080 Caesaream
1222 1032 1252 1080 ut
1270 1043 1363 1082 secum

206 1113 330 1175 veniant,
351 1114 372 1164 si
394 1113 501 1179 quidem
521 1110 632 1164 Paulum
652 1124 773 1163 accusare
793 1110 906 1175 vellent,
925 1124 963 1162 vs.
978 1112 1051 1162 l-d.
1075 1111 1168 1163 Paucis
1188 1115 1248 1177 post
1268 1111 1364 1164 diebus

210 1194 360 1246 Caesaream
380 1210 500 1248 reversus
513 1196 615 1257 Festus,
628 1193 739 1246 Paulum
750 1193 783 1246 ud
795 1208 822 1245 se
835 1195 862 1244 in
877 1194 1002 1246 iudicium
1015 1193 1110 1245 adduci
1122 1194 1211 1258 iubet;
1225 1195 1325 1248 adsunt
1336 1191 1365 1248 et

209 1278 283 1330 Pauli
294 1285 470 1345 accusatores;
485 1295 551 1347 quos
562 1280 604 1332 hic
616 1279 720 1342 retollit,
734 1293 773 1330 vs.
788 1279 861 1330 6-8.
876 1278 968 1330 Festus
979 1281 1068 1330 autem
1081 1278 1235 1330 ludaeorum
1250 1280 1363 1343 gratiam

208 1361 275 1413 inire
295 1363 347 1414 iam
367 1365 475 1430 cupiens
495 1362 605 1414 Paulum
626 1365 715 1427 rogat,
737 1361 852 1413 velit-na
874 1360 1066 1426 Hierosolymae
1084 1374 1098 1413 a
1118 1361 1289 1427 popularibus
1306 1364 1364 1414 suis

207 1446 330 1501 iudicari:
353 1449 424 1513 quod
445 1448 488 1500 ille
507 1448 653 1514 prudenter
675 1448 790 1508 recusat;
814 1445 919 1508 etiam,
940 1445 997 1496 iure
1016 1445 1080 1496 civis
1098 1444 1207 1496 Romani
1227 1459 1306 1508 usus,
1328 1445 1363 1498 ad

208 1528 345 1582 Caesarem
357 1530 481 1597 appellat.
494 1531 586 1582 Festus
598 1529 631 1581 de
643 1543 670 1580 re
682 1542 742 1580 cum
753 1527 907 1579 consiliariis
919 1528 974 1578 suis
986 1527 1104 1590 locutus,
1118 1526 1272 1594 respondet,
1286 1541 1361 1588 eum,

208 1612 423 1678 quandoquidem
435 1612 468 1664 ad
481 1611 617 1664 Caesarem
638 1611 807 1678 appellasset,
829 1610 861 1662 ad
873 1609 1010 1663 Caesarem
1028 1624 1084 1663 esse
1103 1611 1212 1673 iturum,
1226 1625 1251 1662 v.
1266 1613 1363 1664 9-ta.

208 1695 317 1747 interim
329 1696 393 1747 dum
404 1699 572 1762 exspectatur
584 1695 768 1763 opportunitas
777 1694 885 1746 Romam
897 1694 988 1757 eundi,
1002 1694 1154 1747 Caesaream
1166 1695 1249 1757 venit,
1259 1707 1364 1746 novum

207 1777 353 1844 praesidem
372 1777 542 1843 salutaturus,
561 1792 609 1830 rex
628 1777 744 1844 Agrippa
765 1775 819 1829 nna
836 1791 897 1829 cum
918 1790 1021 1838 sorore;
1045 1791 1097 1844 qua
1118 1778 1252 1829 occasione
1275 1791 1364 1843 quum

208 1861 300 1912 Festus
318 1875 423 1913 causam
444 1862 517 1913 Pauli
538 1862 671 1928 Agrippae
692 1861 870 1927 exposuisset,
885 1860 927 1913 hic
943 1860 1069 1927 cupidum
1082 1873 1110 1912 se
1121 1858 1237 1911 ostendit
1248 1858 1363 1911 Paulum

207 1942 348 2006 audiendi,
370 1957 409 1995 vs.
432 1944 540 1996 ΛΜΞ.
563 1944 691 1996 Postridie
711 1943 808 1996 Paulus
827 1957 914 1996 coram
935 1944 1052 2010 Agrippa
1073 1946 1100 1995 et
1120 1955 1215 2007 magna
1234 1943 1365 1996 concione

207 2027 317 2089 sistitur,
339 2027 415 2080 Festo
435 2028 618 2094 praesentibus
641 2041 746 2080 causam
768 2026 930 2091 declarante,
949 2028 982 2080 ob
1001 2041 1081 2093 quam
1101 2041 1161 2079 eum
1178 2025 1363 2093 produxisset,

208 2124 247 2162 vs.
262 2109 369 2162 23-27.

224 2262 321 2328 1-5.
348 2261 461 2327 Festus
484 2281 558 2345 erpo
579 2282 650 2326 citra
671 2263 821 2344 uenisset,
847 2259 934 2341 etc).
956 2261 1067 2327 Festus
1089 2281 1163 2344 erpo
1180 2261 1258 2349 (ceu,
1278 2261 1364 2330 sicut

175 2401 254 2452 novo
268 2383 406 2451 Praesidi
420 2383 622 2451 conveniebat
638 2382 816 2472 provinciae
832 2401 907 2449 suae
922 2381 1107 2472 metropolin
1125 2383 1363 2472 quamprimum

176 2505 326 2595 invisere)
346 2510 547 2591 prouinciam
570 2529 662 2574 suum
687 2511 734 2596 (τῃ
751 2509 895 2596 επαρχιᾳ)
923 2509 1085 2590 depressus
1113 2502 1258 2591 (επιΕας),
1289 2519 1364 2596 pust

175 2628 312 2697 triduum
335 2629 441 2698 relicta
461 2631 611 2697 Caesarei
630 2631 879 2718 Hierosolymam
900 2633 1063 2696 adscendit
1086 2627 1219 2720 (ανεὸη).
1241 2630 1288 2698 lbi
1309 2655 1363 2698 su·

175 2756 312 2820 cardeles
325 2757 485 2839 principes
502 2757 542 2845 (oi
557 2750 734 2844 αρχιερειςί)
749 2764 778 2818 et
798 2755 995 2820 Iudaeorum
1009 2757 1165 2839 primates
1183 2755 1222 2838 (οἱ
1243 2777 1364 2844 πρωτοι

174 2903 235 2945 των
247 2877 410 2971 laudaiae)
427 2901 500 2948 mox
516 2879 664 2948 adversus
680 2878 812 2947 Paulum
826 2882 980 2946 titulatum
992 2884 1137 2967 feceruut
1148 2879 1365 2973 (ενεφανισαν)

176 3021 255 3070 novo
272 3003 432 3086 Praesidi,
451 3023 584 3092 eumque
598 3004 751 3088 repebant
766 3001 997 3094 (repensione),
1008 3016 1150 3090 petentes
1167 3006 1229 3071 sibi
1240 3007 1364 3096 (αιτου-

176 3157 273 3221 μενοι.
291 3133 391 3226 Med.)
407 3134 446 3202 ab
463 3154 499 3202 eo
516 3133 599 3202 hunc
614 3138 756 3220 fauorem
774 3133 887 3227 (χαριν)
904 3118 1011 3204 contra
1027 3135 1178 3214 Paulum,
1197 3147 1232 3204 ut
1247 3135 1364 3226 (ὁπως)

174 3276 245 3324 cum
268 3257 418 3324 Caesarea
441 3257 691 3346 Hierosolymam
714 3270 887 3325 arcesseret
904 3257 1196 3347 (ματαπεμψηται),
1223 3261 1362 3326 lusidius

175 3376 236 3445 hoo
252 3379 344 3446 modo
361 3378 458 3447 Paulo
477 3391 634 3448 struentes
652 3376 787 3471 (ενεὸραν
807 3387 986 3468 coronares),
1005 3391 1143 3462 uicum,
1170 3380 1361 3449 sicariorum

174 3503 287 3590 operti,
310 3525 369 3588 per
395 3506 479 3569 uiam
511 3506 602 3589 (κατα
628 3526 680 3578 την
708 3499 789 3570 idea.
819 3503 904 3592 langs
936 3504 996 3572 don
1029 3507 1109 3592 weg)
1141 3507 1364 3589 interficerent

174 3623 304 3715 (casleu
322 3626 470 3694 infinitiv.
488 3626 593 3715 fiais).

218 3743 392 3812 ΕπιΕαινειν
405 3748 480 3815 alias
493 3770 564 3817 cum
578 3751 690 3840 Praep.
706 3774 746 3826 εις
758 3761 810 3818 aut
822 3774 884 3833 επι,
900 3762 933 3819 ut
945 3753 1016 3820 Act.
1031 3753 1113 3819 XX:
1132 3753 1186 3835 l8,
1201 3755 1282 3822 ΧΧΙ
1298 3781 1306 3823 :
1323 3759 1359 3838 6,

174 3868 227 3938 hio
242 3891 314 3939 oum
332 3872 462 3954 Dativo,
485 3884 517 3941 ut
540 3873 622 3963 apud
644 3875 812 3943 Arrianum
829 3875 965 3965 (Exped.
985 3876 1076 3944 Alex.
1096 3875 1167 3943 tit.
1186 3877 1230 3946 V.
1250 3877 1357 3961 initio;

176 3993 259 4084 apud
280 3996 376 4063 Kuin.
399 3995 437 4064 ad
458 3996 492 4064 ll.
512 3996 552 4086 Ι.)
572 4023 579 4066 :
599 3997 638 4073 ὡς
655 3994 771 4074 ὃέπεὲη
786 4024 822 4088 τῃ
841 3999 950 4089 Νυσσῃ
973 3994 1174 4091 Αλεξανδρος.
1194 3999 1277 4069 Vide
1297 4003 1357 4071 Gt.

178 4139 248 4210 pag.
274 4122 352 4190 lta.
373 4123 407 4190 ‘A
433 4159 472 4170 —
494 4123 543 4189 Dc
565 4125 737 4214 εμφανιζειν
761 4123 897 4191 diximus
920 4123 958 4192 ad
983 4125 1060 4213 Cap.
1088 4124 1200 4194 XXlV
1224 4151 1232 4193 :
1262 4128 1292 4192 l.
1313 4163 1357 4175 -

176 4283 348 4296 *—

211 4366 231 4434 ¹)
248 4367 312 4420 Van.
333 4381 403 4419 naor.
425 4367 475 4421 Pro
492 4357 524 4437 d,
553 4377 584 4420 τε
611 4377 766 4448 αρχιερευς
787 4373 827 4424 est
855 4359 882 4419 οἱ
909 4377 1058 4446 αρχιερεις
1087 4371 1114 4422 in
1143 4370 1225 4428 Godd.
1249 4370 1357 4428 auctu

176 4446 318 4516 multisque
337 4448 500 4504 Minusculis.
