3074 5054
187 370 250 436 l86
527 368 662 436 ACTUS
697 369 1031 450 apostoloruum,

180 555 232 623 illa
255 556 369 624 laetitia
391 558 485 626 veluti
507 559 713 644 fondamento
737 578 794 626 suo
819 558 986 640 nitebatur,
1004 572 1039 628 ut
1054 564 1132 630 Luo.
1147 565 1179 631 X
1194 589 1202 632 :
1218 567 1274 634 ιθ.
1293 566 1366 650 Quo

181 698 255 745 vero
272 683 363 745 modo
380 679 480 747 laetati
497 680 577 761 sint,
592 680 709 748 dicitur
726 682 827 749 Exod.
846 685 975 750 XXXll
992 708 1000 750 ι
1017 688 1050 752 6.

228 929 282 996 ιι.
312 927 476 993 Convertit
497 938 602 993 cotem
624 929 730 1012 Dens,
752 932 840 1015 eto).
867 929 984 997 Sensus
1010 941 1056 998 est
1082 957 1090 998 ι
1115 933 1271 1001 lsraiilitae
1292 955 1366 1002 cum

183 1072 239 1142 per
260 1050 452 1119 idololatriae
476 1051 595 1118 crimen
617 1050 787 1119 alehovah
814 1051 1020 1136 defecissent,
1039 1059 1107 1142 ipse
1122 1056 1262 1124 vicissim
1287 1054 1364 1147 (de),

181 1179 296 1266 gratiae
326 1196 401 1245 suae
429 1176 575 1243 auxilium
604 1177 643 1244 ab
670 1177 732 1244 illis
761 1177 1000 1259 subtrahendo,
1018 1201 1051 1244 sc
1068 1182 1167 1245 oertit
1195 1178 1364 1271 (εστρεψε),

183 1316 275 1393 atque
302 1305 362 1383 ita,
400 1303 431 1369 in
461 1322 591 1391 poenam
627 1302 738 1390 patrati
775 1303 913 1390 peccati,
953 1305 1090 1369 tradidit
1125 1323 1178 1370 cos
1207 1303 1237 1370 in
1265 1314 1367 1373 astro-

184 1432 316 1499 latriam.
335 1467 379 1478 -
394 1427 566 1495 Retineuda
582 1437 629 1496 est
644 1428 742 1496 Verbi
760 1423 960 1517 capadtdopz
981 1428 1119 1495 solennis
1145 1448 1200 1495 sua
1217 1431 1368 1493 tradendi

184 1555 380 1646 significatio.
399 1553 526 1622 Scilicet
547 1552 716 1620 subtractio
738 1551 792 1619 illa
812 1552 928 1638 gratiae
952 1552 983 1618 in
1009 1571 1140 1640 poenam
1156 1550 1367 1619 antecedentis

186 1679 324 1768 peccati,
341 1697 448 1744 reuera
465 1676 617 1764 quaedam
633 1676 694 1743 Dei
711 1679 793 1742 octio
819 1686 877 1743 est.
903 1677 1015 1744 «Deus
1036 1696 1097 1744 non
1114 1676 1248 1759 directe,
1264 1676 1365 1765 inquit

185 1803 219 1870 S.
234 1801 372 1869 Thomas
389 1801 431 1889 (in
456 1802 516 1889 Ep.
544 1800 583 1868 ad
607 1802 699 1867 Rom.
719 1799 758 1867 ad
774 1801 850 1889 Cap.
867 1803 880 1867 l
899 1820 907 1862 ε
927 1802 999 1890 ιι),
1021 1801 1076 1870 sed
1092 1804 1246 1868 indirecte
1262 1811 1365 1868 tamen

185 1929 286 1992 trudit
302 1924 445 1992 homines
460 1924 491 1990 in
509 1933 690 2012 peecatum,
716 1923 748 1990 in
774 1934 921 2012 quantum
943 1925 1023 1992 iuste
1044 1923 1200 1992 subtrabit
1214 1925 1364 2012 gratiam,

183 2071 239 2139 per
266 2068 358 2137 quam
384 2046 525 2114 homines
553 2047 803 2126 continebantur,
830 2069 868 2114 ne
897 2058 1079 2138 peccarent3
1101 2049 1182 2115 sicut
1206 2049 1232 2114 si
1249 2048 1366 2136 aliquis

181 2173 313 2241 alicuius
336 2172 578 2239 sustentaculum
601 2172 739 2252 tolleret,
755 2156 921 2240 diceretur
949 2173 1051 2241 iacere
1078 2193 1183 2239 casum
1213 2173 1293 2238 eius.
1324 2174 1367 2238 Et

184 2321 239 2389 per
264 2299 347 2366 huno
364 2298 507 2378 modum,
527 2298 662 2386 primum
687 2308 848 2386 peccatum
866 2312 912 2365 est
928 2318 1020 2366 causa
1040 2298 1197 2388 sequentis
1223 2299 1362 2387 peccati;

182 2444 316 2514 sequens
342 2442 416 2490 vero
440 2432 487 2490 εει
514 2442 613 2513 poena
643 2423 806 2511 prioris»
835 2424 934 2490 Causa
959 2423 1076 2512 peccati
1104 2425 1252 2507 nepotioo
1275 2424 1365 2490 Deus

180 2548 241 2616 dici
259 2558 377 2636 potest,
393 2549 531 2631 position
548 2544 609 2613 dici
633 2546 751 2634 nequit.
770 2545 864 2612 Prius
880 2544 1112 2612 Catholioorum
1130 2544 1270 2612 doctrina
1287 2553 1362 2625 est',

183 2672 338 2760 posterius
361 2671 388 2738 si
413 2669 549 2747 dixeris,
576 2689 647 2736 cum
672 2668 799 2736 Calvino
824 2668 1114 2757 blasphemaveris.
1141 2669 1237 2736 Sacra
1255 2668 1364 2757 Scrip-

180 2807 267 2876 tura,
286 2796 334 2863 sui
357 2796 424 2884 ipsa
449 2793 501 2861 bic
525 2795 698 2883 interpres,
717 2795 883 2885 perspicue
907 2794 1010 2876 docet,
1028 2796 1149 2872 Deum,
1176 2793 1364 2861 ubidicitur

182 2923 307 2987 tondere
333 2917 491 2986 bominem
519 2918 550 2982 in
579 2928 761 3007 peccatum,
784 2918 826 2985 ibi
856 2918 1003 3005 intelligi,
1021 2929 1055 2984 ut
1078 2917 1231 2994 diximuS,
1258 2916 1363 2983 Deum

180 3062 249 3109 esse
276 3061 400 3109 causam
429 3042 547 3131 peccati
572 3061 634 3108 non
658 3044 851 3125 positivam,
877 3040 932 3108 sed
955 3043 1147 3124 nepotioont.
1173 3041 1252 3106 Nam
1276 3039 1302 3104 si
1323 3039 1363 3105 ad

181 3169 338 3234 Romanos
361 3165 453 3255 (Cap.
482 3165 598 3255 mat)
621 3165 762 3234 scribens
786 3166 956 3254 Apostolus
978 3165 1085 3246 docet,
1111 3166 1201 3230 Dnuu
1221 3161 1364 3231 Gentiles

181 3310 351 3355 rn‘nnrnrssrr
374 3293 409 3354 in
432 3292 593 3356 desiderio
617 3293 724 3356 cordis
749 3311 877 3370 corono,
896 3293 930 3355 in
953 3291 1212 3366 immunditiotn,·
1228 3286 1312 3354 idem
1329 3287 1362 3353 in

181 3437 352 3446 .-

211 3503 229 3568 ¹)
246 3503 470 3557 Substraotionem
501 3503 599 3568 gratiae
637 3503 744 3568 quidem
791 3503 847 3554 Art.
861 3503 885 3566 3,
896 3506 923 3554 et
935 3517 961 3568 q.
975 3501 1113 3555 atarto
1136 3497 1219 3551 Andr.
1233 3498 1312 3562 vege,
1326 3499 1364 3550 Dc

176 3585 300 3647 dicimus,
328 3585 373 3636 sed
399 3598 451 3636 non
479 3584 637 3636 absoluta-m.
664 3584 745 3636 Nemo
791 3584 987 3650 iustificatione,
1000 3582 1055 3633 Lib.
1069 3581 1138 3643 Xlll,
1151 3581 1213 3645 Cap.
1227 3578 1361 3630 Xll.Con.

177 3669 248 3720 enim
265 3668 418 3730 hominum,
433 3669 559 3734 quamdiu
580 3668 648 3721 banc
664 3670 744 3720 vitam
790 3681 804 3718 a
818 3665 909 3732 Lepid.
919 3665 947 3716 in
957 3665 1006 3730 Ep.
1017 3663 1050 3715 ad
1062 3663 1136 3715 Rom.
1150 3663 1161 3712 l
1175 3675 1181 3710 :
1195 3661 1237 3713 ιι.

177 3754 243 3818 agit,
256 3755 362 3820 penitus
374 3754 456 3818 gralia
467 3753 628 3805 destituitur.
642 3753 700 3820 Qua
712 3753 745 3806 dc
848 3823 850 3827 .

177 3848 205 3886 ro
221 3833 282 3886 vide
300 3835 453 3887 Perronium
465 3874 471 3897 ,
485 3836 568 3886 Tract.
591 3836 622 3886 de
636 3833 743 3886 Gratia.
825 3835 844 3899 ³)
862 3833 976 3885 institut.
990 3831 1047 3882 Lib.
1061 3830 1097 3892 ΙΙ,
1110 3829 1172 3895 Cap.
1185 3829 1218 3879 lV
1233 3846 1239 3881 :
1254 3829 1361 3891 3dicit,

177 3917 246 3970 Part.
260 3919 286 3981 l,
300 3917 362 3984 Cap.
377 3918 413 3982 V,
426 3918 504 3983 Prop.
518 3917 542 3968 3.
728 3922 729 3926 ’
792 3918 873 3969 Deum
891 3916 1033 3981 impiorum
1048 3913 1197 3965 voluntates
1213 3911 1250 3963 od
1261 3911 1363 3963 molum

209 4001 228 4065 ¹)
247 4001 286 4053 Ci.
300 4001 328 4053 S.
345 4002 457 4064 August.
470 4003 560 4053 contra
572 4001 666 4052 lulian.
678 4013 704 4051 v.
719 3999 743 4050 3.
794 4000 920 4059 concitore,
942 4003 965 4048 et
990 4002 1101 4048 conatos
1121 3995 1238 4060 firmare.
1260 3993 1361 4045 Calvini

175 4110 209 4120 —-
220 4084 256 4134 De
268 4083 326 4135 Nat.
346 4086 372 4135 et
390 4082 460 4135 Grat.
476 4083 538 4150 Cap.
552 4084 593 4134 ιι.
606 4112 639 4120 -
651 4082 708 4135 Lib.
723 4082 744 4133 l.
790 4080 964 4145 blasphemias
973 4079 1106 4142 redarguit
1115 4077 1293 4142 Stapletonios
1304 4091 1363 4130 nos-

175 4167 238 4232 Cap.
257 4169 289 4218 ta
304 4171 394 4220 contra
409 4169 491 4234 Epist.
515 4170 530 4219 ι
552 4168 657 4233 Pelagii.
672 4195 701 4204 -
715 4167 741 4218 S.
791 4169 830 4216 ter
844 4177 903 4216 cum
922 4165 948 4214 in
965 4175 1012 4214 suo
1029 4174 1107 4227 opere
1120 4161 1150 4211 de
1162 4161 1362 4227 iustificatione,

175 4247 266 4313 Chrys.
281 4253 306 4300 et
323 4249 449 4303 Theodor.
466 4251 492 4300 in
504 4251 551 4316 Ep.
572 4250 605 4301 ad
625 4249 700 4302 llom.
713 4249 745 4300 ad
791 4246 848 4298 Lib.
870 4247 907 4309 ll,
928 4246 990 4310 Cap.
1011 4245 1058 4296 Xll
1076 4258 1145 4309 sqq,
1167 4247 1223 4295 tum
1241 4242 1319 4294 etiam
1332 4243 1361 4293 in

175 4330 258 4396 Capl
273 4348 279 4384 :
292 4332 332 4384 al.
353 4333 381 4384 S.
403 4333 493 4386 Thom.
515 4334 549 4385 ad
566 4333 687 4384 eumdem
704 4332 746 4384 lo·
791 4330 845 4382 suis
863 4329 996 4380 Antidotis
1023 4326 1181 4391 apostolicis
1205 4325 1234 4377 in
1254 4326 1302 4394 Ep.
1326 4326 1361 4379 ad

176 4420 290 4478 oum‚et
309 4417 336 4470 ia
357 4417 480 4469 Summae
497 4431 559 4471 suae
577 4418 586 4468 l
602 4433 607 4469 :
621 4417 646 4468 ι.
660 4431 685 4486 q.
703 4416 743 4470 to.
792 4411 1007 4476 laomedonti
1023 4425 1028 4460 ι
1042 4409 1083 4462 ιι.
