3074 5054
140 161 206 228 526
491 156 625 225 ACTUS
664 153 996 235 APOSTOLORUM,

138 353 309 419 dictionem
336 348 495 416 continere
523 347 678 416 videntur.
712 346 890 414 Putaverim
920 359 1039 427 tamen,
1068 344 1202 414 dicentis
1230 345 1328 415 foisse

140 486 292 551 mentem,
318 472 426 561 iniquo
459 471 554 539 iudici
585 470 771 539 maledicere
794 470 861 538 sive
884 470 963 537 maie
987 469 1129 559 precari3
1155 469 1236 538 ratio
1259 481 1326 550 est,

140 599 212 689 quia
231 620 292 666 nou
317 597 471 665 adstantes
487 608 604 664 tantum
622 599 685 687 (vs.
705 595 737 672 d)
751 595 803 663 itta
820 595 914 663 verba
933 615 991 685 pro
1009 593 1173 662 maledicto
1189 594 1328 684 quadarn

141 719 297 804 habuere,
321 742 430 790 verum
458 722 551 789 etiarn
579 721 711 811 ipsemet
737 720 853 788 Paulus
881 722 944 810 (vs.
971 718 1003 800 5)
1027 717 1131 785 verbis
1152 717 1221 785 suis
1243 716 1330 786 huuc

141 865 267 914 sensum
297 846 425 914 subesse
453 844 627 912 affirmavit.
656 845 821 924 Ceterum,
843 841 914 910 ride
942 861 1022 930 quae
1048 860 1144 930 supra
1167 840 1220 928 (ad
1247 844 1326 932 Cap.

141 969 219 1039 vut
242 989 250 1034 ε
275 972 331 1058 20)
358 968 532 1037 notavimus
557 967 597 1034 de
625 969 718 1036 Petro
743 967 893 1057 Apostolo
922 965 1002 1034 male
1030 977 1176 1056 precante
1203 965 1326 1035 Simoni

143 1097 249 1183 Mago.

187 1219 222 1284 in
245 1216 458 1307 exprimendis
481 1219 643 1287 sententiis
667 1217 767 1307 qualis
790 1230 837 1286 est
860 1216 939 1285 baec
958 1241 965 1283 :
984 1239 1038 1282 ουκ
1060 1211 1329 1305 adcommisceri

142 1364 316 1436 αρχιερευς,
340 1341 440 1410 Latini
466 1341 592 1430 quidem
619 1342 650 1408 in
677 1342 774 1409 altero
804 1340 950 1409 dictionis
973 1338 1112 1407 membro
1139 1337 1329 1428 imperfecto

142 1477 284 1547 utuntur,
302 1466 414 1535 Graeci
432 1485 505 1532 vero
521 1466 694 1533 Praesenti.
714 1464 796 1534 Vide
819 1466 1034 1532 Hermannum
1055 1461 1095 1531 ad
1118 1462 1229 1550 Vigor.
1248 1462 1327 1552 Cap.

143 1589 192 1671 V,
215 1589 298 1657 Sect.
318 1590 382 1668 ΙΙΙ,
400 1588 419 1678 S
434 1591 495 1657 ΧΙ.
521 1592 560 1657 Et
584 1601 655 1658 sunt
678 1609 803 1679 quoque
828 1590 860 1656 in
883 1589 971 1657 libris
996 1588 1095 1656 sacris
1117 1586 1196 1655 Novi
1219 1588 1330 1655 Testa·

144 1712 238 1778 menti
263 1710 406 1799 exempla
427 1711 516 1780 istius
537 1732 614 1780 usus
635 1713 752 1802 passim
773 1711 877 1780 obvia.
900 1711 949 1779 Cf.
976 1713 1075 1778 Marc.
1093 1711 1124 1778 V
1142 1734 1152 1776 a
1174 1710 1229 1778 dd.
1247 1711 1327 1778 Luc.

144 1838 410 1906 X1X25.ioan.
432 1856 439 1898 :
461 1835 1326 1926 15;vt:atuatnpcipxlt:53x1x2543

144 1963 312 2031 XXVili:
332 1963 362 2029 i.

187 2084 293 2154 Verba
315 2083 391 2152 haec
412 2104 420 2147 t
444 2081 614 2173 cnapadene,
639 2086 685 2146 brt
713 2105 794 2147 εστιν
817 2104 991 2174 αρχιερευς,
1011 2083 1051 2150 ita
1067 2082 1199 2151 reddere
1226 2084 1330 2152 solent

142 2208 326 2298 interpretes
343 2219 376 2276 ut
391 2205 595 2296 significetur,
620 2204 751 2272 Paulum
767 2205 940 2293 ignorasse,
958 2226 1115 2274 summum
1132 2205 1328 2274 sacerdotem

142 2351 210 2398 esse
240 2351 333 2410 eum,
369 2331 400 2398 in
431 2351 525 2421 quem
557 2330 678 2399 dixerat
708 2352 716 2392 :
743 2334 901 2416 percutiet
932 2342 961 2398 te
994 2334 1089 2399 Deos.
1124 2332 1163 2399 Et
1195 2332 1329 2400 muitum

143 2453 284 2521 laborant
310 2455 341 2521 in
367 2454 570 2545 explicando,
591 2458 645 2544 qui
670 2454 737 2520 fieri
761 2454 914 2544 potuerit,
932 2466 967 2521 ut
988 2455 1103 2522 Paulus
1127 2452 1189 2523 hoc
1204 2454 1330 2542 ignora·

140 2579 236 2660 verit;
268 2599 325 2647 uec
345 2600 533 2670 quemquam
557 2581 641 2661 vidi,
665 2581 718 2670 qui
744 2580 879 2667 nodum,
905 2601 973 2648 mea
998 2581 1125 2670 quidem
1152 2583 1327 2663 sententia,

141 2714 224 2770 recte
246 2703 384 2771 solverit.
406 2706 469 2793 Ego
489 2725 564 2772 vero
588 2725 649 2772 nou
673 2707 866 2795 putaverim,
885 2707 989 2773 Lucae
1005 2706 1099 2774 verba
1121 2726 1193 2774 eum
1210 2705 1329 2776 habere

140 2847 279 2909 sensum,
309 2848 401 2917 quem
434 2829 618 2918 interpretes
649 2828 711 2898 ittts
739 2828 933 2909 subiiciunt;
963 2831 1046 2911 imo,
1075 2829 1101 2896 si
1132 2828 1193 2898 hoc
1222 2830 1329 2899 dicere

141 2951 289 3019 voluisset
309 2954 428 3033 Lucas,
450 2952 535 3041 quod
554 2973 593 3019 ex
614 2953 681 3021 eius
702 2953 806 3022 verbis
828 2954 1022 3042 intelligunt,
1043 2954 1240 3044 scripsisset,
1259 2955 1328 3046 opi-

142 3096 212 3157 nor,
237 3097 298 3144 nou
321 3080 367 3141 ὁτι
387 3098 469 3141 εστιν
491 3100 664 3170 αρχιερευς,
684 3076 739 3145 sed
761 3082 807 3142 ὁτι
831 3075 916 3154 οὗτος
941 3102 1024 3144 εστιν
1047 3083 1062 3143 ὁ
1084 3101 1261 3172 αρχιερευς,
1278 3080 1326 3148 vel

141 3208 315 3270 tricarent
332 3227 502 3299 αρχιερευς.
527 3205 683 3274 Nimirum
706 3205 926 3286 animadverti,
956 3218 1016 3275 tam
1034 3209 1150 3276 Lucam
1165 3227 1260 3298 quarn
1277 3228 1328 3276 ce·

142 3338 225 3396 teros
246 3341 388 3398 auctores
410 3350 516 3398 sacros
540 3350 606 3397 eam
632 3340 809 3399 constanter
826 3331 856 3397 iu
873 3331 1040 3400 scribendo
1064 3331 1206 3400 articulo
1229 3331 1327 3420 legem

140 3473 284 3535 servare,
310 3465 344 3521 ut
366 3456 467 3522 aiendi
482 3457 575 3521 verbo
597 3478 691 3519 ειναι
715 3476 777 3541 pro
793 3456 983 3524 Praedicato
997 3460 1203 3542 postponitur
1218 3458 1327 3542 appet-

138 3580 269 3644 lativam
289 3581 341 3644 rei
359 3589 415 3644 aut
436 3600 590 3663 personae
605 3581 833 3644 determinatae
850 3601 963 3646 numere
984 3602 1080 3666 apoto
1097 3581 1208 3647 auidas
1227 3579 1327 3648 Geni·

141 3707 224 3770 tione
245 3706 401 3788 pendeat,
426 3701 469 3769 ibi
491 3701 673 3770 Praedicato
701 3702 876 3770 Articulum
904 3714 1079 3793 apponant;
1103 3704 1187 3792 atqui
1209 3703 1326 3793 absque

139 3829 281 3897 Articulo
302 3829 355 3897 hic
375 3828 525 3896 scribitur
545 3852 552 3894 :
572 3832 617 3892 ὁτι
638 3851 718 3892 εστιν
740 3851 907 3920 appropias.
926 3830 1014 3915 Quae
1035 3828 1112 3896 adeo
1136 3829 1230 3898 verba
1253 3829 1324 3900 Gal·

141 3951 200 4019 lice
213 3952 402 4021 reddiderim
417 3972 425 4014 ε
441 3954 475 4040 je
491 3972 530 4019 ue
545 3952 646 4019 savais
658 3972 713 4041 pas
729 3955 810 4038 pa'ii
825 3975 846 4038 p
864 3954 916 4021 erit
932 3976 977 4020 aa
989 3957 1160 4021 souverain
1176 3955 1307 4040 Pontise

140 4086 233 4166 atque
261 4075 337 4156 hoc,
364 4076 489 4167 opinor,
510 4075 626 4144 Paulus
650 4074 756 4145 dicere
784 4076 932 4156 voluerit,
951 4078 1097 4146 videlicet
1123 4079 1304 4146 existimans

141 4201 279 4288 supremi
302 4200 504 4267 Pontificatirs
529 4199 689 4268 sedamen
709 4212 850 4290 tempore
865 4222 994 4283 vacare3
1014 4202 1099 4291 quod
1118 4203 1149 4269 in
1167 4203 1291 4271 turbule
