3074 5054
479 392 618 459 CAPUT
649 391 714 471 ΙΧ,
752 389 873 460 VERS.
911 390 1059 458 to-ut.
1290 388 1357 455 965

182 578 320 645 versione
340 589 415 645 tnno
430 577 468 645 ad
481 577 675 647 Christianos
688 577 989 664 Hierosolymnanos
1005 576 1143 645 nondum
1159 575 1357 665 pervenisse;

179 703 264 770 ouius
287 704 333 771 rei
357 723 483 772 oausam
505 704 662 793 assignare
686 700 812 772 difficile
835 704 876 770 sit
892 705 922 770 ln
942 714 1024 770 tanta
1048 701 1235 768 narrationis
1255 698 1359 768 hrevi·

180 836 248 894 lale.

221 1073 276 1139 27.
302 1071 473 1137 Barnabas
497 1080 604 1135 autem
628 1072 861 1154 apprehensam
883 1072 975 1136 illam
1002 1073 1117 1153 duait,
1139 1071 1227 1150 eto).
1255 1067 1360 1133 επιλα-

180 1192 301 1280 βομενος
318 1194 407 1276 (hor.
426 1187 525 1270 Med.)
542 1215 633 1255 αυτον
649 1214 761 1289 apuys,
778 1191 811 1259 h.
834 1213 863 1260 o.
882 1196 1022 1277 suscepit
1046 1192 1207 1277 (benevole
1223 1189 1361 1280 excepit)

181 1319 269 1382 illam
290 1324 321 1380 et
344 1317 449 1380 duxit.
474 1316 543 1381 lloo
564 1333 658 1381 sensu
681 1312 933 1401 επιλαμβανομαι
957 1316 1096 1383 ooourrit
1120 1313 1203 1402 apud
1225 1313 1357 1380 Siraeid.

183 1439 223 1506 lv
243 1463 251 1504 ι
275 1439 319 1506 {2
334 1458 343 1499 t
357 1437 375 1511 ἡ
388 1460 482 1528 aeota
503 1441 584 1511 υἱους
605 1434 695 1526 &aurp
716 1436 874 1524 ανυψωσε,
892 1463 944 1501 και
969 1433 1210 1523 επιλαμβανεται
1233 1458 1293 1498 των
1310 1439 1361 1509 ζη-

179 1585 306 1626 τουντων
328 1585 433 1636 aaron.
451 1562 568 1629 Sensus
591 1575 664 1629 est:
686 1564 787 1630 Ceteri
812 1584 883 1631 eum
911 1574 1090 1653 suspectum
1120 1560 1275 1629 habehant
1302 1561 1361 1626 rni-

180 1685 324 1774 nimeque
340 1686 548 1775 recipiebant,
573 1686 730 1755 Barnabas
751 1698 855 1753 notem
880 1684 936 1778 (δε)
961 1709 1057 1777 quum
1082 1707 1153 1754 eum
1178 1687 1362 1767 suscepisset

179 1804 425 1896 (επιλαβομενος)
441 1808 569 1877 adduxit
584 1809 623 1877 ad
639 1812 826 1900 Apostolos,
845 1810 879 1878 h.
897 1832 927 1877 e.
945 1811 985 1879 ad
1000 1813 1127 1878 Petrum
1145 1821 1175 1876 et
1192 1807 1360 1885 laoobum,

180 1931 232 2019 qui
249 1941 324 1998 tuno
340 1932 490 2021 temporis
506 1934 564 2001 soli
580 1934 818 2020 hierosolymae
840 1934 1127 2014 commorabantur,
1148 1944 1182 1999 ut
1197 1930 1363 1999 oonlioitnr

179 2073 217 2121 ex
232 2054 336 2123 verhis
352 2057 495 2144 Apostoli
517 2056 556 2124 ad
581 2057 705 2126 Galatas
728 2060 817 2148 (Cap.
833 2060 848 2124 l
864 2083 872 2124 :
890 2059 952 2138 18,
968 2059 1049 2140 loa.
1068 2056 1102 2124 S.
1118 2054 1363 2140 Chrysostomns

179 2177 323 2258 eoniioit,
353 2178 526 2246 Barnaham
549 2180 696 2246 Damasei
724 2180 868 2248 edoctum
892 2180 989 2247 inisse
1016 2179 1056 2246 de
1080 2180 1137 2258 iis,
1163 2197 1242 2265 qnae
1269 2174 1362 2244 Saule

178 2300 390 2368 aeoidissent'.
406 2301 563 2369 Barnabas
584 2302 637 2369 hio
660 2302 713 2368 ille
737 2313 801 2384 est,
828 2303 866 2370 de
890 2322 952 2390 quo
978 2301 1093 2368 mentio
1119 2301 1153 2366 lit
1169 2317 1264 2387 supra
1280 2298 1359 2386 Cap.

179 2420 227 2488 lV
255 2444 263 2486 :
294 2423 355 2498 56,
382 2425 443 2499 37,
470 2422 637 2489 etiterum
663 2423 844 2512 inlraCap·.
871 2424 963 2492 Xlll.

225 2558 256 2610 et
281 2549 452 2634 narravit).
482 2545 638 2613 Barnabas
665 2547 827 2631 Apostolis
855 2547 1008 2625 narravit,
1035 2565 1114 2634 quae
1138 2545 1230 2612 Sanlo
1256 2545 1287 2609 in
1312 2544 1361 2609 ria

178 2668 376 2734 Damascena
390 2667 587 2749 accidissent,
601 2680 632 2735 et
642 2672 795 2755 qooaaodo
813 2676 876 2755 (και
893 2667 967 2748 πως)
981 2688 1020 2734 ex
1032 2678 1232 2757 persecutore
1243 2664 1361 2733 Christi

179 2800 316 2856 mutatus
332 2790 364 2856 in
388 2789 577 2879 disoipnlnm
600 2791 737 2872 Christi,
756 2793 910 2882 intrepide
929 2804 959 2859 et
978 2811 1086 2879 magna
1105 2789 1251 2878 loquendi
1269 2788 1364 2856 liher-

177 2922 240 2978 tate
264 2913 295 2979 in
323 2913 391 3001 ipsa
417 2912 496 2981 urhe
518 2915 664 2981 Damasei
689 2917 793 2983 lesum
820 2914 979 2982 Christum
1008 2913 1229 3003 praedicasset.
1255 2913 1364 3001 Επαρ-

177 3060 348 3126 ρησιασατο
367 3039 502 3128 (Depon.
520 3038 604 3106 Mod.
620 3039 893 3108 Denominativnm
917 3059 935 3106 a
959 3038 1127 3129 nappaeae)
1143 3037 1223 3104 valet
1246 3059 1364 3122 mopso

178 3162 303 3244 fiducia
325 3172 354 3226 et
377 3163 523 3228 libertate
545 3166 695 3248 loquendi
712 3186 789 3231 osas
813 3175 859 3229 est
880 3163 934 3249 (εν)
958 3168 991 3228 ia
1016 3161 1222 3250 (profitendo,
1243 3160 1366 3250 praedi-

177 3281 293 3364 cando)
306 3287 432 3350 nomiae
444 3287 585 3352 Domini.
605 3289 763 3376 interpres
779 3297 884 3353 noster
902 3305 1010 3352 vooem
1030 3307 1278 3377 επαρρησιασατο
1295 3283 1366 3350 red-

179 3405 262 3472 didit
283 3426 340 3494 por
361 3409 557 3490 fiducialiter
580 3412 656 3492 epit.
676 3409 870 3498 Praepositie
895 3431 925 3471 εν
950 3407 1003 3475 hio
1025 3405 1191 3474 adhibetur
1213 3405 1307 3472 veluti
1328 3405 1367 3472 de

182 3529 329 3608 materia,
349 3532 384 3594 ia
399 3552 462 3616 qao
477 3529 529 3596 illa
545 3553 699 3621 παρρησια
719 3529 894 3619 patefiebat.

215 3742 235 3807 ¹)
253 3741 293 3792 En
305 3742 361 3792 eius
373 3740 452 3792 verba
467 3756 472 3791 :
486 3741 582 3792 Deinde
593 3748 654 3806 post
666 3756 753 3793 alanos
799 3744 873 3792 notat
890 3739 918 3790 S.
940 3739 1127 3804 Hieronymus,
1148 3745 1176 3789 at
1199 3739 1244 3804 qul
1266 3745 1290 3789 et
1312 3739 1368 3802 ipse

179 3830 236 3875 tres
254 3824 314 3873 oeat'
333 3822 519 3884 lerosolymam
540 3823 627 3874 videre
649 3822 753 3874 Petrum
800 3828 915 3877 eamdem
926 3823 1138 3889 praedicationis
1154 3821 1260 3873 haberet
1275 3828 1369 3873 attete-

183 3901 362 3988 (ἱστορησαι
387 3897 521 3986 Πετρον,
546 3926 588 3964 orn
611 3913 703 3965 Petrus
728 3917 754 3965 te
799 3924 854 3961 rem
865 3947 870 3968 ,
881 3909 926 3958 seat
937 3906 1049 3959 honoris
1060 3905 1369 3972 prioriApostolodefe-

182 3997 272 4048 learon
282 3995 407 4061 konnen),
419 4001 443 4045 et
449 3999 538 4046 meast
550 3997 622 4060 opud
632 4010 690 4046 eom
702 3996 754 4047 die·
799 3992 886 4045 rendi.

182 4081 233 4131 has
244 4079 392 4145 qaindecim
403 4092 411 4127 .·
423 4079 506 4130 alium
518 4085 605 4130 autem
618 4079 755 4144 Apostolo·
834 4064 852 4121 ²)
870 4059 960 4131 Elaos
984 4080 1075 4122 WOV
1096 4080 1173 4146 γαρ,
1197 4071 1297 4136 inquil,
1318 4078 1370 4117 uota

181 4175 244 4212 rum
261 4161 317 4210 aidi
333 4161 474 4221 neminem,
493 4160 547 4209 nisi
558 4159 680 4211 Iacobum
692 4163 755 4225 sra—
802 4169 831 4211 εν
856 4149 1017 4234 Δαμασκῳ
1052 4169 1210 4220 sanuserat
1237 4170 1275 4209 ra
1304 4149 1370 4207 κατ’

184 4247 252 4292 trem
263 4241 377 4292 Domini,
387 4240 426 4290 Ex
436 4240 476 4290 his
487 4241 634 4304 conficitur,
646 4241 754 4293 Saulem
802 4260 906 4302 aaron,
928 4248 1109 4301 avaritiaene
1132 4251 1200 4298 epam
1225 4253 1273 4306 esa,
1297 4246 1371 4296 illum

184 4322 390 4386 Hierosolymam
418 4321 511 4372 adiisse
547 4322 653 4374 videndi
685 4323 754 4374 Petri
801 4324 966 4390 (Barnabam)
994 4323 1118 4375 Damasei
1141 4322 1274 4372 audivisse
1304 4331 1370 4386 quoe

185 4419 278 4470 eausa,
290 4420 344 4458 aare
360 4407 475 4458 discendi
493 4408 594 4470 stadio,
609 4412 638 4459 nt
649 4407 682 4459 ad
695 4407 721 4460 h.
735 4408 752 4459 l.
800 4408 841 4458 illi
859 4407 957 4473 (Saule)
975 4406 1136 4459 aesiderant.
1157 4422 1170 4449 a
