3074 5054
486 407 624 475 CAPUT
658 405 754 486 vlu,
791 407 913 476 VERS.
953 409 1054 475 l—h.
1288 409 1354 476 hid

184 600 360 690 praeberent
379 598 555 687 exemplum
576 598 778 664 constantiae.
796 635 840 647 ·-
862 597 911 665 De
926 595 997 686 luga
1012 598 1044 664 in
1061 599 1276 687 persecutione
1295 598 1355 666 late

184 723 300 791 disserit
316 722 512 790 Maldonatus
528 721 566 788 ad
586 720 696 789 blattb.
715 723 747 788 X
767 745 775 787 ε
793 724 849 790 95.

223 847 427 914 Curcoeruut
450 858 555 912 refutem
576 846 774 930 Stephanum
794 849 863 911 uiri
885 848 1051 928 timorati,
1070 845 1160 934 etc).
1183 847 1271 932 Quae
1294 845 1355 914 hoc

184 972 330 1039 versiculo
348 971 386 1039 de
402 971 560 1059 sepultura
576 970 724 1059 Stephani
742 971 903 1059 leguntur,
922 991 958 1036 ea
980 970 1122 1058 ponenda
1144 990 1212 1039 esse
1234 971 1355 1038 diceres

183 1106 245 1163 ante
268 1096 456 1162 versiculum
481 1095 732 1183 praecedentem,
750 1095 890 1183 adeoque
911 1095 1068 1163 turbatum
1091 1093 1143 1161 hic
1166 1095 1266 1162 videri
1285 1115 1356 1163 ver·

182 1221 347 1289 siculorum
373 1219 527 1287 ordinem.
553 1220 673 1287 Verum
701 1219 898 1286 coniecturae
922 1218 996 1285 hnic
1024 1218 1112 1286 locus
1137 1238 1205 1285 esse
1228 1220 1353 1307 nequit,

181 1363 248 1411 cum
270 1342 422 1419 Codices,
443 1341 528 1409 nullo
552 1352 701 1430 excepto,
720 1361 847 1420 omnes,
870 1361 1040 1430 omnesque
1065 1341 1181 1429 pariter
1197 1342 1356 1410 versiones

180 1467 319 1555 antiquae
347 1467 519 1533 versiculos
547 1466 683 1554 primum
712 1476 742 1531 et
769 1464 940 1532 secundum
977 1475 1153 1532 constanter
1181 1485 1218 1530 eo
1247 1466 1357 1532 ordine

180 1590 359 1670 exhibeant,
390 1610 450 1678 quo
478 1589 530 1657 hic
558 1590 711 1676 leguntur.
750 1592 858 1678 ltaque
885 1600 991 1678 putem
1018 1608 1073 1667 ea,
1111 1607 1190 1676 quae
1218 1591 1355 1657 secundo

179 1714 239 1784 boc
266 1726 296 1781 et
324 1715 414 1782 tertio
442 1714 596 1782 versiculo
626 1713 792 1794 dicuntur,
809 1713 949 1781 habenda
979 1734 1047 1781 esse
1072 1734 1128 1801 pro
1150 1713 1356 1796 Parenthesi‚

179 1859 271 1929 quam
295 1837 421 1905 inducat
440 1837 595 1904 Particnla
613 1834 658 1903 de.
680 1838 820 1904 Similem
843 1837 1047 1904 Parentlnesin
1066 1837 1123 1904 visi
1142 1837 1231 1904 nobis
1248 1857 1356 1904 sumus

150 1938 154 1945 ¹
177 1962 359 2030 observasse
383 1963 475 2028 etiam
499 1982 593 2050 supra
618 1963 693 2050 Gap.
721 1963 767 2029 lV
790 1987 797 2028 ε
821 1964 880 2041 55,
909 1973 938 2026 et
963 1963 1039 2050 Gap.
1066 1962 1123 2028 V:
1146 1964 1262 2030 lh.—
1283 1965 1356 2027 Vtri

177 2089 343 2170 timorati,
368 2089 488 2155 Graece
516 2082 620 2177 ανδρες
647 2083 802 2172 ευλαβεις,
834 2085 1046 2172 intelliguntur
1074 2105 1135 2152 noo
1167 2084 1354 2167 Christiani,

176 2231 258 2301 quos
284 2210 374 2276 aliter
399 2211 499 2276 Lucas
528 2209 718 2297 designasset
738 2207 796 2298 (cl.
822 2209 899 2297 Gap.
925 2210 1050 2289 11:53
1076 2208 1149 2275 Vl:
1177 2211 1208 2286 l,
1234 2211 1280 2294 5),
1300 2209 1355 2276 sed

177 2334 285 2401 ludaei
309 2334 536 2421 religiosiores,
565 2333 652 2412 tales,
671 2333 815 2421 inquam,
834 2334 887 2420 qui
912 2353 991 2412 non,
1013 2342 1046 2398 nt
1062 2332 1190 2411 Saulus,
1210 2351 1355 2419 compro·

176 2459 326 2526 baverant
341 2457 490 2548 Stephani
507 2456 645 2536 caedem,
663 2468 694 2523 et
709 2456 863 2524 honorare
879 2456 1043 2524 voluerunt
1058 2456 1116 2522 riri
1133 2455 1353 2522 innocentiam.

225 2589 438 2665 curaverunt).
468 2587 587 2654 Graece
608 2606 832 2670 συνεκομισαν,
863 2595 1103 2667 comportarunt
1109 2634 1122 2666 ,
1141 2582 1175 2649 b.
1198 2604 1228 2649 e.
1252 2587 1357 2666 scpul-

177 2721 269 2775 turae
292 2712 508 2775 tradiderunt.
535 2709 694 2778 «Graecis
710 2714 819 2795 [rupes
836 2730 1000 2792 conparere
1022 2712 1058 2773 iu
1077 2710 1194 2772 horrea
1210 2731 1357 2797 crysopr-

177 2837 238 2908 ζειν
270 2834 398 2923 proprie
425 2833 597 2901 dicebatur.
630 2833 705 2900 lnde
732 2833 912 2900 translatum
941 2833 998 2899 luit
1018 2804 1062 2899 ¹ad
1096 2831 1355 2919 significationem

179 2961 373 3042 sepeliendi,
392 2959 463 3046 quia
487 2960 653 3042 sepultura
669 2957 752 3047 quod
769 2968 925 3023 terrenum
943 2968 1008 3024 erat
1028 2958 1059 3022 in
1079 2955 1205 3023 bomine
1220 2957 1305 3023 velut
1322 2960 1358 3023 iu

181 3087 330 3150 horreum
345 3105 438 3149 aarum
454 3086 654 3149 condebatur.
675 3111 688 3140 s
712 3083 937 3151 Valckenarius
954 3081 992 3149 ad
1009 3081 1042 3148 h.
1058 3082 1080 3148 l.

227 3221 255 3274 et
280 3215 426 3296 feceruut
452 3231 548 3294 super
576 3231 647 3274 eum
676 3200 840 3292 planctum
873 3204 1047 3291 acapnum).
1082 3208 1202 3275 Graece
1230 3229 1353 3270 κοπετον

184 3330 214 3420 (a
231 3355 350 3397 κοπτειν
365 3331 481 3420 scrire)
498 3354 611 3422 μεγαν,
631 3352 687 3421 per
711 3352 803 3420 quem
827 3329 1019 3418 significatur
1035 3333 1155 3413 locotus,
1177 3330 1229 3418 qui
1248 3342 1356 3418 pectus

186 3456 337 3524 tundendo
368 3457 534 3524 iudicatur.
568 3453 746 3541 Hesychius
776 3475 784 3515 ε
816 3477 949 3527 uoueret·
984 3476 1120 3539 κομμος,
1150 3453 1251 3543 Θρηνος
1280 3477 1356 3539 μετα

187 3576 275 3671 dopna
291 3603 413 3669 χειρων.
433 3619 477 3628 -
492 3581 553 3644 Επι
573 3602 668 3664 αυτῳ.
693 3579 788 3666 Vulg.
814 3600 910 3662 super
933 3599 1025 3659 eum,·
1046 3577 1168 3643 mallem
1189 3599 1285 3662 cuper
1307 3601 1354 3645 eo.

189 3709 333 3774 -blotat
355 3706 393 3772 ad
417 3704 501 3772 hunc
524 3705 626 3772 locum
652 3704 811 3773 Grotius:
839 3701 1076 3804 «Maioremlei
1100 3702 1206 3784 DeuS,
1230 3704 1352 3786 inquit,

189 3828 332 3898 honorem
356 3829 480 3909 babuit,
505 3849 577 3896 cum
601 3839 671 3918 post
695 3827 734 3895 ad
756 3829 872 3917 ipsius,
895 3836 928 3893 ut
954 3828 1126 3911 Martyrum
1153 3824 1269 3912 primi,
1288 3824 1360 3890 reli-

191 3956 290 4044 quias,
308 3955 462 4045 plurimos
483 3953 609 4022 morbos
632 3954 733 4021 sanari
753 3955 867 4032 voluit3
890 3973 950 4042 qna
972 3952 1010 4019 de
1033 3973 1067 4018 re
1083 3952 1109 4017 si
1128 3951 1198 4040 quis
1221 3949 1360 4043 dubitet,

191 4077 262 4167 legat
277 4080 485 4168 Augustinum
508 4079 547 4146 de
568 4079 697 4146 Ciuitate
718 4080 797 4156 Dei,
815 4080 911 4144 ΧΧΙΙ
932 4104 939 4145 :
959 4079 997 4156 8,
1016 4075 1069 4142 ubi
1087 4075 1256 4165 conspicua
1272 4094 1361 4163 repe-

191 4201 242 4270 riet
257 4204 326 4270 eius
343 4202 426 4293 quod
442 4203 512 4270 dico
529 4202 724 4270 documenta.
751 4203 856 4288 Quare
872 4222 930 4268 nec
954 4200 1080 4279 mirum,
1099 4198 1125 4265 si
1143 4218 1194 4266 eas
1212 4197 1360 4286 reliquias

192 4326 228 4414 pii
249 4328 468 4396 convenienter
490 4325 750 4393 honoraverint...
777 4326 826 4393 hb
849 4325 909 4394 hoc
932 4325 1143 4412 experimento
1167 4322 1206 4390 ad
1227 4323 1359 4390 aliorum

193 4470 309 4543 quoqne
339 4454 511 4539 Martyrum
539 4452 687 4541 reliquias
715 4452 859 4519 concurri
888 4450 991 4539 coepit
1017 4449 1084 4537 pari
1112 4468 1304 4516 successu.»
