3074 5054
409 365 547 433 CAPUT
580 365 740 445 xxviii,
779 368 900 436 VERS.
939 366 1084 432 itt—at.
1271 364 1335 430 589

158 551 417 619 criminationem.
428 553 515 619 Hanc
528 552 620 640 igitur
632 552 672 620 ob
684 573 809 620 causam
821 553 969 642 (scilicet,
978 561 1012 619 nt
1026 551 1113 619 vobis
1127 550 1335 642 significarem

159 694 209 740 me
237 673 299 740 huc
326 674 448 740 venisse
477 695 538 741 non
567 676 744 764 quempiam
779 674 945 743 accusandi
981 673 1036 741 sed
1063 672 1124 740 mei
1152 670 1335 739 defendendi

158 816 267 875 causa,
285 797 387 884 utqui
406 797 520 862 nullius
546 797 687 864 criminis
704 818 775 866 reus
791 797 877 886 sum)
899 820 951 863 voa
967 800 1008 863 od
1027 818 1077 861 me
1100 798 1208 861 ccccvi
1229 794 1336 884 (παρε-

157 917 273 982 aeteae
296 917 392 1006 ὑμας)
408 932 443 986 ut
457 941 510 985 uos
527 922 667 986 viderem
684 933 713 985 ct
732 924 911 1005 alloquerer
935 914 1020 1005 (idaia
1038 942 1090 982 και
1106 915 1333 1006 apostolocae.

158 1042 302 1109 infinitivi
319 1040 433 1130 finis);
456 1065 531 1109 num
547 1042 637 1132 (γαρ)
655 1064 715 1110 non
732 1044 792 1110 alia
808 1043 846 1109 de
862 1063 954 1110 causa
978 1064 1074 1127 quom
1092 1052 1226 1126 propter
1248 1056 1335 1125 apem

156 1167 290 1231 irruitis
305 1162 414 1252 (irenen
430 1190 480 1241 της
497 1161 617 1238 ελπιιος
632 1190 685 1229 του
699 1165 840 1258 Ισραηλ),
866 1165 899 1232 h.
915 1185 943 1232 e.
964 1167 1036 1254 quia
1053 1165 1227 1254 praedicavi
1252 1166 1334 1232 Mes·

156 1285 253 1366 siam,
273 1307 359 1375 spem
390 1289 533 1369 israiitis,
564 1290 594 1355 in
623 1310 755 1378 persona
783 1292 853 1357 iesu
880 1289 1031 1356 Nazareni
1057 1289 1179 1354 venisse
1195 1288 1280 1375 (vide
1296 1287 1335 1355 ad

157 1409 233 1498 Cap.
252 1410 362 1477 XXVI
384 1437 391 1478 :
410 1411 459 1497 6),
483 1411 555 1492 hac,
574 1432 665 1501 quam
682 1412 804 1494 vidctis,
826 1423 931 1481 catena
949 1413 1134 1480 constrictus
1150 1432 1232 1480 sum.

203 1652 298 1717 Extra
313 1671 437 1719 omnem
453 1652 577 1741 cuipam
595 1674 628 1720 se
644 1673 712 1721 esse
729 1656 844 1722 Paulus
857 1655 979 1722 ludaeIs
996 1656 1145 1722 Romanis
1161 1654 1336 1743 significare

157 1773 225 1841 ideo
239 1774 383 1855 voluerit,
399 1775 482 1863 quod
494 1776 663 1843 crediderit
675 1775 742 1843 fieri
757 1779 908 1866 potuisse,
924 1789 957 1843 ut
969 1777 1159 1844 calumniosa
1172 1748 1335 1866 quaepiam

156 1897 195 1965 de
211 1919 244 1965 sc
263 1899 342 1966 sama
358 1900 397 1967 ad
418 1901 487 1968 illos
504 1902 712 1989 pervenissem
735 1922 814 1990 quae
837 1923 888 1969 ros
900 1901 1014 1969 *obesse
1038 1911 1157 1990 poterut
1173 1902 1217 1967 rei
1236 1901 1336 1967 Evan-

155 2022 287 2109 geticae,
306 2043 398 2110 quam
416 2024 496 2091 inter
511 2045 565 2092 eos
582 2046 766 2112 promovere
782 2025 999 2093 meditabatur.
1023 2024 1115 2092 Nulla
1135 2034 1235 2091 tamen
1256 2022 1335 2090 mala

156 2141 194 2210 dc
210 2163 245 2209 eo
263 2144 343 2211 fama
359 2144 397 2212 ad
415 2146 499 2234 ipsos
517 2158 716 2235 pervenerat,
736 2159 770 2213 ut
793 2158 876 2236 patet
898 2167 937 2213 cx
953 2165 1061 2213 eorum
1079 2145 1117 2212 ad
1136 2143 1223 2211 Pauli
1242 2143 1335 2210 verba

157 2285 324 2354 responso,
343 2267 426 2354 quod
444 2269 496 2336 hic
512 2269 669 2356 sequitur.

200 2514 345 2580 ιι-ιι.
370 2514 413 2578 Ar
430 2517 481 2579 iiii
502 2518 655 2582 dixerunt
676 2519 718 2582 cd
740 2537 811 2581 cant
829 2542 837 2578 :
855 2537 933 2596 noa,
959 2511 1050 2597 etc).
1070 2511 1119 2579 ltti
1147 2522 1253 2578 autem
1277 2506 1338 2596 (de)

155 2629 299 2698 dixerunt
316 2632 355 2699 ad
377 2654 447 2699 eum
468 2659 475 2700 :
495 2635 559 2701 Nos
583 2655 683 2723 neque
708 2633 825 2701 litteras
848 2638 886 2699 dc
911 2645 939 2698 tc
960 2635 1043 2723 (περι
1063 2656 1139 2713 σου,
1159 2652 1246 2712 over,
1264 2650 1336 2697 aan-

153 2754 269 2840 gaande
297 2763 329 2845 n)
361 2757 540 2844 accepimus
573 2777 610 2822 ox
642 2755 774 2837 iudaea,
808 2776 866 2822 nec
898 2756 1063 2844 quisquam
1089 2760 1231 2839 fratrum
1264 2756 1335 2839 (των

155 2873 308 2967 αδειφων,
327 2879 348 2942 i.
368 2899 398 2945 e.
420 2879 616 2967 popularium
637 2876 830 2963 nostrorum)
847 2878 918 2946 inde
936 2877 998 2945 huc
1016 2882 1143 2945 aduenit
1159 2885 1336 2968 (παραγενο-

156 2996 266 3082 paror),
288 2999 340 3086 qui
358 3000 430 3065 nrali
450 3000 568 3087 aliquid
581 2999 619 3068 de
632 3010 661 3066 to
674 3001 907 3067 annunciaverit
922 3012 975 3067 aut
990 3001 1114 3068 dixerit.
1136 3004 1337 3068 Postulcmua

155 3117 326 3207 (αξιοῦμεν)
350 3132 451 3188 autem
472 3122 581 3189 audire
602 3123 638 3188 ab
664 3125 732 3208 ipso
754 3134 783 3189 to
800 3133 894 3215 (παρα
911 3123 979 3206 σου)
995 3146 1074 3209 quae
1089 3127 1230 3208 acutior,
1250 3123 1284 3192 h.
1304 3143 1333 3190 e.

156 3265 306 3332 quaenam
337 3247 461 3315 tandem
493 3268 528 3314 ea
554 3250 635 3328 sint,
668 3270 748 3337 quae
776 3270 793 3317 a
822 3262 851 3317 tc
878 3250 1040 3318 docentur.
1074 3253 1158 3319 Nam
1189 3248 1271 3340 (γαρ)
1298 3253 1336 3315 de

156 3369 250 3456 (περι,
264 3380 297 3436 ut
309 3390 355 3437 ve.
370 3369 425 3450 ιι)
438 3381 520 3437 secta
534 3369 605 3451 hac,
621 3372 711 3439 cuius
724 3383 757 3438 tu
771 3381 801 3439 te
815 3392 1001 3461 praeconem
1014 3372 1171 3461 profiteris
1183 3371 1247 3460 (vs.
1262 3370 1336 3460 ιθ),

156 3498 263 3556 notum
290 3490 379 3558 nobis
405 3502 468 3568 cst,
500 3490 616 3580 ubique
633 3503 788 3559 terrarum
805 3485 850 3558 illi
868 3493 1050 3561 contradici.
1081 3495 1185 3579 Quare
1209 3493 1339 3561 velimus

156 3621 186 3675 te
210 3631 244 3676 ea
268 3611 306 3677 de
334 3612 502 3679 reaudire
530 3613 748 3681 disserentem.
779 3612 871 3698 Quod
899 3634 969 3679 oum
1000 3613 1115 3680 Paulus
1143 3613 1277 3681 libenter
1305 3633 1339 3681 se

157 3731 309 3799 facturum
331 3734 558 3822 respondisset,
585 3735 623 3803 ad
646 3736 749 3816 diem,
774 3754 866 3823 quem
892 3732 937 3800 illi
964 3735 1205 3816 constituerant,
1233 3734 1336 3803 Iudaei

153 3858 263 3938 plures
290 3852 446 3941 (πλειονες)
470 3877 563 3944 quam
585 3867 674 3923 antea
694 3854 734 3921 ad
757 3875 828 3922 eum
849 3866 1000 3921 venerunt
1020 3859 1055 3920 in
1071 3859 1140 3921 eius
1163 3858 1337 3938 hospitium

156 3974 211 4063 (εις
226 3998 278 4053 την
299 3974 407 4052 irater.
426 3977 474 4044 (ii.
495 3998 540 4044 vs.
566 3980 606 4045 16
624 3988 653 4044 ct
670 3979 744 4065 30);
765 3976 878 4065 quibus
895 3977 1068 4060 reponebat
1083 3973 1252 4064 (εξετιθετο)
1265 3974 1337 4042 doc·

157 4100 270 4166 trinam
287 4098 326 4191 de
342 4119 436 4187 regno
455 4101 534 4180 Dei,
556 4100 805 4185 Scripturorrrm
821 4102 1013 4167 testimoniis
1029 4102 1119 4166 ittam
1142 4100 1336 4181 confirmans

157 4219 482 4314 (ιιαμαρτυρομενος),
500 4224 625 4313 illisque
641 4223 845 4314 persuadens,
864 4233 1012 4314 quantum
1029 4222 1061 4288 in
1077 4240 1114 4288 co
1130 4230 1208 4301 erat,
1226 4222 1335 4285 Iesum

158 4345 366 4415 Nazarenum
391 4369 457 4415 esar
479 4352 672 4434 promiscam
695 4349 848 4416 Messium
868 4357 918 4436 (τα
936 4369 1003 4436 περι
1025 4368 1079 4410 roa
1095 4345 1211 4428 Ιησου),
1230 4345 1337 4426 potitis
