3074 5054
186 383 252 448 dli
525 380 659 452 Actus
693 380 1024 462 APOS'l'OLORUM,

185 571 223 638 ad
248 572 359 639 festum
382 574 576 640 Pentecostes
596 573 815 642 celebrandum
831 585 978 641 venerant
994 573 1264 661 Hierosolymam,
1283 576 1363 643 Pau·

184 694 265 775 lum,
291 716 382 785 quem
407 697 437 762 in
461 697 534 763 Asia
558 709 722 778 noverant,
752 698 783 765 in
807 697 922 787 templo
946 698 1100 765 viderent.
1127 699 1233 783 Quum
1256 710 1360 768 autem

184 819 304 888 infenso
323 820 353 886 iu
371 819 459 886 illum
477 831 579 886 essent
595 821 715 900 animo,
735 820 879 888 simulac
903 825 1131 907 conspexissent
1156 821 1362 911 (θεασαμενοι)

184 965 274 1024 enm,
289 944 486 1011 concitabant
501 943 653 1030 (συνεχεο)
670 945 811 1033 lmperl.)
828 945 859 1010 in
876 965 945 1012 eum
963 957 1064 1013 totam
1078 948 1233 1031 populant
1249 946 1363 1029 (aaran

182 1091 233 1132 aaa
250 1065 352 1154 οχλον)
371 1068 414 1132 too·
434 1079 653 1151 praesentem,
669 1078 699 1134 et
714 1068 863 1135 violentas
880 1089 988 1136 manus
1007 1069 1037 1134 in
1064 1069 1150 1137 illum
1166 1070 1360 1152 iniecerunt,

183 1193 349 1261 clamantes
375 1214 383 1256 τ
410 1193 478 1262 Viri
504 1193 681 1273 Israeliten,
708 1193 897 1261 succurrite!
925 1195 987 1261 lste
1010 1203 1057 1260 est
1084 1192 1178 1261 homo
1204 1194 1278 1275 ille,
1309 1195 1361 1285 qui

183 1336 291 1383 omnes
307 1315 423 1405 ubique
438 1335 472 1382 33
490 1315 597 1395 docet,
616 1336 695 1406 quae
719 1327 791 1384 sunt
814 1316 937 1384 hostilia
954 1326 984 1382 et
1007 1316 1099 1384 Genti
1125 1327 1250 1384 nostrae
1266 1316 1362 1406 (nara

181 1465 235 1505 cao
252 1439 356 1524 laon),
371 1451 400 1506 et
413 1440 471 1527 legi
488 1451 610 1509 nostrae
627 1444 717 1526 (aava
733 1436 921 1527 conuenae),
936 1451 966 1506 et
981 1460 1070 1508 sacro
1089 1439 1163 1508 hnic
1183 1440 1253 1508 loco
1271 1445 1361 1527 (κατα

181 1585 234 1628 του
258 1584 352 1626 τοπου
367 1563 584 1653 τουτου),3311.
602 1563 733 1653 Templo
758 1563 1069 1650 Hierosolymam.
1094 1567 1200 1650 Atqne
1226 1569 1363 1651 insuper

178 1683 238 1767 (acc
261 1683 308 1770 τε)
332 1688 425 1751 etiam
442 1684 525 1775 (aaa)
548 1685 690 1773 homines
710 1685 850 1754 Gentiles
873 1682 1050 1774 (Ἕλληνας)
1074 1686 1197 1754 induxit
1218 1688 1250 1754 in
1267 1689 1362 1756 Tem·

179 1810 283 1899 plum,
298 1809 577 1898 contaminavitque
599 1820 739 1877 sanetum
762 1808 845 1876 lnunc
867 1810 983 1877 locum.
1006 1813 1247 1879 -Postremae
1265 1812 1360 1881 lunius

177 1935 402 2003 criminationis
426 1956 553 2000 consano
574 1931 664 2025 (γαρ)
689 1933 769 2001 hanc
792 1942 876 2001 notat
896 1936 996 2002 Lucas
1020 1941 1078 2022 (vs.
1096 1935 1156 2025 09)
1176 1961 1183 2002 :
1204 1936 1362 2006 Viderant

179 2060 278 2138 enim,
308 2058 426 2146 inquit,
457 2058 488 2122 in
515 2055 593 2123 urbe
621 2058 881 2146 (Hidrosotymoe)
910 2058 1041 2125 Paulum
1068 2058 1099 2124 in
1125 2059 1274 2127 comitatu
1303 2081 1360 2128 suo

178 2182 341 2251 habentem
365 2180 571 2271 Trophimum
591 2180 761 2270 Ephesium
780 2182 854 2264 (uid.
870 2183 947 2272 Cap.
961 2184 1026 2249 XX
1045 2207 1053 2248 ε
1073 2183 1118 2264 l),
1145 2204 1237 2271 quern
1254 2185 1359 2274 suspi-

177 2304 437 2374 cabanturfuisse
459 2324 477 2371 a
503 2304 600 2370 Paulo
629 2304 839 2372 introductum
869 2309 903 2372 in
932 2309 1102 2390 templana,
1133 2329 1174 2380 εις
1201 2330 1235 2370 το
1263 2309 1356 2397 lapan,

178 2431 200 2496 i.
227 2450 256 2495 e.
279 2430 310 2495 in
335 2407 446 2495 atrium
472 2427 702 2508 Israelitarnm,
729 2427 812 2516 quod
837 2428 1030 2507 Gentilibus,
1056 2440 1162 2518 utpote
1186 2430 1358 2499 incircum·

176 2555 269 2634 cisis,
288 2575 349 2620 non
373 2553 484 2621 licebat
500 2554 627 2620 intrare.
646 2552 707 2621 Sed
724 2552 797 2620 falsa
814 2564 880 2620 erat
896 2552 973 2620 haec
988 2555 1182 2635 criminatio,
1202 2566 1236 2623 ut
1252 2558 1358 2624 Lucas

177 2676 304 2746 indicat.

221 2801 365 2877 Έλληνας
393 2801 499 2869 dicunt
526 2802 595 2880 isti,
625 2802 656 2868 in
681 2802 797 2869 Plurali
826 2807 990 2887 cenerico,
1017 2813 1160 2893 utsupra
1185 2824 1256 2894 pag.
1276 2809 1354 2875 tae.

176 2929 296 2991 Kamoa
323 2951 372 3006 τι,
395 2947 558 2992 commone
581 2927 657 3011 qnid
683 2929 786 3011 socio,
809 2926 831 2990 i.
850 2947 888 2991 3.
911 2930 1067 3012 profano,
1094 2933 1296 3014 contamina,
1321 2950 1356 2995 ex

178 3049 321 3138 loquendi
340 3069 398 3115 usu
415 3047 641 3115 Hebraeorum.
668 3047 749 3115 Vide
773 3048 812 3115 ad
832 3049 909 3137 Cap.
928 3051 983 3116 X:
1006 3053 1058 3118 lli.
1079 3051 1200 3117 -Pro
1218 3057 1355 3138 ενομιζο)

176 3179 219 3237 ὁτι
247 3196 278 3237 κ.
303 3195 332 3237 τ.
363 3167 393 3232 λ.
420 3171 520 3237 Lucas
544 3168 692 3236 adhibere
717 3171 867 3258 potuisset
893 3172 1043 3258 Syntaxin
1074 3174 1252 3243 accusativi
1284 3196 1354 3243 cum

177 3297 345 3366 lnfinitivo.

223 3543 369 3610 att-ot.
397 3541 617 3627 Gannotaqoe
630 3553 674 3607 est
690 3545 798 3608 civitas
815 3554 898 3627 toto,
917 3551 1004 3632 ete).
1023 3544 1072 3611 Ad
1089 3544 1173 3612 ltuno
1188 3547 1353 3614 tumultum

177 3676 331 3732 coonmoto
347 3677 394 3730 est
416 3665 551 3750 (cannata)
569 3676 630 3731 tota
658 3665 784 3746 3131133,
806 3664 946 3754 iactaque
970 3676 1017 3733 est
1040 3667 1148 3755 populi
1172 3670 1351 3737 concursio.

177 3795 217 3861 Et
232 3793 535 3876 comprehenderant
562 3793 699 3857 Patalam
715 3786 944 3880 (caalassoaaron
964 3791 1040 3858 Aor.
1062 3794 1083 3859 2
1101 3791 1204 3882 ntea.)
1221 3813 1353 3882 eumque

177 3920 340 3985 tradebant
367 3914 480 4005 (atinae
509 3915 687 4006 lmperleot.
714 3917 753 3985 ab
781 3914 872 4006 ἕλκω)
900 3928 986 3984 extra
1009 3896 1186 4007 templum:
1211 3920 1353 3989 videlicet

175 4041 318 4110 volebant
333 4060 404 4107 eum
421 4039 563 4108 occidere
579 4038 634 4128 (cl.
652 4061 699 4107 vs.
715 4038 774 4128 51)
791 4039 845 4106 sed
863 4041 968 4106 nonin
986 4041 1055 4128 ipso
1073 4041 1205 4129 templo,
1221 4064 1260 4110 ne
1277 4043 1350 4111 illud

207 4343 226 4410 ¹)
244 4342 339 4395 Eadem
360 4341 542 4395 criminatione
563 4337 652 4391 ludaei
676 4337 738 4390 olim
758 4337 798 4389 usi
821 4337 926 4389 luerunt
946 4335 973 4386 in
993 4334 1166 4403 Stephanum.
1188 4337 1255 4391 Vide
1275 4351 1349 4406 supra

174 4425 206 4476 ad
218 4424 281 4490 Cap.
294 4424 342 4475 tt:
356 4423 397 4475 ta.
