3074 5054
139 165 205 232 558
494 162 626 230 ACTUS
665 163 997 241 apostatantia,

136 364 316 420 constanter
337 374 396 437 per
421 363 450 417 te
474 354 621 438 fruimur
644 354 745 418 realta
771 373 849 436 paee
876 354 1045 438 multisque
1072 334 1322 419 correctionibus

135 473 402 571 (διορθωματων),
428 498 507 562 qaae
528 478 604 541 taio
625 479 753 543 notioni
771 476 880 567 (rebus
904 477 1039 566 puhlicis
1062 475 1156 544 huius
1172 477 1323 563 nationis)
1366 493 1371 499 ·

133 623 194 686 per
217 612 305 669 taam
331 603 569 686 providentiam
592 604 780 684 contingant
807 602 984 691 (properas
1010 625 1054 686 τῳ
1077 601 1152 685 siras
1173 599 1320 686 τουτῳ4),

136 730 171 794 id
196 749 320 812 semper
341 737 371 791 et
398 726 511 811 abique
539 728 737 808 agnoscimus
766 721 1021 812 (αποόεχομεθα),
1048 727 1323 808 praestantissime

135 852 245 928 Felix,
275 861 305 915 et
331 852 454 933 pretias
484 849 542 914 tibi
568 853 606 914 de
634 871 667 914 eo
696 850 843 914 trademus
866 870 944 934 qaas
964 869 1133 932 possamus
1160 851 1323 915 mamimus

133 974 227 1063 (μετα
247 997 347 1047 noane
368 972 591 1061 ευχαριστιας).
610 1010 654 1020 -
670 971 827 1039 Praesidis
850 971 1093 1038 benevolentiam
1115 981 1220 1061 captat
1243 973 1322 1039 Ter-

135 1099 229 1167 tullus
252 1099 333 1188 turpi
350 1096 538 1165 adulatione.
562 1096 611 1164 Cl.
632 1097 733 1164 Tacit.
753 1097 837 1164 llist.
857 1094 927 1163 Lib.
947 1096 989 1162 V.
1015 1097 1093 1184 Cap.
1117 1098 1159 1179 a,
1186 1107 1218 1162 et
1235 1099 1318 1164 Aua.

134 1224 204 1292 Lib.
220 1225 382 1313 Xll.Cap.
393 1225 458 1307 5t;
474 1222 546 1290 item
554 1221 886 1311 Fl.loseph.rlutiqq.
901 1220 973 1288 Lib.
988 1221 1065 1287 XX.
1081 1221 1159 1310 (lap.
1175 1221 1254 1290 Vlll
1266 1245 1274 1287 :
1285 1225 1318 1289 9.

133 1346 182 1415 Ad
198 1357 384 1415 structuram
402 1344 569 1412 verborum
586 1344 680 1412 huius
696 1345 755 1412 laci
774 1344 856 1435 quod
870 1345 996 1427 attinet,
1015 1343 1175 1412 reserenda
1194 1343 1258 1414 huo
1274 1358 1322 1414 est

134 1471 257 1559 regala,
276 1490 367 1559 quam
386 1468 477 1536 tradit
498 1468 626 1536 lllatthiii
648 1466 859 1559 (Ausliirliehe
884 1466 1091 1537 Grieehisehe
1106 1468 1319 1548 Grammatiln

131 1593 278 1682 gadal:
310 1593 406 1658 «Die
428 1592 538 1672 verba,
561 1594 612 1657 die
630 1595 700 1657 eine
725 1592 1044 1677 Gemiitlrsbeweganp
1065 1596 1238 1676 anzeigen,
1261 1597 1320 1660 wie

133 1715 201 1784 siah
218 1716 343 1792 lreuen,
363 1715 521 1803 unwillig‚
542 1714 665 1783 betriiht
681 1737 777 1803 seyu,
795 1714 864 1784 sloh
882 1715 1046 1797 salliimen,
1066 1715 1221 1798 bereuen,
1240 1727 1318 1800 eta,

132 1841 267 1905 nelornen
282 1841 343 1904 den
362 1839 561 1921 Gepenstand
576 1841 653 1905 oder
668 1842 717 1904 die
732 1842 895 1906 wirlaende
915 1841 1050 1906 Ursnelre
1069 1842 1234 1906 derselben
1241 1890 1254 1924 ,
1269 1843 1320 1906 die

135 1965 180 2028 im
204 1964 422 2029 Lateinisctoen
444 1964 545 2028 dareta
569 1962 670 2051 quod,
693 1967 771 2028 oder
789 1966 850 2029 den
870 1965 1040 2029 Accusatio
1063 1983 1134 2030 oum
1160 1963 1319 2031 luliaitlvo

130 2089 261 2172 gegeben
278 2091 381 2169 wirot,
399 2092 443 2154 im
462 2091 605 2173 Particip
620 2110 662 2153 za
677 2091 755 2154 siole.
776 2117 789 2145 s
815 2087 895 2155 Vide
912 2088 1003 2154 etiam
1021 2089 1079 2156 Gr.
1098 2106 1169 2176 pag.
1185 2090 1266 2156 569.
1285 2091 1315 2156 l.

132 2214 277 2301 Syutaxis
290 2214 443 2302 praesenti
462 2212 574 2279 similis
588 2213 725 2279 oeaurrit
738 2212 828 2279 etiam
846 2233 939 2302 supra
952 2214 1029 2301 Cap.
1045 2213 1105 2279 XV
1112 2214 1137 2278 l.
1154 2215 1210 2293 tit,
1225 2223 1318 2302 atque

133 2337 245 2404 iterum
263 2337 342 2404 inira
358 2339 435 2427 Cap.
450 2337 561 2405 XXVI
577 2360 585 2402 ε
603 2338 636 2403 2.
651 2336 819 2425 Τυγχανειν
835 2359 912 2410 τινος
926 2347 972 2403 est
987 2338 1133 2402 nancisei
1142 2384 1150 2413 ,
1169 2341 1316 2422 assequi,

129 2465 249 2546 potiri,
275 2466 357 2548 [rai.
384 2463 432 2529 De
452 2462 536 2527 varia
559 2461 684 2527 notione
703 2472 733 2526 et
755 2461 883 2547 Syntaxi
907 2460 992 2527 verbi
1015 2483 1176 2550 τυγχανειν
1202 2461 1317 2530 videsis

130 2585 239 2674 Viget.
255 2586 331 2675 Cap.
350 2586 392 2664 V,
411 2586 494 2654 sen.
509 2585 568 2651 Xl.
587 2584 606 2673 S
625 2585 678 2652 15.
694 2604 765 2672 sqq.
781 2584 944 2652 Genilivus
961 2579 1178 2675 διορθωματων
1194 2608 1315 2674 γινομε-

130 2734 189 2774 rmr
203 2709 319 2800 pariter
336 2708 448 2798 pendet
466 2728 482 2775 a
497 2709 666 2798 partieipia
682 2731 893 2798 τυγχανοντες.
912 2710 991 2776 Aule
1008 2704 1225 2799 διορθωματων
1237 2734 1315 2800 yero-

131 2857 228 2922 μενων
257 2855 296 2901 ex
321 2846 497 2921 antegressa
527 2830 639 2908 πολλης
664 2845 765 2900 mente
789 2831 962 2921 supplenda
983 2843 1030 2899 est
1058 2855 1117 2896 απο
1139 2856 1193 2896 του
1215 2857 1314 2897 rosseo

131 2980 190 3027 vox
207 2955 340 3023 πολλων.
356 2996 400 3006 -
412 2957 520 3046 Harrp
535 2980 566 3022 τε
582 2982 633 3019 και
650 2979 809 3042 πανταχου
827 2955 903 3024 dieit
914 2956 1090 3037 Tertullus,
1110 2958 1198 3046 quasi
1213 2958 1310 3036 dieat,

131 3083 447 3151 notanteWetstenlo
465 3082 563 3168 (adh.
580 3082 621 3171 l.)
642 3108 649 3148 ε
672 3112 685 3140 »
711 3083 802 3169 Quod
821 3103 902 3150 nuile
922 3083 1051 3152 laeimus
1065 3085 1220 3173 praesenti
1241 3085 1308 3167 tibi,

132 3207 164 3276 id
182 3207 273 3274 etiam
291 3205 329 3273 de
345 3205 471 3274 absente
489 3207 716 3296 praedicamus.
738 3210 805 3275 Non
825 3208 854 3274 in
874 3228 909 3274 os
921 3207 1022 3275 solum
1039 3207 1215 3277 laudamus.
1238 3238 1251 3268 ι
1271 3247 1310 3257 -

133 3332 255 3410 Hasna,
274 3341 307 3399 ul
324 3328 463 3420 Philipp.
482 3333 558 3421 Cap.
579 3333 593 3399 l
612 3357 620 3399 t
639 3334 695 3399 20.

175 3577 209 3642 l.
237 3577 285 3642 Ne
308 3577 426 3641 diarios
449 3585 554 3642 aretem
581 3589 609 3643 te
631 3580 840 3661 protentione,
871 3585 958 3664 eta).
989 3579 1092 3666 Pergit
1119 3580 1306 3647 Tertullus:

130 3702 249 3770 Verum
263 3721 302 3767 ne
321 3700 489 3790 prolixiore
512 3702 672 3790 prooemio
690 3706 813 3770 diutins
829 3702 894 3791 (επι
910 3700 1045 3790 aleton),
1064 3723 1156 3791 quam
1176 3688 1228 3771 res
1242 3723 1303 3793 pos·

130 3827 222 3905 tulat,
241 3836 269 3893 te
286 3825 442 3910 (maximis
459 3827 589 3914 negotiis
611 3828 899 3917 occupatissimum)
916 3828 1067 3895 detineam
1085 3829 1151 3894 sive
1176 3849 1294 3896 remora

165 4121 184 4185 ¹)
202 4121 499 4193 transnatamus)
522 4110 596 4173 adres
621 4124 765 4193 avulgata
788 4125 900 4181 absunt;
924 4127 1039 4179 aeterum
1070 4125 1155 4180 ubivis
1178 4125 1277 4195 legana

130 4211 209 4265 etiam
224 4211 249 4268 iu
262 4213 370 4282 antiqua
384 4211 454 4265 ltala.
