3074 5054
450 365 589 434 CAPUT
624 363 741 445 XXli,
779 363 901 434 VERS.
940 364 1085 432 ii-ii.
1295 363 1361 430 dtu

181 559 277 627 nnbat.
304 559 418 626 Confer
441 557 493 627 hic
516 557 598 626 dicta
622 555 660 624 ad
682 557 759 645 unp.
784 557 860 623 IX:
885 557 925 636 5,
954 575 1026 645 sqq.
1052 592 1096 606 -
1120 555 1258 624 Ananiae
1284 551 1360 622 iliud

179 680 358 772 apodictico,
374 687 506 768 respice,
521 701 624 749 sermo
638 679 696 748 init
708 699 855 766 operans,
869 688 1010 770 utsupra
1023 699 1093 769 pag.
1108 678 1361 748 ratmundus

178 806 306 874 edoctus
329 806 428 874 iuerat
451 806 587 874 Ananias
603 824 638 871 ea
662 823 742 894 quae
760 802 799 871 ad
816 805 948 872 Panium
968 802 1020 872 hic
1036 803 1123 872 dicit.
1142 802 1190 871 Gi.
1211 805 1281 871 tX:
1300 805 1358 882 tu,

181 933 282 1000 17.-
298 932 416 1000 Vocem
434 933 666 1023 προχειριζομαι
682 928 809 1021 (Med),
823 949 914 1018 quam
931 931 1088 1019 interpres
1102 940 1206 997 noster
1219 927 1272 996 hic
1287 927 1361 996 red·

178 1054 255 1124 didit
279 1061 492 1142 praeordino,
519 1055 598 1124 inira
621 1056 710 1146 (Cap.
740 1058 851 1126 XXV!
872 1082 879 1124 :
903 1055 961 1146 19)
986 1055 1088 1124 reddit
1115 1060 1286 1124 constituo.
1306 1058 1361 1124 Est

178 1191 278 1248 autem
299 1181 431 1249 verbum
456 1181 730 1249 Denominativum
758 1183 990 1273 προχειριζομαι
1015 1181 1204 1249 tantumdem
1229 1201 1267 1249 ac
1288 1204 1361 1272 προ-

178 1329 275 1398 χειρον
302 1329 407 1387 ποιεω,
435 1308 521 1392 focio
543 1327 622 1390 prce
649 1308 795 1372 manibus
824 1310 892 1394 (προ
920 1304 1041 1396 χειρων)
1066 1328 1147 1389 erce,
1174 1316 1205 1372 et
1227 1325 1299 1373 mox
1325 1308 1361 1371 in

182 1450 295 1497 monus
316 1451 425 1514 cumo,
452 1432 584 1496 adsumo
600 1428 637 1496 ad
654 1428 792 1518 aliquid,
822 1431 965 1513 destino,
995 1430 1138 1513 desipere.
1168 1428 1295 1496 Dictum
1314 1440 1361 1496 est

178 1547 217 1619 ὧν
234 1551 369 1644 ἑωρακας
391 1575 448 1644 pro
465 1556 607 1646 (μαρτυς)
630 1576 747 1617 εκεινων
767 1553 788 1615 ἁ
807 1550 955 1643 ἑωρακας.
981 1554 1037 1621 Est
1058 1573 1131 1641 ergo
1148 1552 1180 1619 iu
1198 1551 1257 1621 hac
1273 1553 1359 1622 iocu-

178 1675 260 1743 tioue
287 1678 421 1761 Eiiipcia
444 1685 475 1743 et
497 1678 671 1743 detractio.
697 1713 741 1724 -
763 1673 912 1754 Maiiam,
937 1680 1096 1744 cunctari.
1125 1675 1291 1745 Scholiast.
1321 1677 1360 1746 ad

178 1799 289 1889 Eurip.
310 1800 431 1867 Heouh.
450 1803 516 1868 796
535 1819 543 1862 τ
563 1798 704 1864 Mediam·
720 1823 753 1863 rc
767 1796 947 1889 βραδυνειν,
965 1825 998 1865 το
1012 1802 1175 1866 οκνεισθαι.
1193 1841 1238 1852 -
1254 1799 1358 1867 Arac-

177 1946 229 1998 τας
249 1922 400 2004 abundai3
419 1922 490 1991 vide
511 1922 550 1991 ad
574 1925 650 2013 Cap.
679 1924 756 1992 tht
775 1944 783 1985 :
803 1927 858 1993 35.
886 1961 929 1972 -
951 1925 1110 1989 Berricen
1133 1935 1164 1992 ei
1183 1922 1357 1990 απολουσαι

178 2050 355 2138 imperativi
376 2058 449 2116 sunt
471 2049 588 2117 Acrisii
611 2049 730 2117 formae
757 2048 897 2129 Mediae;
926 2061 1028 2118 vertas
1047 2070 1056 2113 ε
1078 2053 1175 2136 saites
1191 2072 1268 2118 vorce
1283 2053 1358 2136 bop-

177 2178 252 2241 ticer
265 2185 294 2240 et
306 2179 392 2242 incer
408 2178 446 2240 de
461 2196 515 2241 voc
526 2177 645 2260 pe'cire's.
665 2175 782 2243 Sensus
800 2188 901 2242 autem
919 2187 966 2243 est
984 2200 992 2243 :
1012 2177 1130 2260 Recipe
1146 2179 1356 2262 baptismum,

177 2321 237 2384 quo
254 2301 419 2365 munderis
443 2301 481 2365 cd
499 2300 643 2366 omnibus
661 2304 795 2384 peccatis
818 2303 890 2367 tuis.
911 2299 1067 2366 Nimirum
1083 2309 1130 2366 est
1145 2300 1176 2366 iu
1197 2298 1255 2368 hac
1272 2300 1358 2369 iocu-

177 2423 260 2490 tioue
278 2447 286 2488 ε
306 2419 458 2508 deuteron
474 2439 525 2487 nen
549 2421 733 2502 απολουσαι,
752 2424 883 2492 notanda
901 2422 1113 2490 Hebraeorum
1138 2423 1190 2490 iiia
1210 2423 1356 2513 loquendi

178 2547 274 2627 ratio,
292 2567 353 2636 qua
377 2547 439 2616 duo
464 2549 639 2636 Imperatiri
665 2549 895 2636 coniunguntur
911 2549 965 2628 ita,
983 2558 1017 2614 ut
1034 2548 1188 2638 posterior
1204 2548 1359 2637 significet

178 2670 252 2760 quid
278 2681 458 2739 secuturum
482 2672 539 2750 sit,
566 2673 591 2739 si
618 2671 669 2738 fiat
692 2672 724 2739 id
748 2672 830 2763 quod
854 2671 1039 2762 exprimitur
1061 2691 1118 2760 per
1140 2673 1293 2762 priorem3
1312 2672 1359 2742 sic

178 2799 293 2866 GeueS.
312 2799 389 2887 Cap.
408 2799 498 2865 XLii
519 2824 526 2864 :
548 2799 590 2866 18
606 2796 744 2866 dicitur:
763 2814 824 2884 utut
848 2806 903 2874 nit?
927 2799 981 2858 cdo
1005 2800 1062 2864 icoc
1081 2801 1176 2884 facite
1192 2784 1227 2865 ‘et
1244 2800 1356 2880 vivite,

178 2939 310 3010 quorum
328 2920 494 2988 verborum
512 2941 621 2989 sensus
637 2932 684 2988 ost
703 2944 710 2985 :
729 2923 786 2986 icoc
803 2922 899 3004 facite
916 2930 945 2985 et
961 2922 1087 3006 vivetis,
1104 2919 1137 2988 ir.
1153 2940 1182 2988 e.
1197 2924 1228 2988 ci
1242 2924 1298 2988 troo
1313 2926 1359 3007 se·

177 3047 303 3128 ceritis,
328 3048 449 3111 vivetis.

225 3295 369 3362 tu-at.
397 3295 530 3360 Factum
555 3305 599 3360 eat
618 3304 723 3360 nectent
740 3297 912 3359 revertenti
931 3296 1029 3374 milei,
1048 3291 1139 3381 etc).
1160 3293 1263 3380 Pergit
1278 3293 1359 3361 Pau·

178 3417 226 3485 ius
242 3439 250 3480 e
264 3420 384 3484 Evenit
402 3429 504 3485 autem
516 3417 593 3485 mihi
611 3417 862 3504 Hierosolymam
879 3438 1004 3484 reuerso
1018 3415 1265 3508 (ὑποστρεψαντι)
1281 3428 1311 3484 et
1327 3417 1358 3484 in

179 3545 294 3633 templo
320 3545 477 3634 precanti,
499 3555 535 3609 ut
561 3566 697 3628 raperer
720 3555 812 3610 entre
840 3565 889 3610 me
913 3546 1085 3634 (cyanem...
1111 3545 1248 3635 γενεσθαι
1269 3567 1307 3632 με
1330 3568 1359 3610 eo

179 3691 333 3733 εκστασει.
355 3670 493 3756 syntaxis
510 3678 556 3735 ost
574 3679 607 3736 ut
626 3669 702 3757 Gap.
723 3669 768 3737 lV
787 3688 794 3730 :
815 3666 861 3749 5),
879 3667 1079 3758 videremque
1102 3668 1188 3737 iilum
1206 3668 1289 3758 (soii.
1308 3692 1359 3734 τον

179 3787 310 3856 decaron.
328 3813 377 3860 vs.
399 3790 454 3877 id)
473 3792 625 3860 dicentem
644 3790 719 3858 mihi
738 3793 884 3860 :Festina
907 3811 944 3859 ac
961 3795 1109 3860 celeriter
1132 3792 1174 3875 (eo
1197 3815 1304 3880 ταχει,
1323 3796 1359 3859 in

178 3920 282 4004 dccet)
307 3917 525 4005 Hierosolyma
548 3917 711 4005 egredere,
734 3918 808 4007 quia
828 3927 914 3985 tuum
932 3917 971 3986 de
989 3938 1039 3985 me
1057 3917 1268 3986 testimonium
1285 3919 1360 3986 Hie-

179 4040 393 4128 rosolymitani
422 4061 483 4109 non
511 4040 683 4108 admittent.
711 4041 751 4108 Et
774 4061 829 4129 ego
854 4039 917 4108 dixi
939 4067 947 4108 ε
970 4042 1124 4122 Domine,
1150 4040 1227 4109 mihi
1255 4042 1359 4131 potius

180 4185 273 4253 quam
295 4165 347 4232 aiii
370 4167 506 4255 cuipiam
528 4165 676 4233 credituri
702 4175 792 4242 suut;
818 4184 889 4231 nam
914 4164 1017 4233 sciunt
1040 4165 1118 4254 ipsi,
1136 4183 1186 4232 me
1202 4185 1274 4232 eum
1290 4185 1359 4234 esse

179 4288 233 4376 qui
250 4288 380 4356 antehac
397 4293 431 4355 iu
443 4311 601 4356 carcerem
614 4292 815 4357 coniiciebnm
831 4287 921 4376 (apro
937 4286 1121 4381 φυλακιζων)
1133 4300 1163 4356 et
1176 4309 1237 4374 per
1251 4291 1359 4357 norico

179 4433 352 4498 cynayopao
368 4411 510 4481 obeundo
533 4417 627 4501 (roro.
645 4439 698 4489 τας
723 4412 918 4504 conspersae)
942 4411 1131 4502 flagellabam
1148 4413 1310 4483 (trudentes
1327 4413 1357 4481 in
