<?xml version="1.0" encoding="UTF-8"?>
<!DOCTYPE html PUBLIC "-//W3C//DTD XHTML 1.0 Transitional//EN"
    "http://www.w3.org/TR/xhtml1/DTD/xhtml1-transitional.dtd">
<html xmlns="http://www.w3.org/1999/xhtml" xml:lang="en" lang="en">
 <head>
  <title>
</title>
<meta http-equiv="Content-Type" content="text/html;charset=utf-8" />
  <meta name='ocr-system' content='tesseract 3.04.00' />
  <meta name='ocr-capabilities' content='ocr_page ocr_carea ocr_par ocr_line ocrx_word'/>
</head>
<body>
  <div class='ocr_page' id='page_1' title='image "./commentariusina00beelgoog/commentariusina00beelgoog_0119.png"; bbox 0 0 3074 5054; ppageno 0'>
   <div class='ocr_carea' id='block_1_1' title="bbox 181 320 1027 454">
    <p class='ocr_par' dir='ltr' id='par_1_1' title="bbox 181 320 1027 454">
     <span class='ocr_line' id='line_1_1' title="bbox 181 320 1027 454; baseline 0.002 -16"><span class='ocrx_word' id='word_1_1' title='bbox 181 374 244 442; x_wconf 87' lang='lat' dir='ltr'><strong>loo</strong></span> <span class='ocrx_word' id='word_1_2' title='bbox 526 370 661 438; x_wconf 77' lang='lat' dir='ltr'><strong>AC&#39;PUS</strong></span> <span class='ocrx_word' id='word_1_3' title='bbox 692 320 1006 452; x_wconf 83' lang='lat' dir='ltr'>APOSTOLORUM</span> <span class='ocrx_word' id='word_1_4' title='bbox 1018 424 1027 454; x_wconf 88' lang='lat'><strong><em>,</em></strong></span> 
     </span>
    </p>
   </div>
   <div class='ocr_carea' id='block_1_2' title="bbox 177 559 1358 900">
    <p class='ocr_par' dir='ltr' id='par_1_2' title="bbox 177 559 1358 900">
     <span class='ocr_line' id='line_1_2' title="bbox 177 559 1356 653; baseline 0 -29"><span class='ocrx_word' id='word_1_5' title='bbox 177 582 315 651; x_wconf 77' lang='grc' dir='ltr'><strong>τηρησιν.</strong></span> <span class='ocrx_word' id='word_1_6' title='bbox 333 560 404 627; x_wconf 84' lang='lat' dir='ltr'><strong>Vox</strong></span> <span class='ocrx_word' id='word_1_7' title='bbox 425 582 528 650; x_wconf 77' lang='lat' dir='ltr'><strong>ceptor</strong></span> <span class='ocrx_word' id='word_1_8' title='bbox 551 559 743 630; x_wconf 74' lang='lat' dir='ltr'><strong>Aduerbium</strong></span> <span class='ocrx_word' id='word_1_9' title='bbox 765 574 830 643; x_wconf 86' lang='lat' dir='ltr'><strong>est,</strong></span> <span class='ocrx_word' id='word_1_10' title='bbox 849 563 904 630; x_wconf 82' lang='lat' dir='ltr'><strong>sed</strong></span> <span class='ocrx_word' id='word_1_11' title='bbox 927 563 1041 631; x_wconf 83' lang='lat' dir='ltr'><strong>dicitur·</strong></span> <span class='ocrx_word' id='word_1_12' title='bbox 1064 562 1233 652; x_wconf 77' lang='lat' dir='ltr'><strong>ellipliccr‘t</strong></span> <span class='ocrx_word' id='word_1_13' title='bbox 1250 585 1356 653; x_wconf 83' lang='grc' dir='ltr'>αυριον</span> 
     </span>
     <span class='ocr_line' id='line_1_3' title="bbox 179 684 1358 775; baseline 0 -23"><span class='ocrx_word' id='word_1_14' title='bbox 179 685 269 774; x_wconf 79' lang='lat' dir='ltr'><strong>pron‘</strong></span> <span class='ocrx_word' id='word_1_15' title='bbox 286 707 388 775; x_wconf 84' lang='grc' dir='ltr'><strong>αυριον</strong></span> <span class='ocrx_word' id='word_1_16' title='bbox 403 684 513 774; x_wconf 81' lang='grc' dir='ltr'><strong>ἡμερα.</strong></span> <span class='ocrx_word' id='word_1_17' title='bbox 535 686 621 751; x_wconf 84' lang='lat' dir='ltr'><strong>Erat</strong></span> <span class='ocrx_word' id='word_1_18' title='bbox 641 707 782 769; x_wconf 85' lang='lat' dir='ltr'><strong>vespero.</strong></span> <span class='ocrx_word' id='word_1_19' title='bbox 801 687 879 754; x_wconf 91' lang='lat' dir='ltr'><strong>Nam</strong></span> <span class='ocrx_word' id='word_1_20' title='bbox 902 686 980 754; x_wconf 84' lang='lat' dir='ltr'><strong>hora</strong></span> <span class='ocrx_word' id='word_1_21' title='bbox 1000 707 1099 767; x_wconf 91' lang='lat' dir='ltr'><strong>noua,</strong></span> <span class='ocrx_word' id='word_1_22' title='bbox 1114 697 1149 753; x_wconf 90' lang='lat' dir='ltr'><strong>ut</strong></span> <span class='ocrx_word' id='word_1_23' title='bbox 1170 687 1287 754; x_wconf 91' lang='lat' dir='ltr'><strong>dictum</strong></span> <span class='ocrx_word' id='word_1_24' title='bbox 1311 696 1358 753; x_wconf 88' lang='lat' dir='ltr'><strong>est</strong></span> 
     </span>
     <span class='ocr_line' id='line_1_4' title="bbox 177 807 1355 900; baseline 0.001 -26"><span class='ocrx_word' id='word_1_25' title='bbox 177 827 273 897; x_wconf 89' lang='lat' dir='ltr'><strong>supra</strong></span> <span class='ocrx_word' id='word_1_26' title='bbox 289 808 378 897; x_wconf 84' lang='lat' dir='ltr'><strong>(Cap.</strong></span> <span class='ocrx_word' id='word_1_27' title='bbox 399 808 444 874; x_wconf 95' lang='lat' dir='ltr'><strong>lll</strong></span> <span class='ocrx_word' id='word_1_28' title='bbox 464 836 471 873; x_wconf 91' lang='lat'><strong>:</strong></span> <span class='ocrx_word' id='word_1_29' title='bbox 494 807 542 890; x_wconf 89' lang='lat' dir='ltr'><strong>l),</strong></span> <span class='ocrx_word' id='word_1_30' title='bbox 557 810 669 875; x_wconf 91' lang='lat' dir='ltr'><strong>Petrus</strong></span> <span class='ocrx_word' id='word_1_31' title='bbox 685 820 715 875; x_wconf 88' lang='lat' dir='ltr'><strong>et</strong></span> <span class='ocrx_word' id='word_1_32' title='bbox 738 812 868 877; x_wconf 90' lang='lat' dir='ltr'><strong>loannes</strong></span> <span class='ocrx_word' id='word_1_33' title='bbox 893 812 924 877; x_wconf 92' lang='lat' dir='ltr'><strong>in</strong></span> <span class='ocrx_word' id='word_1_34' title='bbox 950 811 1098 900; x_wconf 88' lang='lat' dir='ltr'><strong>templum</strong></span> <span class='ocrx_word' id='word_1_35' title='bbox 1115 810 1355 889; x_wconf 81' lang='lat' dir='ltr'><strong>adscenderunt3</strong></span> 
     </span>
    </p>
   </div>
   <div class='ocr_carea' id='block_1_3' title="bbox 64 930 1359 1023">
    <p class='ocr_par' dir='ltr' id='par_1_3' title="bbox 64 930 1359 1023">
     <span class='ocr_line' id='line_1_5' title="bbox 64 930 1359 1023; baseline 0 -25"><span class='ocrx_word' id='word_1_36' title='bbox 64 1002 67 1011; x_wconf 68' lang='grc'><strong>,</strong></span> <span class='ocrx_word' id='word_1_37' title='bbox 177 942 207 999; x_wconf 92' lang='lat' dir='ltr'><strong>et</strong></span> <span class='ocrx_word' id='word_1_38' title='bbox 222 931 296 999; x_wconf 93' lang='lat' dir='ltr'><strong>dum</strong></span> <span class='ocrx_word' id='word_1_39' title='bbox 313 931 440 1012; x_wconf 87' lang='lat' dir='ltr'><strong>fiebant,</strong></span> <span class='ocrx_word' id='word_1_40' title='bbox 459 951 538 1018; x_wconf 89' lang='lat' dir='ltr'><strong>quae</strong></span> <span class='ocrx_word' id='word_1_41' title='bbox 553 930 655 999; x_wconf 91' lang='lat' dir='ltr'><strong>adbuc</strong></span> <span class='ocrx_word' id='word_1_42' title='bbox 672 944 792 1001; x_wconf 85' lang='lat' dir='ltr'><strong>narrata</strong></span> <span class='ocrx_word' id='word_1_43' title='bbox 804 945 888 1015; x_wconf 90' lang='lat' dir='ltr'><strong>sunt,</strong></span> <span class='ocrx_word' id='word_1_44' title='bbox 906 955 967 1001; x_wconf 93' lang='lat' dir='ltr'><strong>non</strong></span> <span class='ocrx_word' id='word_1_45' title='bbox 985 954 1095 1022; x_wconf 89' lang='lat' dir='ltr'><strong>parum</strong></span> <span class='ocrx_word' id='word_1_46' title='bbox 1108 934 1256 1023; x_wconf 88' lang='lat' dir='ltr'><strong>temporis</strong></span> <span class='ocrx_word' id='word_1_47' title='bbox 1269 953 1359 1021; x_wconf 89' lang='lat' dir='ltr'><strong>prae·</strong></span> 
     </span>
    </p>
   </div>
   <div class='ocr_carea' id='block_1_4' title="bbox 176 1054 1358 1270">
    <p class='ocr_par' dir='ltr' id='par_1_4' title="bbox 176 1054 1358 1270">
     <span class='ocr_line' id='line_1_6' title="bbox 176 1054 1358 1148; baseline 0.002 -26"><span class='ocrx_word' id='word_1_48' title='bbox 176 1055 312 1136; x_wconf 91' lang='lat' dir='ltr'><strong>terierit;</strong></span> <span class='ocrx_word' id='word_1_49' title='bbox 339 1065 373 1121; x_wconf 87' lang='lat' dir='ltr'><strong>ut</strong></span> <span class='ocrx_word' id='word_1_50' title='bbox 397 1074 530 1144; x_wconf 92' lang='lat' dir='ltr'><strong>pronum</strong></span> <span class='ocrx_word' id='word_1_51' title='bbox 554 1055 595 1122; x_wconf 90' lang='lat' dir='ltr'><strong>sit</strong></span> <span class='ocrx_word' id='word_1_52' title='bbox 621 1056 779 1135; x_wconf 87' lang='lat' dir='ltr'><strong>iudicare,</strong></span> <span class='ocrx_word' id='word_1_53' title='bbox 808 1070 930 1125; x_wconf 89' lang='lat' dir='ltr'><strong>noctem</strong></span> <span class='ocrx_word' id='word_1_54' title='bbox 954 1057 1036 1148; x_wconf 81' lang='lat' dir='ltr'><strong>(vide</strong></span> <span class='ocrx_word' id='word_1_55' title='bbox 1060 1078 1172 1146; x_wconf 88' lang='lat' dir='ltr'><strong>supra,</strong></span> <span class='ocrx_word' id='word_1_56' title='bbox 1198 1077 1270 1146; x_wconf 80' lang='lat' dir='ltr'><strong>pag.</strong></span> <span class='ocrx_word' id='word_1_57' title='bbox 1297 1054 1358 1144; x_wconf 72' lang='lat'><strong>82)</strong></span> 
     </span>
     <span class='ocr_line' id='line_1_7' title="bbox 177 1177 1277 1270; baseline 0.002 -25"><span class='ocrx_word' id='word_1_58' title='bbox 177 1178 320 1266; x_wconf 81' lang='lat' dir='ltr'>proxime</span> <span class='ocrx_word' id='word_1_59' title='bbox 335 1178 396 1245; x_wconf 93' lang='lat' dir='ltr'><strong>iam</strong></span> <span class='ocrx_word' id='word_1_60' title='bbox 413 1177 577 1259; x_wconf 77' lang='lat' dir='ltr'><strong>institisse,</strong></span> <span class='ocrx_word' id='word_1_61' title='bbox 596 1181 718 1267; x_wconf 92' lang='lat' dir='ltr'><strong>quando</strong></span> <span class='ocrx_word' id='word_1_62' title='bbox 736 1202 845 1250; x_wconf 92' lang='lat' dir='ltr'><strong>manus</strong></span> <span class='ocrx_word' id='word_1_63' title='bbox 861 1182 1035 1249; x_wconf 89' lang='lat' dir='ltr'><strong>iniecerunt</strong></span> <span class='ocrx_word' id='word_1_64' title='bbox 1051 1182 1081 1247; x_wconf 92' lang='lat' dir='ltr'><strong>in</strong></span> <span class='ocrx_word' id='word_1_65' title='bbox 1099 1181 1277 1270; x_wconf 82' lang='lat' dir='ltr'><strong>Apostolos.</strong></span> 
     </span>
    </p>
   </div>
   <div class='ocr_carea' id='block_1_5' title="bbox 172 1414 1358 3242">
    <p class='ocr_par' dir='ltr' id='par_1_5' title="bbox 175 1414 1358 2253">
     <span class='ocr_line' id='line_1_8' title="bbox 221 1414 1356 1505; baseline -0.004 -17"><span class='ocrx_word' id='word_1_66' title='bbox 221 1423 255 1488; x_wconf 83' lang='grc'><strong>6.</strong></span> <span class='ocrx_word' id='word_1_67' title='bbox 281 1421 383 1487; x_wconf 83' lang='lat' dir='ltr'><strong>Multi</strong></span> <span class='ocrx_word' id='word_1_68' title='bbox 409 1433 531 1505; x_wconf 79' lang='lat' dir='ltr'><strong>autent,</strong></span> <span class='ocrx_word' id='word_1_69' title='bbox 551 1421 639 1504; x_wconf 81' lang='lat' dir='ltr'><strong>etc).</strong></span> <span class='ocrx_word' id='word_1_70' title='bbox 665 1417 779 1484; x_wconf 85' lang='grc' dir='ltr'>Πολλοι</span> <span class='ocrx_word' id='word_1_71' title='bbox 804 1415 848 1483; x_wconf 77' lang='lat' dir='ltr'><strong>de.</strong></span> <span class='ocrx_word' id='word_1_72' title='bbox 874 1418 1029 1485; x_wconf 90' lang='lat' dir='ltr'><strong>Particula</strong></span> <span class='ocrx_word' id='word_1_73' title='bbox 1053 1414 1085 1483; x_wconf 83' lang='lat' dir='ltr'><strong>de</strong></span> <span class='ocrx_word' id='word_1_74' title='bbox 1109 1416 1170 1485; x_wconf 89' lang='lat' dir='ltr'><strong>boc</strong></span> <span class='ocrx_word' id='word_1_75' title='bbox 1196 1417 1265 1483; x_wconf 88' lang='lat' dir='ltr'><strong>loco</strong></span> <span class='ocrx_word' id='word_1_76' title='bbox 1293 1417 1356 1483; x_wconf 94' lang='lat' dir='ltr'><strong>vim</strong></span> 
     </span>
     <span class='ocr_line' id='line_1_9' title="bbox 177 1539 1356 1632; baseline -0.003 -21"><span class='ocrx_word' id='word_1_77' title='bbox 177 1542 269 1611; x_wconf 87' lang='lat' dir='ltr'><strong>habet</strong></span> <span class='ocrx_word' id='word_1_78' title='bbox 284 1544 487 1621; x_wconf 77' lang='grc' dir='ltr'>αντιθετικην,</span> <span class='ocrx_word' id='word_1_79' title='bbox 504 1544 647 1632; x_wconf 82' lang='lat' dir='ltr'><strong>valetque</strong></span> <span class='ocrx_word' id='word_1_80' title='bbox 669 1543 860 1610; x_wconf 88' lang='lat' dir='ltr'><strong>Nostratium</strong></span> <span class='ocrx_word' id='word_1_81' title='bbox 880 1545 969 1610; x_wconf 85' lang='lat' dir='ltr'><strong>duob.</strong></span> <span class='ocrx_word' id='word_1_82' title='bbox 989 1545 1023 1610; x_wconf 91' lang='lat' dir='ltr'><strong>ln</strong></span> <span class='ocrx_word' id='word_1_83' title='bbox 1050 1560 1207 1608; x_wconf 83' lang='lat' dir='ltr'><strong>carcerem</strong></span> <span class='ocrx_word' id='word_1_84' title='bbox 1229 1539 1356 1629; x_wconf 88' lang='lat' dir='ltr'><strong>quidem</strong></span> 
     </span>
     <span class='ocr_line' id='line_1_10' title="bbox 176 1662 1357 1750; baseline -0.006 -17"><span class='ocrx_word' id='word_1_85' title='bbox 176 1664 368 1733; x_wconf 80' lang='lat' dir='ltr'><strong>ducebantur</strong></span> <span class='ocrx_word' id='word_1_86' title='bbox 383 1667 495 1733; x_wconf 89' lang='lat' dir='ltr'><strong>Petrus</strong></span> <span class='ocrx_word' id='word_1_87' title='bbox 511 1677 541 1733; x_wconf 88' lang='lat' dir='ltr'><strong>et</strong></span> <span class='ocrx_word' id='word_1_88' title='bbox 558 1669 706 1744; x_wconf 89' lang='lat' dir='ltr'><strong>loannes,</strong></span> <span class='ocrx_word' id='word_1_89' title='bbox 726 1678 759 1732; x_wconf 90' lang='lat' dir='ltr'><strong>ot</strong></span> <span class='ocrx_word' id='word_1_90' title='bbox 774 1688 846 1732; x_wconf 85' lang='lat' dir='ltr'><strong>vero</strong></span> <span class='ocrx_word' id='word_1_91' title='bbox 864 1662 919 1748; x_wconf 76' lang='lat' dir='ltr'><strong>(de)</strong></span> <span class='ocrx_word' id='word_1_92' title='bbox 937 1669 1032 1731; x_wconf 85' lang='lat' dir='ltr'><strong>multi</strong></span> <span class='ocrx_word' id='word_1_93' title='bbox 1048 1683 1156 1731; x_wconf 90' lang='lat' dir='ltr'><strong>corum</strong></span> <span class='ocrx_word' id='word_1_94' title='bbox 1173 1666 1229 1750; x_wconf 81' lang='lat' dir='ltr'><strong>qul</strong></span> <span class='ocrx_word' id='word_1_95' title='bbox 1245 1665 1357 1728; x_wconf 84' lang='lat' dir='ltr'><strong>audie-</strong></span> 
     </span>
     <span class='ocr_line' id='line_1_11' title="bbox 176 1783 1357 1878; baseline -0.007 -22"><span class='ocrx_word' id='word_1_96' title='bbox 176 1804 252 1858; x_wconf 83' lang='lat' dir='ltr'><strong>rattl</strong></span> <span class='ocrx_word' id='word_1_97' title='bbox 275 1792 319 1878; x_wconf 85' lang='lat' dir='ltr'><strong>(in</strong></span> <span class='ocrx_word' id='word_1_98' title='bbox 340 1793 417 1858; x_wconf 84' lang='lat' dir='ltr'><strong>Aor.</strong></span> <span class='ocrx_word' id='word_1_99' title='bbox 440 1814 499 1855; x_wconf 85' lang='grc' dir='ltr'><strong>των</strong></span> <span class='ocrx_word' id='word_1_100' title='bbox 522 1788 731 1871; x_wconf 72' lang='lat' dir='ltr'><strong>convocarent)</strong></span> <span class='ocrx_word' id='word_1_101' title='bbox 749 1793 839 1858; x_wconf 84' lang='lat' dir='ltr'><strong>t&#39;llattt</strong></span> <span class='ocrx_word' id='word_1_102' title='bbox 861 1791 944 1856; x_wconf 84' lang='lat' dir='ltr'><strong>Petri</strong></span> <span class='ocrx_word' id='word_1_103' title='bbox 969 1792 1147 1856; x_wconf 80' lang='lat' dir='ltr'><strong>orationem</strong></span> <span class='ocrx_word' id='word_1_104' title='bbox 1168 1787 1230 1867; x_wconf 74' lang='lat' dir='ltr'><strong>(ror</strong></span> <span class='ocrx_word' id='word_1_105' title='bbox 1252 1783 1357 1875; x_wconf 77' lang='lat' dir='ltr'><strong>loyor)</strong></span> 
     </span>
     <span class='ocr_line' id='line_1_12' title="bbox 175 1914 1353 2004; baseline -0.008 -21"><span class='ocrx_word' id='word_1_106' title='bbox 175 1914 378 1984; x_wconf 90' lang='lat' dir='ltr'><strong>nihilominus</strong></span> <span class='ocrx_word' id='word_1_107' title='bbox 390 1915 608 1997; x_wconf 88' lang='lat' dir='ltr'><strong>crediderunt,</strong></span> <span class='ocrx_word' id='word_1_108' title='bbox 623 1914 656 1982; x_wconf 93' lang='lat' dir='ltr'><strong>h.</strong></span> <span class='ocrx_word' id='word_1_109' title='bbox 671 1936 700 1982; x_wconf 90' lang='lat' dir='ltr'><strong>c.</strong></span> <span class='ocrx_word' id='word_1_110' title='bbox 716 1916 894 2004; x_wconf 81' lang='lat' dir='ltr'><strong>religionem</strong></span> <span class='ocrx_word' id='word_1_111' title='bbox 912 1914 1120 1982; x_wconf 85' lang='lat' dir='ltr'><strong>Christianam</strong></span> <span class='ocrx_word' id='word_1_112' title='bbox 1136 1921 1353 1999; x_wconf 87' lang='lat' dir='ltr'><strong>susceperunt.</strong></span> 
     </span>
     <span class='ocr_line' id='line_1_13' title="bbox 175 2037 1358 2132; baseline -0.004 -24"><span class='ocrx_word' id='word_1_113' title='bbox 175 2043 242 2109; x_wconf 86' lang='lat' dir='ltr'><strong>llos</strong></span> <span class='ocrx_word' id='word_1_114' title='bbox 254 2042 402 2132; x_wconf 79' lang='lat' dir='ltr'><strong>deinceps</strong></span> <span class='ocrx_word' id='word_1_115' title='bbox 418 2041 456 2110; x_wconf 92' lang='lat' dir='ltr'><strong>ab</strong></span> <span class='ocrx_word' id='word_1_116' title='bbox 472 2041 631 2131; x_wconf 83' lang='lat' dir='ltr'><strong>Apostolis</strong></span> <span class='ocrx_word' id='word_1_117' title='bbox 647 2042 678 2108; x_wconf 92' lang='lat' dir='ltr'><strong>iu</strong></span> <span class='ocrx_word' id='word_1_118' title='bbox 695 2041 834 2108; x_wconf 90' lang='lat' dir='ltr'><strong>doctrina</strong></span> <span class='ocrx_word' id='word_1_119' title='bbox 851 2040 1026 2108; x_wconf 84' lang='lat' dir='ltr'><strong>Christiana</strong></span> <span class='ocrx_word' id='word_1_120' title='bbox 1040 2038 1137 2107; x_wconf 89' lang='lat' dir='ltr'><strong>luisse</strong></span> <span class='ocrx_word' id='word_1_121' title='bbox 1153 2037 1310 2104; x_wconf 93' lang='lat' dir='ltr'><strong>institutos</strong></span> <span class='ocrx_word' id='word_1_122' title='bbox 1327 2047 1358 2104; x_wconf 92' lang='lat' dir='ltr'><strong>et</strong></span> 
     </span>
     <span class='ocr_line' id='line_1_14' title="bbox 175 2162 1044 2253; baseline -0.001 -23"><span class='ocrx_word' id='word_1_123' title='bbox 175 2164 334 2253; x_wconf 89' lang='lat' dir='ltr'><strong>Baptismo</strong></span> <span class='ocrx_word' id='word_1_124' title='bbox 351 2162 467 2231; x_wconf 87' lang='lat' dir='ltr'><strong>Christi</strong></span> <span class='ocrx_word' id='word_1_125' title='bbox 484 2164 711 2245; x_wconf 67' lang='lat' dir='ltr'><strong>sanctificam,</strong></span> <span class='ocrx_word' id='word_1_126' title='bbox 729 2185 786 2252; x_wconf 91' lang='lat' dir='ltr'><strong>per</strong></span> <span class='ocrx_word' id='word_1_127' title='bbox 801 2185 836 2232; x_wconf 89' lang='lat' dir='ltr'><strong>se</strong></span> <span class='ocrx_word' id='word_1_128' title='bbox 853 2164 1044 2252; x_wconf 78' lang='lat' dir='ltr'><strong>intelligitur.</strong></span> 
     </span>
    </p>

    <p class='ocr_par' dir='ltr' id='par_1_6' title="bbox 172 2287 1358 3242">
     <span class='ocr_line' id='line_1_15' title="bbox 220 2287 1357 2378; baseline -0.002 -26"><span class='ocrx_word' id='word_1_129' title='bbox 220 2301 251 2355; x_wconf 83' lang='lat' dir='ltr'><strong>ot</strong></span> <span class='ocrx_word' id='word_1_130' title='bbox 264 2292 365 2374; x_wconf 73' lang='lat' dir='ltr'><strong>sactus</strong></span> <span class='ocrx_word' id='word_1_131' title='bbox 387 2300 432 2354; x_wconf 84' lang='lat' dir='ltr'><strong>est</strong></span> <span class='ocrx_word' id='word_1_132' title='bbox 449 2310 601 2355; x_wconf 81' lang='lat' dir='ltr'><strong>numerus</strong></span> <span class='ocrx_word' id='word_1_133' title='bbox 621 2291 768 2356; x_wconf 79' lang='lat' dir='ltr'><strong>virorum</strong></span> <span class='ocrx_word' id='word_1_134' title='bbox 792 2292 931 2374; x_wconf 82' lang='lat' dir='ltr'><strong>quinque</strong></span> <span class='ocrx_word' id='word_1_135' title='bbox 953 2291 1082 2378; x_wconf 84' lang='lat' dir='ltr'><strong>millio).</strong></span> <span class='ocrx_word' id='word_1_136' title='bbox 1100 2287 1225 2361; x_wconf 89' lang='lat' dir='ltr'><strong>Dicitur</strong></span> <span class='ocrx_word' id='word_1_137' title='bbox 1242 2291 1257 2350; x_wconf 86' lang='grc' dir='ltr'><em>ὁ</em></span> <span class='ocrx_word' id='word_1_138' title='bbox 1273 2288 1357 2377; x_wconf 78' lang='grc' dir='ltr'>αριθ-</span> 
     </span>
     <span class='ocr_line' id='line_1_16' title="bbox 175 2397 1358 2501; baseline 0.002 -27"><span class='ocrx_word' id='word_1_139' title='bbox 175 2397 231 2496; x_wconf 76' lang='grc' dir='ltr'><strong>μος</strong></span> <span class='ocrx_word' id='word_1_140' title='bbox 256 2407 374 2500; x_wconf 77' lang='grc' dir='ltr'><em>ανδρων</em></span> <span class='ocrx_word' id='word_1_141' title='bbox 402 2413 593 2501; x_wconf 83' lang='lat' dir='ltr'><strong>(virorum);</strong></span> <span class='ocrx_word' id='word_1_142' title='bbox 622 2431 695 2498; x_wconf 84' lang='lat' dir='ltr'><strong>ergo</strong></span> <span class='ocrx_word' id='word_1_143' title='bbox 727 2432 788 2478; x_wconf 93' lang='lat' dir='ltr'><strong>non</strong></span> <span class='ocrx_word' id='word_1_144' title='bbox 816 2420 1034 2500; x_wconf 89' lang='lat' dir='ltr'><strong>computantur</strong></span> <span class='ocrx_word' id='word_1_145' title='bbox 1066 2410 1117 2476; x_wconf 90' lang='lat' dir='ltr'><strong>bic</strong></span> <span class='ocrx_word' id='word_1_146' title='bbox 1148 2413 1297 2476; x_wconf 80' lang='lat' dir='ltr'><strong>mulieres</strong></span> <span class='ocrx_word' id='word_1_147' title='bbox 1327 2422 1358 2476; x_wconf 86' lang='lat' dir='ltr'><strong>et</strong></span> 
     </span>
     <span class='ocr_line' id='line_1_17' title="bbox 172 2538 1354 2628; baseline -0.002 -24"><span class='ocrx_word' id='word_1_148' title='bbox 172 2541 282 2620; x_wconf 82' lang='lat' dir='ltr'><strong>pueri.</strong></span> <span class='ocrx_word' id='word_1_149' title='bbox 305 2539 410 2624; x_wconf 88' lang='lat' dir='ltr'><strong>Quum</strong></span> <span class='ocrx_word' id='word_1_150' title='bbox 433 2559 506 2606; x_wconf 90' lang='lat' dir='ltr'><strong>vero</strong></span> <span class='ocrx_word' id='word_1_151' title='bbox 528 2559 589 2605; x_wconf 96' lang='lat' dir='ltr'><strong>non</strong></span> <span class='ocrx_word' id='word_1_152' title='bbox 618 2538 772 2606; x_wconf 89' lang='lat' dir='ltr'><strong>scribatur</strong></span> <span class='ocrx_word' id='word_1_153' title='bbox 796 2540 1036 2628; x_wconf 73' lang='grc' dir='ltr'><strong>προσετεθησαν,</strong></span> <span class='ocrx_word' id='word_1_154' title='bbox 1061 2541 1283 2604; x_wconf 76' lang='lat' dir='ltr'><strong>adiunxerant</strong></span> <span class='ocrx_word' id='word_1_155' title='bbox 1301 2559 1354 2621; x_wconf 81' lang='lat' dir='ltr'><strong>se,</strong></span> 
     </span>
     <span class='ocr_line' id='line_1_18' title="bbox 175 2662 1357 2752; baseline -0.001 -23"><span class='ocrx_word' id='word_1_156' title='bbox 175 2672 209 2729; x_wconf 88' lang='lat' dir='ltr'><strong>ut</strong></span> <span class='ocrx_word' id='word_1_157' title='bbox 231 2681 326 2751; x_wconf 90' lang='lat' dir='ltr'><strong>supra</strong></span> <span class='ocrx_word' id='word_1_158' title='bbox 347 2664 423 2751; x_wconf 87' lang='lat' dir='ltr'><strong>Cap.</strong></span> <span class='ocrx_word' id='word_1_159' title='bbox 450 2665 480 2730; x_wconf 96' lang='lat' dir='ltr'><strong>ll</strong></span> <span class='ocrx_word' id='word_1_160' title='bbox 508 2684 516 2726; x_wconf 73' lang='grc' dir='ltr'><strong>ε</strong></span> <span class='ocrx_word' id='word_1_161' title='bbox 544 2665 604 2743; x_wconf 76' lang='lat' dir='ltr'><strong>ll,</strong></span> <span class='ocrx_word' id='word_1_162' title='bbox 629 2662 683 2730; x_wconf 91' lang='lat' dir='ltr'><strong>sed</strong></span> <span class='ocrx_word' id='word_1_163' title='bbox 706 2663 839 2752; x_wconf 73' lang='grc' dir='ltr'><strong>εγενηθη,</strong></span> <span class='ocrx_word' id='word_1_164' title='bbox 865 2667 967 2748; x_wconf 77' lang='lat' dir='ltr'><strong>sactus</strong></span> <span class='ocrx_word' id='word_1_165' title='bbox 983 2676 1043 2743; x_wconf 79' lang='lat' dir='ltr'><strong>cst,</strong></span> <span class='ocrx_word' id='word_1_166' title='bbox 1062 2663 1227 2729; x_wconf 88' lang='lat' dir='ltr'><strong>verborum</strong></span> <span class='ocrx_word' id='word_1_167' title='bbox 1245 2681 1357 2728; x_wconf 90' lang='lat' dir='ltr'><strong>sensus</strong></span> 
     </span>
     <span class='ocr_line' id='line_1_19' title="bbox 176 2781 1356 2865; baseline 0.002 -17"><span class='ocrx_word' id='word_1_168' title='bbox 176 2781 252 2850; x_wconf 93' lang='lat' dir='ltr'><strong>mibi</strong></span> <span class='ocrx_word' id='word_1_169' title='bbox 270 2783 392 2852; x_wconf 89' lang='lat' dir='ltr'><strong>videtur</strong></span> <span class='ocrx_word' id='word_1_170' title='bbox 408 2805 477 2851; x_wconf 93' lang='lat' dir='ltr'><strong>esse</strong></span> <span class='ocrx_word' id='word_1_171' title='bbox 494 2785 541 2861; x_wconf 88' lang='lat' dir='ltr'><strong>is,</strong></span> <span class='ocrx_word' id='word_1_172' title='bbox 556 2795 590 2852; x_wconf 93' lang='lat' dir='ltr'><strong>ut</strong></span> <span class='ocrx_word' id='word_1_173' title='bbox 605 2785 707 2851; x_wconf 85' lang='lat' dir='ltr'><strong>Lucas</strong></span> <span class='ocrx_word' id='word_1_174' title='bbox 723 2785 821 2865; x_wconf 89' lang='lat' dir='ltr'><strong>dicat,</strong></span> <span class='ocrx_word' id='word_1_175' title='bbox 836 2806 915 2852; x_wconf 94' lang='lat' dir='ltr'><strong>novo</strong></span> <span class='ocrx_word' id='word_1_176' title='bbox 933 2785 993 2853; x_wconf 89' lang='lat' dir='ltr'><strong>boc</strong></span> <span class='ocrx_word' id='word_1_177' title='bbox 1009 2784 1147 2852; x_wconf 89' lang='lat' dir='ltr'><strong>lidelium</strong></span> <span class='ocrx_word' id='word_1_178' title='bbox 1165 2785 1356 2851; x_wconf 89' lang='lat' dir='ltr'><strong>incremento</strong></span> 
     </span>
     <span class='ocr_line' id='line_1_20' title="bbox 174 2905 1357 2996; baseline 0.001 -25"><span class='ocrx_word' id='word_1_179' title='bbox 174 2925 339 2973; x_wconf 90' lang='lat' dir='ltr'><strong>numerum</strong></span> <span class='ocrx_word' id='word_1_180' title='bbox 351 2905 617 2988; x_wconf 86' lang='lat' dir='ltr'><strong>Christianorum,</strong></span> <span class='ocrx_word' id='word_1_181' title='bbox 632 2908 817 2996; x_wconf 86' lang='lat' dir='ltr'><strong>computatis</strong></span> <span class='ocrx_word' id='word_1_182' title='bbox 831 2918 947 2974; x_wconf 85' lang='lat' dir='ltr'><strong>tantum</strong></span> <span class='ocrx_word' id='word_1_183' title='bbox 960 2908 1053 2988; x_wconf 76' lang='lat' dir='ltr'><strong>viriS,</strong></span> <span class='ocrx_word' id='word_1_184' title='bbox 1067 2907 1241 2974; x_wconf 82' lang='lat' dir='ltr'><strong>accrevisse</strong></span> <span class='ocrx_word' id='word_1_185' title='bbox 1256 2925 1357 2994; x_wconf 91' lang='lat' dir='ltr'><strong>usque</strong></span> 
     </span>
     <span class='ocr_line' id='line_1_21' title="bbox 174 3018 1353 3120; baseline -0.002 -24"><span class='ocrx_word' id='word_1_186' title='bbox 174 3028 214 3097; x_wconf 87' lang='lat' dir='ltr'><strong>ad</strong></span> <span class='ocrx_word' id='word_1_187' title='bbox 242 3031 379 3119; x_wconf 89' lang='lat' dir='ltr'><strong>quinque</strong></span> <span class='ocrx_word' id='word_1_188' title='bbox 406 3029 514 3097; x_wconf 92' lang='lat' dir='ltr'><strong>millia.</strong></span> <span class='ocrx_word' id='word_1_189' title='bbox 544 3031 594 3097; x_wconf 91' lang='lat' dir='ltr'><strong>De</strong></span> <span class='ocrx_word' id='word_1_190' title='bbox 621 3030 719 3097; x_wconf 90' lang='lat' dir='ltr'><strong>lorma</strong></span> <span class='ocrx_word' id='word_1_191' title='bbox 747 3032 880 3120; x_wconf 70' lang='lat' dir='ltr'><strong>epea-adm</strong></span> <span class='ocrx_word' id='word_1_192' title='bbox 910 3052 967 3120; x_wconf 92' lang='lat' dir='ltr'><strong>pro</strong></span> <span class='ocrx_word' id='word_1_193' title='bbox 990 3018 1134 3120; x_wconf 74' lang='grc' dir='ltr'><strong>ἐγενομην</strong></span> <span class='ocrx_word' id='word_1_194' title='bbox 1156 3028 1271 3097; x_wconf 84' lang='lat' dir='ltr'><strong>videsis</strong></span> <span class='ocrx_word' id='word_1_195' title='bbox 1294 3031 1353 3097; x_wconf 90' lang='lat' dir='ltr'><strong>Gr.</strong></span> 
     </span>
     <span class='ocr_line' id='line_1_22' title="bbox 177 3155 325 3242; baseline 0.007 -22"><span class='ocrx_word' id='word_1_196' title='bbox 177 3172 248 3242; x_wconf 79' lang='lat' dir='ltr'><strong>pag.</strong></span> <span class='ocrx_word' id='word_1_197' title='bbox 268 3155 325 3221; x_wconf 94' lang='grc'><strong>66.</strong></span> 
     </span>
    </p>
   </div>
   <div class='ocr_carea' id='block_1_6' title="bbox 174 3390 1358 4464">
    <p class='ocr_par' dir='ltr' id='par_1_7' title="bbox 174 3390 1358 4464">
     <span class='ocr_line' id='line_1_23' title="bbox 221 3390 1354 3477; baseline 0.004 -21"><span class='ocrx_word' id='word_1_198' title='bbox 221 3392 322 3458; x_wconf 83' lang='grc'><strong>5-6.</strong></span> <span class='ocrx_word' id='word_1_199' title='bbox 347 3391 483 3457; x_wconf 82' lang='lat' dir='ltr'><strong>Factum</strong></span> <span class='ocrx_word' id='word_1_200' title='bbox 507 3401 554 3457; x_wconf 80' lang='lat' dir='ltr'><strong>ccl</strong></span> <span class='ocrx_word' id='word_1_201' title='bbox 577 3402 763 3457; x_wconf 82' lang='lat' dir='ltr'><strong>cotom—at</strong></span> <span class='ocrx_word' id='word_1_202' title='bbox 785 3403 1065 3477; x_wconf 79' lang='lat' dir='ltr'><strong>oonpreporcratur,</strong></span> <span class='ocrx_word' id='word_1_203' title='bbox 1090 3390 1176 3471; x_wconf 81' lang='lat' dir='ltr'><strong>eto).</strong></span> <span class='ocrx_word' id='word_1_204' title='bbox 1205 3394 1354 3462; x_wconf 83' lang='lat' dir='ltr'><strong>Graece:</strong></span> 
     </span>
     <span class='ocr_line' id='line_1_24' title="bbox 174 3508 1358 3606; baseline 0.005 -31"><span class='ocrx_word' id='word_1_205' title='bbox 174 3534 286 3601; x_wconf 62' lang='grc' dir='ltr'><strong>εγενετο</strong></span> <span class='ocrx_word' id='word_1_206' title='bbox 304 3508 570 3597; x_wconf 79' lang='grc' dir='ltr'>δε-συναχθηναι</span> <span class='ocrx_word' id='word_1_207' title='bbox 586 3536 686 3576; x_wconf 82' lang='grc' dir='ltr'><strong>αυτων</strong></span> <span class='ocrx_word' id='word_1_208' title='bbox 702 3538 771 3588; x_wconf 83' lang='grc' dir='ltr'><strong>τους</strong></span> <span class='ocrx_word' id='word_1_209' title='bbox 794 3536 956 3606; x_wconf 79' lang='grc' dir='ltr'><strong>αρχοντας.</strong></span> <span class='ocrx_word' id='word_1_210' title='bbox 975 3513 1132 3580; x_wconf 83' lang='lat' dir='ltr'><strong>Particula</strong></span> <span class='ocrx_word' id='word_1_211' title='bbox 1155 3509 1188 3578; x_wconf 84' lang='lat' dir='ltr'><strong>dc</strong></span> <span class='ocrx_word' id='word_1_212' title='bbox 1205 3516 1358 3582; x_wconf 80' lang='lat' dir='ltr'><strong>narratio·</strong></span> 
     </span>
     <span class='ocr_line' id='line_1_25' title="bbox 176 3635 1357 3728; baseline 0.005 -28"><span class='ocrx_word' id='word_1_213' title='bbox 176 3655 247 3702; x_wconf 90' lang='lat' dir='ltr'><strong>nem</strong></span> <span class='ocrx_word' id='word_1_214' title='bbox 263 3638 438 3702; x_wconf 80' lang='lat' dir='ltr'><strong>continuat.</strong></span> <span class='ocrx_word' id='word_1_215' title='bbox 453 3635 594 3703; x_wconf 85' lang='lat' dir='ltr'><strong>Notanda</strong></span> <span class='ocrx_word' id='word_1_216' title='bbox 610 3646 656 3703; x_wconf 91' lang='lat' dir='ltr'><strong>est</strong></span> <span class='ocrx_word' id='word_1_217' title='bbox 672 3649 774 3705; x_wconf 88' lang='lat' dir='ltr'><strong>autem</strong></span> <span class='ocrx_word' id='word_1_218' title='bbox 787 3639 932 3725; x_wconf 89' lang='lat' dir='ltr'><strong>Syntaxis</strong></span> <span class='ocrx_word' id='word_1_219' title='bbox 948 3637 1048 3707; x_wconf 89' lang='lat' dir='ltr'><strong>Verbi</strong></span> <span class='ocrx_word' id='word_1_220' title='bbox 1061 3660 1189 3728; x_wconf 76' lang='grc' dir='ltr'><em>εγενετο,</em></span> <span class='ocrx_word' id='word_1_221' title='bbox 1208 3651 1357 3727; x_wconf 90' lang='lat' dir='ltr'><strong>sequente</strong></span> 
     </span>
     <span class='ocr_line' id='line_1_26' title="bbox 177 3759 1357 3852; baseline 0.003 -27"><span class='ocrx_word' id='word_1_222' title='bbox 177 3759 333 3826; x_wconf 89' lang='lat' dir='ltr'><strong>lulinitivo</strong></span> <span class='ocrx_word' id='word_1_223' title='bbox 349 3780 422 3827; x_wconf 91' lang='lat' dir='ltr'><strong>cum</strong></span> <span class='ocrx_word' id='word_1_224' title='bbox 446 3760 649 3843; x_wconf 78' lang='lat' dir='ltr'><strong>Accusativo,</strong></span> <span class='ocrx_word' id='word_1_225' title='bbox 669 3782 747 3852; x_wconf 88' lang='lat' dir='ltr'><strong>quae</strong></span> <span class='ocrx_word' id='word_1_226' title='bbox 763 3762 846 3852; x_wconf 88' lang='lat' dir='ltr'><strong>apud</strong></span> <span class='ocrx_word' id='word_1_227' title='bbox 863 3763 980 3830; x_wconf 90' lang='lat' dir='ltr'><strong>Lucam</strong></span> <span class='ocrx_word' id='word_1_228' title='bbox 996 3783 1057 3829; x_wconf 96' lang='lat' dir='ltr'><strong>non</strong></span> <span class='ocrx_word' id='word_1_229' title='bbox 1075 3760 1286 3850; x_wconf 82' lang='lat' dir='ltr'><strong>infrequenter</strong></span> <span class='ocrx_word' id='word_1_230' title='bbox 1303 3782 1357 3830; x_wconf 85' lang='lat' dir='ltr'><strong>oo·</strong></span> 
     </span>
     <span class='ocr_line' id='line_1_27' title="bbox 176 3880 1356 3974; baseline -0.002 -26"><span class='ocrx_word' id='word_1_231' title='bbox 176 3881 292 3963; x_wconf 84' lang='lat' dir='ltr'><strong>currit3</strong></span> <span class='ocrx_word' id='word_1_232' title='bbox 311 3902 342 3949; x_wconf 79' lang='lat' dir='ltr'><strong>v,</strong></span> <span class='ocrx_word' id='word_1_233' title='bbox 367 3902 398 3969; x_wconf 83' lang='lat' dir='ltr'><strong>g.</strong></span> <span class='ocrx_word' id='word_1_234' title='bbox 422 3880 502 3949; x_wconf 90' lang='lat' dir='ltr'><strong>inlra</strong></span> <span class='ocrx_word' id='word_1_235' title='bbox 519 3884 594 3972; x_wconf 87' lang='lat' dir='ltr'><strong>Cap.</strong></span> <span class='ocrx_word' id='word_1_236' title='bbox 621 3885 668 3951; x_wconf 90' lang='lat' dir='ltr'><strong>lX</strong></span> <span class='ocrx_word' id='word_1_237' title='bbox 689 3910 697 3951; x_wconf 91' lang='lat'><strong>:</strong></span> <span class='ocrx_word' id='word_1_238' title='bbox 720 3887 757 3964; x_wconf 87' lang='grc'><strong>5,</strong></span> <span class='ocrx_word' id='word_1_239' title='bbox 777 3887 839 3966; x_wconf 72' lang='grc'><strong>56,</strong></span> <span class='ocrx_word' id='word_1_240' title='bbox 859 3888 921 3962; x_wconf 89' lang='grc'><strong>57,</strong></span> <span class='ocrx_word' id='word_1_241' title='bbox 944 3887 1000 3953; x_wconf 84' lang='grc'><strong>65.</strong></span> <span class='ocrx_word' id='word_1_242' title='bbox 1018 3884 1177 3974; x_wconf 87' lang='lat' dir='ltr'><strong>Scriptum</strong></span> <span class='ocrx_word' id='word_1_243' title='bbox 1194 3895 1241 3950; x_wconf 89' lang='lat' dir='ltr'><strong>est</strong></span> <span class='ocrx_word' id='word_1_244' title='bbox 1256 3905 1356 3946; x_wconf 80' lang='grc' dir='ltr'><strong>αυτων</strong></span> 
     </span>
     <span class='ocr_line' id='line_1_28' title="bbox 177 4002 1355 4095; baseline 0.001 -22"><span class='ocrx_word' id='word_1_245' title='bbox 177 4027 235 4095; x_wconf 93' lang='lat' dir='ltr'><strong>pro</strong></span> <span class='ocrx_word' id='word_1_246' title='bbox 257 4029 316 4070; x_wconf 86' lang='grc' dir='ltr'><strong>των</strong></span> <span class='ocrx_word' id='word_1_247' title='bbox 344 4002 504 4072; x_wconf 75' lang='lat' dir='ltr'><strong>landatur.</strong></span> <span class='ocrx_word' id='word_1_248' title='bbox 529 4007 579 4073; x_wconf 85' lang='lat' dir='ltr'><strong>Fit</strong></span> <span class='ocrx_word' id='word_1_249' title='bbox 606 4013 689 4075; x_wconf 89' lang='lat' dir='ltr'><strong>enim</strong></span> <span class='ocrx_word' id='word_1_250' title='bbox 718 4030 779 4077; x_wconf 92' lang='lat' dir='ltr'><strong>non</strong></span> <span class='ocrx_word' id='word_1_251' title='bbox 802 4029 889 4089; x_wconf 88' lang='lat' dir='ltr'><strong>raro,</strong></span> <span class='ocrx_word' id='word_1_252' title='bbox 911 4018 945 4075; x_wconf 92' lang='lat' dir='ltr'><strong>ut</strong></span> <span class='ocrx_word' id='word_1_253' title='bbox 966 4007 1150 4075; x_wconf 87' lang='lat' dir='ltr'><strong>adhibeatur</strong></span> <span class='ocrx_word' id='word_1_254' title='bbox 1178 4011 1355 4075; x_wconf 90' lang='lat' dir='ltr'><strong>Pronomen</strong></span> 
     </span>
     <span class='ocr_line' id='line_1_29' title="bbox 176 4128 1355 4219; baseline 0.006 -28"><span class='ocrx_word' id='word_1_255' title='bbox 176 4152 285 4206; x_wconf 82' lang='grc' dir='ltr'><strong>αυτος,</strong></span> <span class='ocrx_word' id='word_1_256' title='bbox 304 4130 360 4196; x_wconf 88' lang='lat' dir='ltr'><strong>elsi</strong></span> <span class='ocrx_word' id='word_1_257' title='bbox 385 4128 616 4196; x_wconf 87' lang='lat' dir='ltr'><strong>Substantivum</strong></span> <span class='ocrx_word' id='word_1_258' title='bbox 635 4129 674 4197; x_wconf 91' lang='lat' dir='ltr'><strong>ad</strong></span> <span class='ocrx_word' id='word_1_259' title='bbox 691 4130 775 4219; x_wconf 88' lang='lat' dir='ltr'><strong>quod</strong></span> <span class='ocrx_word' id='word_1_260' title='bbox 795 4129 958 4211; x_wconf 84' lang='lat' dir='ltr'><strong>reseratur,</strong></span> <span class='ocrx_word' id='word_1_261' title='bbox 977 4131 1008 4196; x_wconf 94' lang='lat' dir='ltr'><strong>in</strong></span> <span class='ocrx_word' id='word_1_262' title='bbox 1024 4130 1277 4198; x_wconf 88' lang='lat' dir='ltr'><strong>antecedentibus</strong></span> <span class='ocrx_word' id='word_1_263' title='bbox 1295 4152 1355 4198; x_wconf 94' lang='lat' dir='ltr'><strong>non</strong></span> 
     </span>
     <span class='ocr_line' id='line_1_30' title="bbox 176 4249 1355 4342; baseline 0.006 -26"><span class='ocrx_word' id='word_1_264' title='bbox 176 4251 217 4318; x_wconf 91' lang='lat' dir='ltr'><strong>sit</strong></span> <span class='ocrx_word' id='word_1_265' title='bbox 232 4270 428 4339; x_wconf 87' lang='lat' dir='ltr'><strong>expressum.</strong></span> <span class='ocrx_word' id='word_1_266' title='bbox 447 4249 495 4317; x_wconf 86' lang='lat' dir='ltr'><strong>Gl.</strong></span> <span class='ocrx_word' id='word_1_267' title='bbox 514 4251 572 4320; x_wconf 89' lang='lat' dir='ltr'><strong>Gr.</strong></span> <span class='ocrx_word' id='word_1_268' title='bbox 587 4249 606 4338; x_wconf 71' lang='lat' dir='ltr'>S</span> <span class='ocrx_word' id='word_1_269' title='bbox 622 4254 677 4320; x_wconf 70' lang='grc'><strong>66.</strong></span> <span class='ocrx_word' id='word_1_270' title='bbox 696 4255 730 4321; x_wconf 92' lang='grc'><strong>5.</strong></span> <span class='ocrx_word' id='word_1_271' title='bbox 758 4253 841 4321; x_wconf 84' lang='lat' dir='ltr'><strong>Fieri</strong></span> <span class='ocrx_word' id='word_1_272' title='bbox 858 4264 960 4321; x_wconf 90' lang='lat' dir='ltr'><strong>tamen</strong></span> <span class='ocrx_word' id='word_1_273' title='bbox 975 4263 1089 4342; x_wconf 87' lang='lat' dir='ltr'><strong>potest,</strong></span> <span class='ocrx_word' id='word_1_274' title='bbox 1108 4265 1142 4322; x_wconf 94' lang='lat' dir='ltr'><strong>ut</strong></span> <span class='ocrx_word' id='word_1_275' title='bbox 1157 4277 1257 4318; x_wconf 79' lang='grc' dir='ltr'><em>αυτων</em></span> <span class='ocrx_word' id='word_1_276' title='bbox 1275 4255 1355 4322; x_wconf 88' lang='lat' dir='ltr'><strong>rele-</strong></span> 
     </span>
     <span class='ocr_line' id='line_1_31' title="bbox 178 4372 1357 4464; baseline 0.006 -26"><span class='ocrx_word' id='word_1_277' title='bbox 178 4372 309 4441; x_wconf 87' lang='lat' dir='ltr'><strong>rendum</strong></span> <span class='ocrx_word' id='word_1_278' title='bbox 320 4374 362 4440; x_wconf 91' lang='lat' dir='ltr'><strong>sit</strong></span> <span class='ocrx_word' id='word_1_279' title='bbox 372 4372 411 4441; x_wconf 84' lang='lat' dir='ltr'><strong>ad</strong></span> <span class='ocrx_word' id='word_1_280' title='bbox 423 4382 635 4460; x_wconf 80' lang='lat' dir='ltr'><strong>antegressum</strong></span> <span class='ocrx_word' id='word_1_281' title='bbox 648 4373 757 4441; x_wconf 78' lang='grc' dir='ltr'>πολλοι</span> <span class='ocrx_word' id='word_1_282' title='bbox 773 4401 833 4442; x_wconf 79' lang='grc' dir='ltr'><strong>των</strong></span> <span class='ocrx_word' id='word_1_283' title='bbox 846 4399 1054 4444; x_wconf 71' lang='lat' dir='ltr'><strong>avocatorom.</strong></span> <span class='ocrx_word' id='word_1_284' title='bbox 1068 4378 1130 4464; x_wconf 83' lang='lat' dir='ltr'><strong>Qui</strong></span> <span class='ocrx_word' id='word_1_285' title='bbox 1145 4377 1196 4446; x_wconf 84' lang='lat' dir='ltr'><strong>lric</strong></span> <span class='ocrx_word' id='word_1_286' title='bbox 1209 4379 1357 4448; x_wconf 91' lang='lat' dir='ltr'><strong>dicuntur</strong></span> 
     </span>
    </p>
   </div>
   <div class='ocr_carea' id='block_1_7' title="bbox 0 0 1542 5054">
    <p class='ocr_par' dir='ltr' id='par_1_8' title="bbox 0 0 1542 5054">
     <span class='ocr_line' id='line_1_32' title="bbox 0 0 1542 5054; baseline 0 0"><span class='ocrx_word' id='word_1_287' title='bbox 0 0 1542 5054; x_wconf 95' lang='lat' dir='ltr'><strong> </strong></span> 
     </span>
    </p>
   </div>
  </div>
 </body>
</html>
