3074 5054
200 57 265 126 506
547 56 682 124 ACTUS
717 57 1051 138 apostotorum,

198 243 389 333 ξενισθωμεν.
417 246 486 312 Hoc
505 244 597 314 niodo
626 257 655 312 et
682 248 838 337 interpres
863 259 968 316 noster
990 261 1021 318 et
1047 251 1146 339 Syrus
1169 253 1274 322 locum
1297 253 1381 323 bunc

198 368 360 437 intellexit.
379 369 460 437 Vide
477 371 534 438 Gr.
554 389 623 460 pag.
644 373 721 438 lat.
740 372 859 437 Adnot.
879 374 912 440 5.

246 617 299 683 17.
325 617 371 681 Et
387 636 458 682 oum
474 619 679 693 venissemus,
699 616 787 697 etc).
809 619 970 698 Γενεσθαι,
992 621 1017 686 si
1043 628 1180 688 struatur
1195 643 1269 690 curn
1286 624 1380 691 Prae·

200 740 405 830 positionibus
429 751 481 808 aut
504 740 669 808 Aduerbiis
692 753 812 809 motnm
837 744 1065 826 indicantibus,
1085 757 1169 813 notat
1184 752 1296 814 verrire
1320 752 1380 814 oli-

198 866 275 957 qod,
299 876 333 933 ut
360 864 419 932 hoc
448 864 534 943 loco,
556 877 586 931 et
608 865 686 932 infra
714 868 791 956 Cap.
815 870 937 937 XXV:
967 861 1019 937 la.
1045 871 1159 937 Confer
1184 873 1277 939 etiam
1301 893 1380 961 quae

198 989 371 1057 notavimus
394 1009 488 1077 supra
512 988 550 1055 ad
574 991 650 1077 Cap.
670 990 748 1057 Xlll
769 1015 776 1056 :
797 993 829 1058 a.
845 1030 889 1039 —
905 991 944 1054 Οἱ
965 988 1090 1083 odoinus
1112 1004 1185 1060 sunt
1208 993 1378 1062 Christiani

171 1178 173 1182 ,
200 1113 474 1200 Hierosolymitani
504 1113 567 1192 illi,
594 1132 672 1201 quos
700 1115 819 1203 primos
853 1116 883 1180 in
912 1114 990 1181 urbe
1016 1116 1235 1184 salutaverant.
1262 1118 1380 1184 -Dc

201 1239 348 1304 Genitivo
364 1240 505 1304 obsoleto
522 1244 699 1327 (γενομενων
716 1237 813 1326 Αοι·.)
837 1237 930 1306 huius
954 1238 1013 1305 loci
1040 1239 1114 1328 qnid
1137 1240 1304 1310 dicendum
1319 1243 1378 1323 sit,

198 1361 269 1429 vide
293 1361 331 1429 ad
353 1363 429 1451 Cap.
450 1363 527 1430 XVI
548 1383 555 1423 :
577 1360 855 1450 16.-Ασμενως
874 1362 1050 1450 Hesychius
1067 1365 1287 1453 interpretatur
1304 1390 1380 1454 μετα

199 1509 316 1576 χαρας,
333 1483 442 1563 ddecus,
462 1487 633 1576 προθυμως.

247 1735 391 1801 ta-ta.
417 1735 571 1819 Sequenti
594 1746 697 1800 oritoni
723 1737 793 1818 die,
809 1743 896 1825 eto).
915 1735 957 1825 Τῃ
975 1732 1147 1824 decrevero
1164 1736 1246 1833 (soil.
1264 1733 1379 1828 ἡμερᾳ)

122 1898 126 1904 -
197 1857 267 1925 vide
291 1858 331 1925 ad
358 1859 434 1947 Cap.
460 1858 538 1926 XVl
563 1879 569 1920 :
598 1862 651 1926 ll.
672 1898 714 1908 —
731 1859 841 1927 Scrrno
865 1859 917 1926 lric
941 1872 988 1927 est
1009 1859 1047 1927 dc
1071 1860 1221 1949 Apostolo
1244 1860 1375 1937 Iacobo,

197 1982 478 2069 llidrosolynritano
503 1982 648 2048 antistite.
680 1981 761 2050 Vide
781 2002 875 2070 supra
900 1982 938 2049 ad
955 1984 1031 2072 Cap.
1051 1986 1114 2051 Xll
1134 2005 1141 2045 ε
1162 1987 1194 2052 t.
1214 2023 1259 2034 —-
1275 1984 1378 2076 Παρε-

196 2130 314 2198 γενοντο
336 2105 441 2198 (ntor.)
467 2110 656 2193 adsuerunt,
678 2117 806 2190 praesto
828 2111 973 2191 [ruerunt.
992 2146 1035 2157 -
1056 2109 1095 2172 Οἱ
1115 2104 1313 2198 spectassent
1335 2110 1379 2175 in·

198 2232 377 2320 telliguntur
392 2232 568 2300 sacerdotes
584 2231 711 2299 secundi
729 2232 864 2312 ordinis,
886 2233 939 2321 qui
963 2233 1200 2320 llidrosolyrnne
1216 2232 1376 2321 degerent.

201 2396 245 2405 —
261 2357 338 2419 Καθ’
351 2354 379 2421 ἐν
393 2355 519 2421 ἕκαστον
536 2356 652 2424 dictum
672 2368 718 2423 est
734 2357 878 2445 Etlipticc
895 2377 952 2445 pro
968 2357 1033 2420 καθ’
1050 2354 1078 2420 ἑν
1096 2355 1221 2421 ἕκαστον
1239 2371 1376 2436 enervos,

200 2480 232 2548 b.
249 2500 278 2545 e.
298 2483 463 2563 sinillntiot
479 2483 621 2564 qttodque
638 2503 767 2564 eornnn;
785 2500 822 2546 ex
839 2500 900 2568 quo
917 2480 1026 2569 liquet,
1047 2480 1092 2561 id,
1114 2480 1196 2569 quod
1214 2481 1319 2548 statim
1336 2482 1377 2549 ibi

199 2603 357 2691 sequitur,
386 2608 427 2668 ὡν
456 2625 612 2684 enormes,
643 2624 699 2691 por
726 2604 956 2670 Attroctionoor
984 2603 1134 2692 scripturn
1167 2623 1237 2670 csse
1268 2624 1327 2693 pro
1360 2605 1379 2667 ἁ

199 2750 348 2801 εποιησεν.

245 2978 390 3045 no-an,
417 2979 460 3042 At
477 2977 527 3041 itti
550 2996 620 3040 conr
637 2976 818 3057 audissent,
834 2974 921 3056 eto).
947 2975 1035 3040 llanc
1058 2973 1145 3039 Pauli
1171 2973 1377 3039 narrationem

201 3119 272 3167 cunt
301 3100 506 3180 audivissent,
532 3099 633 3164 Deurn
658 3099 879 3181 clorificobnnt
907 3092 1087 3183 (εδοξαζον),
1112 3098 1145 3161 ln.
1177 3118 1205 3162 o.
1237 3095 1379 3164 laudibus

201 3224 387 3291 extollebant
410 3225 476 3290 eius
502 3222 687 3302 bonitatem,
714 3220 820 3308 utqui
841 3221 969 3308 gratiani
991 3239 1079 3287 suani
1104 3218 1265 3286 eliudisset
1288 3222 1377 3288 ctiam

200 3347 232 3413 io
250 3347 401 3415 Gentiles.
421 3347 469 3414 Cf.
488 3348 565 3435 Cap.
585 3347 631 3412 Xl
652 3371 659 3412 :
683 3347 735 3412 la.

245 3474 457 3557 dixeruntque
473 3474 503 3536 ei
520 3493 528 3531 .·
548 3473 659 3550 Vides,
677 3475 793 3555 freter,
809 3478 895 3556 eto).
911 3468 1026 3535 Paulus
1039 3468 1122 3557 apud
1133 3466 1378 3536 Palaestinensas

200 3594 319 3662 delatus
343 3605 425 3673 erat,
450 3592 534 3681 quod
559 3592 870 3661 Iudaeo-Christianis
894 3593 974 3658 inter
996 3593 1135 3661 Gentiles
1161 3592 1379 3660 commoranti·

203 3717 260 3785 bus
276 3728 385 3784 auctor
408 3729 504 3798 esset,
523 3727 556 3783 ut
572 3737 629 3783 nec
646 3716 726 3784 lilios
742 3737 816 3784 suos
839 3717 1114 3797 circumciderent,
1142 3737 1199 3782 nec
1215 3727 1319 3784 cetera
1335 3716 1379 3782 iu-

203 3841 307 3907 stituta
324 3841 461 3907 Mosaioa
479 3851 649 3907 servarent.
668 3841 755 3925 Quae
772 3840 875 3906 ornnia
890 3861 907 3907 a
925 3839 1241 3909 Iudaeo-Christianis
1258 3840 1379 3907 Palaes-

203 3964 375 4032 tinensibus
403 3984 512 4052 magna
540 3965 688 4050 religione
719 3963 821 4031 adbuc
853 3963 1107 4031 observabantur.
1142 3963 1288 4031 Profecto
1320 3982 1378 4030 non

202 4089 381 4157 dubitabant
409 4110 466 4156 nec
495 4089 644 4168 lacobuS,
675 4110 732 4156 neo
760 4089 952 4178 presbytori,
980 4090 1053 4179 quin
1082 4089 1273 4156 calumniosa
1301 4097 1380 4154 esset
