3074 5054
178 391 244 458 ala
523 389 658 459 ACTUS
693 387 1028 468 APOSTOLORUM,

175 585 323 647 outstoud
349 602 420 645 reue
446 590 554 663 prcote
582 584 763 664 ueruolpiup
791 592 879 663 tepere
906 583 944 644 de
971 582 1044 646 leerlc
1069 601 1132 645 nou
1159 581 1355 647 Jerusalem.

175 703 244 768 Non
261 703 362 770 solum
378 701 568 789 Stephanum
585 703 615 768 in
633 703 733 792 prima
749 701 802 769 illa
820 703 978 770 Ecclesiae
999 703 1232 790 perseeutione,
1252 702 1306 769 sed
1326 714 1358 769 et

175 823 253 892 alios
270 838 428 913 praeterea
444 825 484 892 ob
500 825 616 892 Christi
642 847 766 893 causam
793 838 866 893 tune
885 827 952 892 neci
971 826 1099 894 traditos
1116 827 1229 907 luisse,
1248 827 1358 893 certis-

176 950 288 1016 simum
312 962 359 1017 est
379 970 418 1016 ex
446 950 532 1017 Pauli
562 951 738 1018 testimonio
761 951 842 1033 (Act.
868 951 978 1017 XXVI
1005 976 1013 1017 :
1039 949 1113 1036 l0);
1140 972 1239 1039 aquo
1263 952 1358 1018 etiarn

176 1073 326 1142 discimus
351 1075 472 1167 (ibid),
490 1096 662 1144 assessores
684 1076 828 1164 Synedrii
852 1076 935 1143 illius
957 1076 1181 1163 persecutionis
1201 1077 1358 1143 exstitisse

176 1211 332 1268 auctores.

221 1336 250 1391 et
268 1348 375 1393 omnies
396 1330 537 1411 dispersi
558 1338 649 1406 suut,
668 1325 759 1414 ete).
783 1327 857 1392 Erat
885 1327 985 1415 prima
1008 1326 1060 1392 illa
1083 1327 1259 1414 persecutio
1283 1348 1359 1395 sane

175 1469 268 1537 quam
284 1451 483 1538 gravissima,
500 1462 534 1517 ut
550 1449 652 1537 colligi
675 1458 775 1538 potest
798 1469 836 1515 ex
858 1448 896 1515 iis
920 1468 999 1538 quae
1023 1448 1102 1515 inira
1124 1456 1171 1517 vs.
1192 1453 1211 1517 5
1230 1460 1260 1516 et
1275 1452 1355 1540 Cap.

174 1573 312 1640 XXVI:
335 1577 394 1655 lu,
415 1577 452 1642 ll
479 1574 517 1641 de
540 1573 646 1640 eadem
671 1572 828 1640 dicuntur.
852 1575 960 1661 ltaque
983 1573 1151 1640 Christiani
1173 1574 1358 1660 Hierosoly-

175 1696 280 1762 mitani
293 1700 441 1783 plerique
457 1699 591 1787 (παντες.
606 1696 688 1765 Vide
699 1717 793 1785 supra
808 1717 839 1784 p.
856 1695 923 1776 20),
939 1708 972 1764 nt
984 1696 1054 1784 fuga
1068 1697 1127 1763 sibi
1142 1697 1355 1775 consulerent,

174 1819 282 1888 relicta
304 1822 397 1900 urbe,
422 1822 501 1889 alius
528 1821 606 1902 alid,
631 1821 662 1886 in
686 1820 787 1887 varias
815 1820 946 1888 iudaeae
977 1833 1008 1888 et
1036 1822 1192 1888 Samariae
1214 1821 1358 1908 regiones

174 1960 385 2029 secesserunt3
401 1948 463 2014 imo
487 1967 595 2013 eorum
620 1945 758 2013 nonnulli
782 1947 872 2014 etiarn
894 1946 1025 2014 ulterius
1042 1947 1189 2035 deinceps
1206 1967 1274 2013 sese
1291 1945 1358 2013 dis·

175 2071 382 2150 seminarunt,
402 2081 434 2138 ut
449 2070 529 2137 infra
546 2072 643 2159 (Cap.
662 2071 709 2137 Xl
726 2091 733 2132 :
755 2069 818 2159 19)
835 2070 929 2136 relert
945 2072 1045 2137 Lucas
1065 2096 1073 2136 ε
1092 2082 1120 2135 et
1138 2074 1189 2136 illi
1205 2074 1356 2157 quidem,

174 2196 293 2284 inquit,
311 2201 366 2282 qui
388 2199 529 2280 dispersi
551 2201 682 2280 fueraut
697 2218 716 2261 o
733 2197 955 2278 tribulatione,
975 2218 1054 2280 quoe
1075 2201 1161 2283 suctu
1176 2201 1284 2282 fuerat
1300 2199 1359 2264 sub

174 2323 353 2408 Siepltouo,
383 2327 685 2409 perambulaverunt
717 2346 814 2410 usque
846 2325 1043 2406 Pleoeuiceu,
1075 2336 1105 2389 et
1138 2324 1295 2411 Cyprum,
1328 2339 1361 2392 ei

174 2449 391 2522 Autioelcioru.
417 2451 478 2518 Sed
505 2450 598 2518 cessit
621 2470 657 2517 ea
677 2470 727 2517 res
755 2451 786 2514 in
815 2468 959 2536 magnum
984 2448 1142 2516 doctrinae
1163 2449 1360 2536 evangelicae

174 2573 418 2652 incrementum,
449 2595 544 2663 quum
573 2573 706 2663 dispersi
741 2573 785 2639 illi
821 2571 1118 2649 Iudaeo-Christiani
1151 2575 1359 2663 popularibus

174 2699 240 2765 suis
257 2701 360 2767 lesum
377 2701 523 2767 Messium
540 2701 655 2788 passim
672 2699 896 2766 annunciarent
913 2697 967 2783 (cl.
987 2699 1067 2765 inlra
1083 2719 1131 2765 vs.
1151 2696 1199 2786 l).

215 2834 345 2907 praeter
359 2825 550 2911 Apostolos).
569 2823 710 2912 Apostoli
733 2834 834 2889 tamen
859 2842 920 2888 non
944 2833 1105 2888 cesserunt
1127 2819 1201 2888 huic
1225 2833 1361 2912 tempes-

174 2948 240 3037 tati.
256 2986 300 2997 -
322 2948 473 3016 Ministris
496 2947 652 3035 Evangelii
679 2948 710 3013 in
736 2947 952 3036 persecutione
975 2946 1058 3013 licita
1080 2944 1151 3033 fuga
1174 2957 1237 3025 est,
1264 2968 1358 3036 quarn

177 3091 237 3137 non
261 3071 424 3160 prohibeat
448 3066 572 3138 caritas}
591 3071 742 3138 Existimo
767 3082 888 3151 autem,
918 3070 1086 3159 Apostolos
1111 3081 1185 3138 tunc
1207 3072 1360 3141 Hiiiroso·

150 3177 268 3280 ¹lymis
296 3214 419 3262 manera
451 3195 604 3276 voluisse,
636 3215 698 3261 non
729 3194 847 3261 tantum
874 3205 908 3261 ut
936 3214 1042 3260 curam
1070 3206 1213 3282 gererent
1245 3216 1357 3264 eorum

177 3317 315 3385 lidelium
344 3318 396 3406 qui
426 3319 652 3406 Hierosolymis
680 3316 782 3386 adhuc
804 3317 1022 3386 delitescerent
1043 3330 1095 3386 aut
1123 3319 1290 3388 identidem
1320 3325 1359 3390 ed

176 3444 329 3523 redirent,
350 3466 458 3513 verum
487 3447 596 3527 etiam,
615 3445 699 3536 quod
715 3445 924 3514 Oeeumenius
949 3446 1001 3514 hic
1026 3453 1137 3526 notar,
1161 3459 1196 3515 ut
1211 3449 1360 3518 omnibus

177 3606 349 3619 --—-.....

211 3708 229 3775 ¹)
248 3692 337 3783 ‘Opu‚
354 3707 454 3772 inquit,
473 3715 537 3765 πως
556 3697 570 3755 ὁ
596 3689 672 3765 Θεος
688 3715 742 3764 τας
788 3687 970 3780 ὑποδειγμα.
990 3706 1017 3756 h.
1040 3719 1063 3757 e.
1088 3726 1100 3750 r
1121 3706 1200 3770 Vide,
1225 3707 1358 3772 quomodo

178 3781 342 3869 επιβουλας
354 3805 414 3846 των
427 3784 539 3872 epipam
556 3806 594 3856 εις
610 3805 741 3873 χρηστον
787 3790 856 3841 Deus
883 3790 1047 3841 inimicorum
1076 3787 1201 3841 adversus
1222 3788 1358 3842 Christum

178 3899 243 3964 aper
256 3872 350 3948 τελος.
362 3875 583 3964 Διασπαρεντες
596 3897 654 3964 pap
664 3870 742 3936 πολυ
789 3874 896 3925 insidias
907 3875 939 3924 ad
950 3873 1050 3925 bonum
1066 3873 1147 3924 finem
1160 3871 1282 3924 deducat.
1295 3873 1358 3925 Dis-

179 3964 298 4039 πλειους
323 3988 525 4054 mmm„
553 3989 570 4037 η
598 3987 668 4054 πρίν
697 3959 743 4027 δι.
788 3956 857 4021 persi
870 3968 984 4021 namquo
996 3954 1078 4006 multo
1096 3954 1184 4020 plures
1203 3955 1359 4008 irretiebunt

789 4037 938 4101 evangelica
954 4049 1050 4101 sagana
1066 4050 1146 4102 quam
1157 4041 1218 4089 ante
1230 4051 1359 4103 persecu-

789 4119 895 4171 tionem.
904 4119 1019 4185 Apostoli
1031 4133 1092 4171 vero
1100 4132 1153 4170 non
1163 4123 1226 4170 sunt
1236 4119 1356 4185 dispersi,

576 4242 582 4258 .
788 4200 833 4252 sed
851 4201 1034 4266 Hierosolymis
1052 4204 1136 4252 erant.
1154 4200 1203 4252 Ubi
1218 4202 1290 4252 enim
1308 4215 1357 4268 po·

174 4263 259 4340 μοις·
279 4237 359 4300 Eue&
371 4262 429 4328 γαρ
448 4236 556 4302 mum)
569 4262 584 4300 ⁰
596 4234 739 4322 mimi
787 4284 885 4336 tissima
901 4287 956 4335 erat
971 4284 1145 4349 oppugnatio,
1163 4284 1200 4335 ibi
1219 4287 1359 4350 primosac
1383 4284 1385 4289 '

179 4353 236 4393 W
261 4331 506 4420 παραταττεσθαῑ
533 4352 601 4401 τους
625 4349 742 4416 πρῶτα·
788 4367 940 4432 praccipuos
952 4366 1085 4417 militesin
1102 4367 1157 4418 acie
1169 4370 1358 4433 stareoportc-

178 4443 328 4510 imiimi
362 4416 440 4499 εδει,
477 4445 527 4483 καί
566 4417 742 4507 stimme&
780 4449 849 4510 inat,
865 4449 1010 4514 ceterisque
1030 4449 1141 4514 proponi
1158 4449 1186 4500 in
1205 4442 1358 4518 exemplum

177 4534 239 4589 roze
257 4509 360 4586 αλλοις
382 4509 520 4602 eriperes
543 4534 594 4572 και
614 4509 743 4598 caputve
789 4529 951 4582 tortitudines
962 4534 989 4583 u
999 4530 1131 4582 aenaeae.

179 4057 322 4142 ωχθηναι.
339 4056 378 4119 ot
395 4052 426 4118 de
443 4052 617 4120 Αποστολοι
634 4079 668 4118 ου
685 4051 743 4117 dre-

180 4169 355 4238 crrupucau,
367 4144 436 4210 αλλ’
449 4171 525 4222 rear
538 4169 566 4209 er
580 4143 742 4236 Ἱεροσολυ-
