3074 5054
185 380 249 445 190
522 376 656 446 ACTUS
688 376 1020 456 APOSTOLORUM,

226 577 316 632 trous
340 566 548 656 Babylonem)
571 589 705 630 επεκεινα
722 568 777 658 (=
793 571 838 631 επ’
861 589 959 630 suetae
982 576 1067 658 μερη)
1091 589 1142 642 της
1164 561 1359 653 populares,

181 692 223 755 ael
240 692 312 755 illus
327 692 495 756 ulteriores
515 699 626 773 portes
642 691 837 775 Buhplom's3
854 689 913 757 sed
926 690 955 756 iu
973 691 1071 758 Amos
1087 691 1124 778 (l.
1144 688 1192 775 o.)
1209 691 1362 778 seriptum

180 823 226 881 est
250 823 341 880 trous
364 814 581 897 Dumosoum;
598 834 656 881 neo
684 825 785 881 tamen
809 813 964 902 putandus
989 824 1036 881 est
1058 815 1092 882 S.
1119 813 1293 902 Stephanus
1311 812 1364 880 hio

179 958 319 1017 errasse3
346 937 417 1018 sed,
443 943 478 1004 ui
502 948 586 1005 notat
609 939 642 1006 S.
670 939 881 1025 Hieronymus
898 939 951 1029 (ad
976 938 1010 1006 h.
1037 938 1091 1028 h),
1119 941 1217 1028 magis
1233 959 1361 1006 sensum

178 1060 372 1150 Prophetae,
399 1081 491 1151 quam
519 1047 586 1128 eius
613 1061 706 1129 verba
734 1062 873 1130 attondit.
905 1064 1003 1143 Nam,
1035 1083 1113 1151 quae
1141 1062 1362 1151 christophori

179 1186 279 1252 Castri
296 1186 469 1253 obseruatio
494 1196 540 1252 est
566 1183 619 1273 (ad
637 1183 669 1252 h.
689 1183 743 1273 l.),
770 1185 877 1253 eadem
902 1185 1094 1273 captivitate,
1113 1207 1174 1274 qua
1191 1185 1273 1254 duoti
1290 1196 1363 1254 sunt

180 1310 335 1377 lsrailitae
352 1318 436 1376 trans
461 1310 651 1376 Damascum
668 1308 700 1373 iu
716 1309 883 1395 Assyrios,
905 1308 1046 1375 oollooati
1064 1318 1136 1376 sunt
1150 1318 1235 1376 trans
1259 1308 1363 1395 Bahy-

179 1436 281 1502 louem
298 1436 328 1501 in
346 1432 522 1501 civitatibus
547 1432 687 1510 Mediae,
707 1443 737 1499 et
756 1433 882 1501 Persiae
910 1454 1018 1501 versus
1045 1433 1224 1523 aquilonem
1243 1435 1323 1502 Nam
1340 1436 1362 1501 l

180 1561 256 1646 Reg.
287 1558 381 1625 XVII
412 1582 419 1623 :
450 1558 470 1624 6
499 1554 616 1622 dietum
644 1566 691 1622 est
720 1574 728 1617 τ
759 1567 789 1620 et
813 1558 977 1622 transtulit
1000 1558 1105 1624 Isruil
1130 1560 1164 1622 iu
1189 1557 1359 1642 Assyrios,

176 1685 339 1766 posuitque
363 1701 413 1746 eos
438 1682 474 1745 iu
499 1679 604 1758 Helo,
622 1690 650 1743 et
678 1681 712 1743 iu
741 1678 866 1756 Honor,
894 1683 983 1746 iltuto
1004 1683 1139 1765 fluuittm
1164 1680 1296 1765 Gozum,
1326 1684 1362 1745 iu

178 1805 358 1872 civitatibus
382 1805 566 1869 Medorum.
593 1803 633 1869 Et
655 1801 772 1870 Tobias
800 1824 872 1872 oum
900 1805 1038 1893 captivos
1062 1804 1253 1872 contribules
1281 1804 1362 1871 invi-

178 1941 261 1997 seret
278 1927 374 2018 (tob.
404 1927 443 2014 l),
466 1930 550 1992 oeuit
573 1930 608 1991 iu
631 1928 749 2011 Rupes,
774 1931 933 1995 ciuitatem
962 1929 1142 1996 Medorum.
1173 1931 1239 1995 lmo
1268 1928 1360 1995 etiam

179 2053 251 2121 inde
267 2053 298 2119 in
319 2050 501 2130 Persidem,
528 2060 558 2117 et
581 2049 656 2117 alias
681 2051 865 2118 remotiores
889 2052 1031 2138 regiones
1056 2051 1187 2119 traducti
1212 2062 1301 2131 suut,
1327 2062 1362 2119 ut

177 2174 383 2264 aitlosephus
396 2173 466 2242 Lih.
483 2175 530 2242 lX
541 2175 671 2263 Autiqq.
687 2175 764 2263 Cap.
781 2175 853 2256 ult,
869 2187 899 2243 et
910 2173 990 2243 ultra
1005 2175 1195 2264 Euphratem
1210 2175 1359 2264 dispersi,

178 2302 297 2369 infinita
316 2300 477 2367 hominum
494 2299 607 2380 millia,
634 2310 668 2367 ut
688 2299 771 2366 idem
792 2301 834 2367 ait
857 2301 927 2368 Lih.
946 2302 993 2368 Xl
1013 2328 1021 2369 :
1041 2303 1073 2368 5.
1095 2299 1186 2387 Quod
1204 2320 1275 2367 oum
1294 2300 1361 2367 iae-

178 2439 243 2494 tum
259 2424 516 2493 animadverteret
532 2422 726 2512 Stephanus,
748 2423 827 2491 dixit
843 2436 932 2492 trous
948 2427 1157 2510 Buhplouem.

220 2673 307 2755 Duo,
326 2682 359 2738 ut
380 2671 514 2738 vidimus
543 2691 637 2760 supra
661 2670 713 2759 (ad
737 2672 813 2759 Cap.
840 2672 886 2739 Vl
906 2692 913 2733 ε
936 2674 995 2752 m,
1023 2671 1097 2761 ll),
1119 2683 1206 2739 eraut
1227 2664 1359 2738 aeou'sa·

176 2795 269 2862 tionis
285 2796 404 2883 oapita3
426 2795 574 2862 hacteuus
599 2795 773 2884 Stephanus
791 2795 996 2883 responderat
1008 2796 1047 2863 ad
1072 2796 1178 2885 prius3
1198 2795 1236 2863 ad
1254 2808 1358 2885 poste-

178 2918 243 2985 rius
268 2918 456 3007 respoudere
479 2920 539 2986 iam
562 2920 678 3009 pergit,
697 2917 781 2986 nulla
801 2919 879 2986 lauta
904 2920 1102 2998 transitione,
1122 2920 1179 2986 nisi
1198 2940 1258 3009 qua
1276 2920 1358 2986 forte

177 3043 217 3108 sit
245 3041 276 3107 iu
300 3042 352 3108 illa
374 3041 537 3122 antithesi,
558 3063 618 3130 qua
646 3041 839 3110 idololatrioo
864 3043 907 3109 illi
933 3024 1064 3110 tentorio
1093 3044 1200 3129 (σκηνη
1222 3063 1269 3108 vs.
1297 3040 1358 3130 ta)

177 3164 345 3252 opponitur
368 3167 603 3231 taherrmoulum
625 3167 808 3231 testimonii.
837 3166 944 3252 ltaque
960 3162 1143 3251 Stephanus
1164 3165 1201 3228 ele
1225 3162 1357 3245 Templo

177 3285 336 3367 dioturus,
355 3308 420 3355 rem
449 3289 559 3377 repetit
582 3288 621 3355 ah
647 3289 784 3375 origine,
803 3286 864 3354 hoo
886 3279 950 3366 est,
977 3307 993 3353 a
1016 3286 1250 3366 Taberuaoulo,
1270 3285 1356 3373 quod

176 3409 234 3477 luit
248 3410 371 3499 Templi
389 3412 559 3501 exemplar,
578 3412 619 3478 ita
636 3421 671 3479 ut
687 3411 937 3479 Taberuaoulum
963 3421 1046 3478 reete
1063 3410 1124 3479 disi
1143 3410 1242 3499 possit
1257 3409 1356 3476 luisse

178 3534 320 3621 portatile
335 3536 528 3626 Templum.

220 3781 275 3846 ll.
310 3781 337 3844 T
337 3782 558 3846 aheruueulum
599 3783 796 3862 testimonii,
835 3778 923 3865 ete).
963 3768 1082 3846 Graece
1115 3777 1133 3851 ἡ
1169 3799 1262 3852 σκηνη
1301 3802 1356 3843 του

176 3924 360 3993 μαρτυριου,
403 3904 452 3970 oui
491 3902 731 3971 denominatioui
769 3901 935 3990 respondet
953 3901 1125 3967 ³Hehraiea
1163 3916 1258 3986 hausei
1292 3899 1354 3987 ‘aph

174 4028 239 4095 sive
274 4043 367 4117 oropo
394 4036 483 4118 pauo.
520 4028 767 4095 Taberuaoulum
798 4026 892 4092 variis
920 4024 1097 4092 nominihus
1124 4022 1350 4112 appellabatur.

175 4150 280 4230 titius,
312 4152 394 4242 quod
422 4151 597 4241 Stephanus
624 4150 676 4218 hio
703 4149 862 4227 adhibuit,
894 4149 1017 4241 oausam
1043 4147 1177 4236 explieat
1204 4146 1349 4214 Suidas:

174 4317 308 4327 -—-—-

206 4413 225 4478 ¹)
239 4413 304 4466 Hine
315 4415 377 4480 sap.
388 4415 424 4468 xi
435 4429 441 4466 :
453 4416 477 4466 8.
489 4413 626 4480 Templum
636 4413 745 4465 vocatur
761 4419 886 4483 μιμημα
903 4416 1012 4468 aunum
1029 4393 1128 4483 ἁγιας.
