3074 5054
449 384 589 453 CAPUT
625 384 737 461 ΧΧΙΙ,
775 383 899 452 VERS.
938 386 1085 454 uso-50.
1295 385 1361 450 διδ

176 576 351 643 Romanum
369 575 463 663 virgis
487 573 635 654 caedere,
662 568 688 642 si
711 575 800 665 prius
822 574 862 642 ob
887 575 1005 642 crimen
1030 583 1111 643 esset
1131 574 1294 643 damnatus
1310 594 1361 642 ca·

177 699 261 787 pitis.
287 698 349 767 Sed
374 699 488 766 Paulus
508 710 573 766 erat
597 722 814 790 ακατακριιος,
841 702 1055 767 indemnatus.
1077 737 1120 750 -
1141 699 1265 767 Sciebat
1289 699 1361 766 Tri-

177 822 279 891 bunus
292 823 345 913 (oi.
361 824 437 913 Cap.
452 824 532 890 ΧΧΙ
549 844 555 886 :
573 821 641 905 39),
660 823 789 890 Paulum
807 825 992 891 Tarsensem
1010 844 1091 904 esse,
1106 835 1137 890 et
1152 835 1253 891 tamen
1271 825 1361 891 iussio

176 966 247 1013 eum
265 946 436 1034 flagellare3
455 967 494 1014 ex
510 967 572 1037 quo
586 947 789 1036 consequitur
800 949 970 1015 Tarsenses
986 949 1149 1015 urriversos
1166 947 1360 1016 inscisionis

176 1072 334 1138 Romanae
355 1093 415 1139 non
435 1070 593 1139 babuisse.
613 1073 694 1159 Ergo
719 1072 796 1138 civis
813 1073 972 1139 Romanus
989 1082 1054 1138 erat
1069 1072 1202 1158 Paulus,
1221 1093 1359 1162 neuqua

176 1195 351 1276 Tarsensis,
370 1195 424 1262 sed
441 1196 524 1285 quod
541 1217 558 1262 e
574 1181 745 1264 maioribus
761 1198 827 1264 suis
843 1197 956 1285 aliquis
977 1196 1054 1264 iilud
1079 1196 1127 1264 ius
1151 1208 1233 1265 esset
1248 1217 1360 1265 conse-

176 1329 286 1399 cubus,
304 1329 356 1385 ιιιιι
378 1319 498 1385 meritis
520 1318 586 1385 suis
607 1317 692 1407 (vide
713 1318 841 1386 Sueten.
864 1319 945 1405 bug.
964 1320 1040 1409 Cap.
1061 1315 1140 1404 47),
1155 1330 1207 1386 ιιιιι
1229 1320 1360 1410 pecunia

176 1438 253 1529 (Dio
270 1443 358 1508 Cass.
377 1440 448 1508 Lib.
468 1444 531 1521 60,
551 1443 628 1530 Gap.
650 1443 703 1509 17.
719 1441 768 1508 Ti.
789 1439 914 1530 loseph.
935 1443 973 1507 Β.
992 1443 1018 1507 l.
1041 1441 1112 1509 Lib.
1134 1444 1174 1521 T,
1193 1443 1270 1533 Cap.
1292 1446 1357 1531 id).

176 1563 398 1652 Suspicabatur
424 1564 600 1649 Tribunus,
632 1564 762 1631 Paulum
795 1564 895 1635 civem
923 1566 1098 1632 Romanum
1121 1586 1155 1632 se
1175 1567 1356 1648 simulasse,

177 1710 274 1778 quum
291 1689 335 1756 iili
354 1710 423 1758 csse
440 1689 596 1758 videremr
613 1688 707 1757 bomo
731 1689 852 1757 vilioris
868 1688 1055 1758 conditionis
1071 1711 1163 1780 quam
1181 1703 1215 1758 ιι
1230 1693 1279 1760 ius
1296 1696 1358 1762 Ro-

177 1832 285 1879 manae
301 1813 433 1881 civitatis
450 1813 582 1904 pecunia
597 1813 656 1881 sibi
671 1813 823 1880 redimere
840 1814 1003 1902 potuisset.
1022 1814 1105 1882 Hinc
1121 1837 1209 1884 mens
1224 1817 1357 1885 Tribuni

178 1948 242 2004 erat
265 1935 369 2004 dicere
385 1963 393 2004 ε
407 1939 476 2021 Eoo
500 1940 627 2022 quidem
643 1959 760 2022 monna
774 1941 928 2023 pecuniae
944 1961 1067 2006 scomma
1089 1943 1138 2007 ius
1155 1943 1236 2006 illud
1251 1946 1358 2029 ecqui-

176 2065 252 2140 so'oc',
280 2074 314 2129 ιιι
337 2084 409 2129 uero
425 2066 577 2149 quomodo
602 2067 684 2131 iilud
706 2067 840 2148 adeptus
858 2066 915 2132 es?
929 2104 973 2114 —
989 2065 1143 2134 Artemid.
1163 2069 1176 2135 Ι
1195 2088 1203 2130 :
1226 2070 1266 2137 16
1286 2069 1357 2136 :Tu

176 2208 322 2274 χρηματα
341 2185 492 2278 κεφαλαια
515 2184 645 2277 λεγεται.
669 2226 713 2237 -
727 2188 872 2256 Timebat
887 2189 947 2257 sihi
962 2189 1142 2269 Tribunus,
1162 2191 1234 2280 qiria
1250 2202 1358 2258 contro

177 2309 225 2376 ius
241 2311 416 2377 Romanum
437 2333 457 2376 a
479 2314 646 2378 tormentis
669 2314 861 2396 incoeperat.
880 2313 962 2382 Vide
986 2333 1082 2402 supra
1104 2313 1143 2380 ad
1168 2335 1213 2381 vs.
1239 2317 1296 2383 Μ.
1315 2354 1358 2364 -

177 2435 337 2501 Articuius
352 2458 385 2498 το
401 2435 493 2502 afficit
511 2435 658 2523 integram
676 2435 843 2504 dictionem
866 2436 946 2504 banc
967 2464 975 2505 ι
994 2464 1022 2502 τι
1047 2462 1256 2531 κατηγορειται
1274 2463 1357 2532 παρα

176 2583 234 2623 των
252 2556 417 2639 deoduino,
436 2571 470 2626 ιιι
486 2562 563 2649 Cap.
580 2561 624 2629 lV
644 2582 651 2622 :
671 2547 731 2642 Th
750 2572 780 2628 et
797 2573 843 2629 oso
862 2561 938 2630 baec
956 2562 1050 2630 dictio
1067 2563 1256 2654 Epexegesis
1272 2574 1355 2631 anbe-

177 2685 337 2753 ccdernis:
361 2710 395 2749 το
417 2683 565 2776 crucier.
581 2725 625 2734 -
640 2686 694 2760 Εις
718 2685 778 2753 iroc
806 2685 874 2754 loco
899 2689 1026 2778 proprie
1054 2687 1133 2755 valet
1156 2691 1262 2773 intem
1287 2689 1356 2757 vide

177 2810 234 2877 Gr.
254 2829 323 2898 pag.
343 2812 422 2878 425.
441 2811 480 2877 Α.
500 2811 549 2876 De
565 2811 662 2877 iornra
679 2811 763 2877 vocis
783 2834 966 2900 uuruyuyou
983 2812 1053 2879 vide
1068 2811 1106 2880 ad
1123 2814 1200 2901 Cap.
1219 2813 1249 2881 V
1268 2832 1275 2874 ι
1296 2815 1350 2880 97.
