<?xml version="1.0" encoding="UTF-8"?>
<!DOCTYPE html PUBLIC "-//W3C//DTD XHTML 1.0 Transitional//EN"
    "http://www.w3.org/TR/xhtml1/DTD/xhtml1-transitional.dtd">
<html xmlns="http://www.w3.org/1999/xhtml" xml:lang="en" lang="en">
 <head>
  <title>
</title>
<meta http-equiv="Content-Type" content="text/html;charset=utf-8" />
  <meta name='ocr-system' content='tesseract 3.04.00' />
  <meta name='ocr-capabilities' content='ocr_page ocr_carea ocr_par ocr_line ocrx_word'/>
</head>
<body>
  <div class='ocr_page' id='page_1' title='image "./commentariusina00beelgoog/commentariusina00beelgoog_0408.png"; bbox 0 0 3074 5054; ppageno 0'>
   <div class='ocr_carea' id='block_1_1' title="bbox 464 420 1357 504">
    <p class='ocr_par' dir='ltr' id='par_1_1' title="bbox 464 420 1357 504">
     <span class='ocr_line' id='line_1_1' title="bbox 464 420 1357 504; baseline 0.004 -14"><span class='ocrx_word' id='word_1_1' title='bbox 464 421 604 490; x_wconf 82' lang='lat' dir='ltr'>CAPUT</span> <span class='ocrx_word' id='word_1_2' title='bbox 638 420 735 504; x_wconf 82' lang='lat' dir='ltr'><strong>xlv,</strong></span> <span class='ocrx_word' id='word_1_3' title='bbox 772 422 894 494; x_wconf 85' lang='lat' dir='ltr'>VERS.</span> <span class='ocrx_word' id='word_1_4' title='bbox 931 423 1077 492; x_wconf 73' lang='lat' dir='ltr'><strong>at-m.</strong></span> <span class='ocrx_word' id='word_1_5' title='bbox 1294 425 1357 494; x_wconf 72' lang='lat'><strong>571</strong></span> 
     </span>
    </p>
   </div>
   <div class='ocr_carea' id='block_1_2' title="bbox 176 611 1364 3304">
    <p class='ocr_par' dir='ltr' id='par_1_2' title="bbox 176 611 1364 3177">
     <span class='ocr_line' id='line_1_2' title="bbox 183 611 1357 706; baseline 0.003 -26"><span class='ocrx_word' id='word_1_6' title='bbox 183 636 390 706; x_wconf 76' lang='grc' dir='ltr'><strong>ροτονησαντες</strong></span> <span class='ocrx_word' id='word_1_7' title='bbox 406 612 605 702; x_wconf 72' lang='lat' dir='ltr'><strong>exprimitur,</strong></span> <span class='ocrx_word' id='word_1_8' title='bbox 620 611 819 681; x_wconf 93' lang='lat' dir='ltr'><strong>tribuendum</strong></span> <span class='ocrx_word' id='word_1_9' title='bbox 837 632 905 680; x_wconf 91' lang='lat' dir='ltr'><strong>esse</strong></span> <span class='ocrx_word' id='word_1_10' title='bbox 916 612 993 679; x_wconf 89' lang='lat' dir='ltr'><strong>solis</strong></span> <span class='ocrx_word' id='word_1_11' title='bbox 1007 611 1178 702; x_wconf 86' lang='lat' dir='ltr'><strong>Apostolis,</strong></span> <span class='ocrx_word' id='word_1_12' title='bbox 1193 633 1250 682; x_wconf 93' lang='lat' dir='ltr'><strong>nec</strong></span> <span class='ocrx_word' id='word_1_13' title='bbox 1262 613 1357 684; x_wconf 91' lang='lat' dir='ltr'><strong>ullam</strong></span> 
     </span>
     <span class='ocr_line' id='line_1_3' title="bbox 183 734 1360 826; baseline -0.002 -20"><span class='ocrx_word' id='word_1_14' title='bbox 183 738 243 806; x_wconf 85' lang='lat' dir='ltr'><strong>beri</strong></span> <span class='ocrx_word' id='word_1_15' title='bbox 260 738 451 806; x_wconf 82' lang='lat' dir='ltr'><strong>mentionem</strong></span> <span class='ocrx_word' id='word_1_16' title='bbox 466 737 699 821; x_wconf 76' lang='lat' dir='ltr'><strong>cnffroqiorum</strong></span> <span class='ocrx_word' id='word_1_17' title='bbox 715 736 843 826; x_wconf 95' lang='lat' dir='ltr'><strong>populi,</strong></span> <span class='ocrx_word' id='word_1_18' title='bbox 867 755 946 825; x_wconf 90' lang='lat' dir='ltr'><strong>quae</strong></span> <span class='ocrx_word' id='word_1_19' title='bbox 969 734 1127 804; x_wconf 81' lang='lat' dir='ltr'><strong>Calvinus¹</strong></span> <span class='ocrx_word' id='word_1_20' title='bbox 1153 735 1206 804; x_wconf 92' lang='lat' dir='ltr'><strong>hic</strong></span> <span class='ocrx_word' id='word_1_21' title='bbox 1228 737 1360 806; x_wconf 89' lang='lat' dir='ltr'><strong>commi-</strong></span> 
     </span>
     <span class='ocr_line' id='line_1_4' title="bbox 182 861 1361 952; baseline 0 -22"><span class='ocrx_word' id='word_1_22' title='bbox 182 863 320 931; x_wconf 85' lang='lat' dir='ltr'><strong>niscitur.</strong></span> <span class='ocrx_word' id='word_1_23' title='bbox 347 862 387 929; x_wconf 86' lang='lat' dir='ltr'><strong>Et</strong></span> <span class='ocrx_word' id='word_1_24' title='bbox 412 882 486 929; x_wconf 87' lang='lat' dir='ltr'><strong>vero</strong></span> <span class='ocrx_word' id='word_1_25' title='bbox 516 861 542 928; x_wconf 93' lang='lat' dir='ltr'><strong>si</strong></span> <span class='ocrx_word' id='word_1_26' title='bbox 567 862 749 930; x_wconf 88' lang='lat' dir='ltr'><strong>electionem</strong></span> <span class='ocrx_word' id='word_1_27' title='bbox 777 883 834 952; x_wconf 89' lang='lat' dir='ltr'><strong>per</strong></span> <span class='ocrx_word' id='word_1_28' title='bbox 861 864 1020 946; x_wconf 78' lang='lat' dir='ltr'><strong>suffroqio</strong></span> <span class='ocrx_word' id='word_1_29' title='bbox 1044 865 1157 948; x_wconf 75' lang='lat' dir='ltr'><strong>populi</strong></span> <span class='ocrx_word' id='word_1_30' title='bbox 1178 863 1279 931; x_wconf 90' lang='lat' dir='ltr'><strong>Lucas</strong></span> <span class='ocrx_word' id='word_1_31' title='bbox 1308 862 1361 930; x_wconf 92' lang='lat' dir='ltr'><strong>hic</strong></span> 
     </span>
     <span class='ocr_line' id='line_1_5' title="bbox 180 982 1360 1072; baseline 0.001 -21"><span class='ocrx_word' id='word_1_32' title='bbox 180 984 315 1052; x_wconf 88' lang='lat' dir='ltr'><strong>iudicare</strong></span> <span class='ocrx_word' id='word_1_33' title='bbox 338 983 504 1062; x_wconf 88' lang='lat' dir='ltr'><strong>voluisset,</strong></span> <span class='ocrx_word' id='word_1_34' title='bbox 522 983 583 1072; x_wconf 94' lang='lat' dir='ltr'><strong>ipsi</strong></span> <span class='ocrx_word' id='word_1_35' title='bbox 606 983 722 1072; x_wconf 94' lang='lat' dir='ltr'><strong>populo</strong></span> <span class='ocrx_word' id='word_1_36' title='bbox 750 1002 811 1050; x_wconf 93' lang='lat' dir='ltr'><strong>non</strong></span> <span class='ocrx_word' id='word_1_37' title='bbox 835 985 909 1051; x_wconf 82' lang='lat' dir='ltr'><strong>vero</strong></span> <span class='ocrx_word' id='word_1_38' title='bbox 931 983 1028 1050; x_wconf 91' lang='lat' dir='ltr'><strong>Paulo</strong></span> <span class='ocrx_word' id='word_1_39' title='bbox 1050 993 1080 1050; x_wconf 91' lang='lat' dir='ltr'><strong>et</strong></span> <span class='ocrx_word' id='word_1_40' title='bbox 1101 982 1261 1051; x_wconf 91' lang='lat' dir='ltr'><strong>Barnabae</strong></span> <span class='ocrx_word' id='word_1_41' title='bbox 1283 983 1360 1052; x_wconf 95' lang='lat' dir='ltr'><strong>illud</strong></span> 
     </span>
     <span class='ocr_line' id='line_1_6' title="bbox 182 1105 1362 1198; baseline 0.003 -27"><span class='ocrx_word' id='word_1_42' title='bbox 182 1128 360 1198; x_wconf 77' lang='grc' dir='ltr'>χειροτονειν</span> <span class='ocrx_word' id='word_1_43' title='bbox 376 1106 554 1188; x_wconf 89' lang='lat' dir='ltr'><strong>tribuisset;</strong></span> <span class='ocrx_word' id='word_1_44' title='bbox 578 1105 841 1196; x_wconf 84' lang='lat' dir='ltr'><strong>quemadmodum</strong></span> <span class='ocrx_word' id='word_1_45' title='bbox 865 1126 960 1196; x_wconf 85' lang='lat' dir='ltr'><strong>supra</strong></span> <span class='ocrx_word' id='word_1_46' title='bbox 975 1105 1070 1197; x_wconf 86' lang='lat' dir='ltr'><strong>(Cap.</strong></span> <span class='ocrx_word' id='word_1_47' title='bbox 1090 1109 1133 1178; x_wconf 91' lang='lat' dir='ltr'><strong>Vl</strong></span> <span class='ocrx_word' id='word_1_48' title='bbox 1153 1131 1161 1175; x_wconf 75' lang='grc' dir='ltr'><strong>ε</strong></span> <span class='ocrx_word' id='word_1_49' title='bbox 1180 1111 1281 1195; x_wconf 55' lang='grc' dir='ltr'>ἳ-τθ)</span> <span class='ocrx_word' id='word_1_50' title='bbox 1297 1128 1362 1176; x_wconf 87' lang='lat' dir='ltr'><strong>rue·</strong></span> 
     </span>
     <span class='ocr_line' id='line_1_7' title="bbox 181 1228 1359 1321; baseline 0.001 -22"><span class='ocrx_word' id='word_1_51' title='bbox 181 1241 289 1313; x_wconf 91' lang='lat' dir='ltr'><strong>morat,</strong></span> <span class='ocrx_word' id='word_1_52' title='bbox 307 1240 426 1321; x_wconf 87' lang='lat' dir='ltr'><strong>septem</strong></span> <span class='ocrx_word' id='word_1_53' title='bbox 443 1231 527 1298; x_wconf 90' lang='lat' dir='ltr'><strong>viros</strong></span> <span class='ocrx_word' id='word_1_54' title='bbox 540 1229 578 1299; x_wconf 93' lang='lat' dir='ltr'><strong>ad</strong></span> <span class='ocrx_word' id='word_1_55' title='bbox 592 1229 728 1297; x_wconf 86' lang='lat' dir='ltr'><strong>officium</strong></span> <span class='ocrx_word' id='word_1_56' title='bbox 746 1228 940 1311; x_wconf 78' lang='lat' dir='ltr'><strong>diaconatus,</strong></span> <span class='ocrx_word' id='word_1_57' title='bbox 953 1229 1177 1319; x_wconf 77' lang='lat' dir='ltr'><strong>Apostolorum</strong></span> <span class='ocrx_word' id='word_1_58' title='bbox 1194 1251 1359 1313; x_wconf 89' lang='lat' dir='ltr'><strong>concessu,</strong></span> 
     </span>
     <span class='ocr_line' id='line_1_8' title="bbox 179 1352 1357 1445; baseline 0 -23"><span class='ocrx_word' id='word_1_59' title='bbox 179 1354 291 1424; x_wconf 89' lang='lat' dir='ltr'><strong>electos</strong></span> <span class='ocrx_word' id='word_1_60' title='bbox 307 1353 405 1422; x_wconf 88' lang='lat' dir='ltr'><strong>luisse</strong></span> <span class='ocrx_word' id='word_1_61' title='bbox 423 1373 442 1422; x_wconf 87' lang='lat' dir='ltr'><strong>a</strong></span> <span class='ocrx_word' id='word_1_62' title='bbox 461 1352 647 1421; x_wconf 86' lang='lat' dir='ltr'><strong>Christianis</strong></span> <span class='ocrx_word' id='word_1_63' title='bbox 664 1353 973 1441; x_wconf 70' lang='lat' dir='ltr'><strong>Hierosolymitanis,</strong></span> <span class='ocrx_word' id='word_1_64' title='bbox 992 1352 1107 1444; x_wconf 92' lang='lat' dir='ltr'><strong>quibus</strong></span> <span class='ocrx_word' id='word_1_65' title='bbox 1123 1354 1200 1423; x_wconf 86' lang='lat' dir='ltr'><strong>viris</strong></span> <span class='ocrx_word' id='word_1_66' title='bbox 1215 1353 1357 1445; x_wconf 80' lang='lat' dir='ltr'><strong>Apostoli</strong></span> 
     </span>
     <span class='ocr_line' id='line_1_9' title="bbox 178 1477 1361 1568; baseline 0 -21"><span class='ocrx_word' id='word_1_67' title='bbox 178 1477 290 1548; x_wconf 88' lang='lat' dir='ltr'><strong>deinde</strong></span> <span class='ocrx_word' id='word_1_68' title='bbox 319 1488 536 1547; x_wconf 83' lang='lat' dir='ltr'><strong>consecrantes</strong></span> <span class='ocrx_word' id='word_1_69' title='bbox 566 1496 638 1544; x_wconf 90' lang='lat' dir='ltr'><strong>suas</strong></span> <span class='ocrx_word' id='word_1_70' title='bbox 666 1495 776 1544; x_wconf 90' lang='lat' dir='ltr'><strong>manus</strong></span> <span class='ocrx_word' id='word_1_71' title='bbox 808 1477 1036 1564; x_wconf 90' lang='lat' dir='ltr'><strong>imposuerunt.</strong></span> <span class='ocrx_word' id='word_1_72' title='bbox 1066 1477 1159 1567; x_wconf 81' lang='lat' dir='ltr'><strong>Apud</strong></span> <span class='ocrx_word' id='word_1_73' title='bbox 1191 1479 1361 1568; x_wconf 85' lang='lat' dir='ltr'><strong>scriptores</strong></span> 
     </span>
     <span class='ocr_line' id='line_1_10' title="bbox 177 1599 1363 1693; baseline -0.001 -22"><span class='ocrx_word' id='word_1_74' title='bbox 177 1623 305 1692; x_wconf 80' lang='lat' dir='ltr'><strong>graccos</strong></span> <span class='ocrx_word' id='word_1_75' title='bbox 333 1601 480 1693; x_wconf 82' lang='lat' dir='ltr'><strong>profanos</strong></span> <span class='ocrx_word' id='word_1_76' title='bbox 502 1622 679 1692; x_wconf 79' lang='grc' dir='ltr'>χειροτονειν</span> <span class='ocrx_word' id='word_1_77' title='bbox 705 1599 831 1689; x_wconf 91' lang='lat' dir='ltr'><strong>quidem</strong></span> <span class='ocrx_word' id='word_1_78' title='bbox 854 1600 969 1668; x_wconf 84' lang='lat' dir='ltr'><strong>dicitur</strong></span> <span class='ocrx_word' id='word_1_79' title='bbox 990 1601 1029 1671; x_wconf 87' lang='lat' dir='ltr'><strong>dc</strong></span> <span class='ocrx_word' id='word_1_80' title='bbox 1052 1599 1203 1669; x_wconf 84' lang='lat' dir='ltr'><strong>electione</strong></span> <span class='ocrx_word' id='word_1_81' title='bbox 1227 1622 1307 1692; x_wconf 87' lang='lat' dir='ltr'><strong>quae</strong></span> <span class='ocrx_word' id='word_1_82' title='bbox 1328 1602 1363 1670; x_wconf 89' lang='lat' dir='ltr'><strong>tit</strong></span> 
     </span>
     <span class='ocr_line' id='line_1_11' title="bbox 178 1724 1363 1818; baseline -0.001 -23"><span class='ocrx_word' id='word_1_83' title='bbox 178 1727 339 1818; x_wconf 89' lang='lat' dir='ltr'><strong>apopulo</strong></span> <span class='ocrx_word' id='word_1_84' title='bbox 366 1728 512 1793; x_wconf 75' lang='lat' dir='ltr'><strong>monibus</strong></span> <span class='ocrx_word' id='word_1_85' title='bbox 538 1727 649 1804; x_wconf 76' lang='lat' dir='ltr'><strong>edotio,</strong></span> <span class='ocrx_word' id='word_1_86' title='bbox 674 1724 730 1793; x_wconf 92' lang='lat' dir='ltr'><strong>sed</strong></span> <span class='ocrx_word' id='word_1_87' title='bbox 754 1736 784 1793; x_wconf 88' lang='lat' dir='ltr'><strong>et</strong></span> <span class='ocrx_word' id='word_1_88' title='bbox 811 1726 996 1816; x_wconf 90' lang='lat' dir='ltr'><strong>simpliciter</strong></span> <span class='ocrx_word' id='word_1_89' title='bbox 1023 1747 1116 1817; x_wconf 87' lang='lat' dir='ltr'><strong>saepe</strong></span> <span class='ocrx_word' id='word_1_90' title='bbox 1140 1739 1223 1796; x_wconf 90' lang='lat' dir='ltr'><strong>notat</strong></span> <span class='ocrx_word' id='word_1_91' title='bbox 1250 1729 1363 1816; x_wconf 81' lang='lat' dir='ltr'><strong>ubsque</strong></span> 
     </span>
     <span class='ocr_line' id='line_1_12' title="bbox 176 1851 1361 1940; baseline 0.002 -24"><span class='ocrx_word' id='word_1_92' title='bbox 176 1851 344 1935; x_wconf 78' lang='lat' dir='ltr'><strong>suffroqc&#39;ia</strong></span> <span class='ocrx_word' id='word_1_93' title='bbox 370 1853 487 1934; x_wconf 84' lang='lat' dir='ltr'><strong>clipcre</strong></span> <span class='ocrx_word' id='word_1_94' title='bbox 519 1851 674 1935; x_wconf 82' lang='lat' dir='ltr'><strong>aliquem,</strong></span> <span class='ocrx_word' id='word_1_95' title='bbox 704 1870 833 1933; x_wconf 87' lang='lat' dir='ltr'><strong>creare,</strong></span> <span class='ocrx_word' id='word_1_96' title='bbox 864 1852 1067 1918; x_wconf 81' lang='lat' dir='ltr'><strong>constituere.</strong></span> <span class='ocrx_word' id='word_1_97' title='bbox 1105 1880 1118 1912; x_wconf 77' lang='grc' dir='ltr'>ι</span> <span class='ocrx_word' id='word_1_98' title='bbox 1146 1853 1361 1940; x_wconf 85' lang='lat' dir='ltr'><strong>Quamquam,</strong></span> 
     </span>
     <span class='ocr_line' id='line_1_13' title="bbox 181 1973 1363 2064; baseline 0.002 -24"><span class='ocrx_word' id='word_1_99' title='bbox 181 1975 279 2064; x_wconf 85' lang='lat' dir='ltr'><strong>inquit</strong></span> <span class='ocrx_word' id='word_1_100' title='bbox 305 1975 435 2044; x_wconf 87' lang='lat' dir='ltr'><strong>Grotius</strong></span> <span class='ocrx_word' id='word_1_101' title='bbox 462 1973 517 2064; x_wconf 93' lang='lat' dir='ltr'><strong>(de</strong></span> <span class='ocrx_word' id='word_1_102' title='bbox 541 1975 657 2063; x_wconf 83' lang='lat' dir='ltr'><strong>Imper.</strong></span> <span class='ocrx_word' id='word_1_103' title='bbox 684 1993 800 2042; x_wconf 93' lang='lat' dir='ltr'><strong>summ.</strong></span> <span class='ocrx_word' id='word_1_104' title='bbox 827 1976 943 2042; x_wconf 88' lang='lat' dir='ltr'><strong>Potest.</strong></span> <span class='ocrx_word' id='word_1_105' title='bbox 966 1974 1049 2063; x_wconf 91' lang='lat' dir='ltr'><strong>apud</strong></span> <span class='ocrx_word' id='word_1_106' title='bbox 1073 1973 1174 2043; x_wconf 89' lang='lat' dir='ltr'><strong>Woll.</strong></span> <span class='ocrx_word' id='word_1_107' title='bbox 1200 1974 1238 2043; x_wconf 92' lang='lat' dir='ltr'><strong>ad</strong></span> <span class='ocrx_word' id='word_1_108' title='bbox 1264 1974 1298 2044; x_wconf 92' lang='lat' dir='ltr'><strong>b.</strong></span> <span class='ocrx_word' id='word_1_109' title='bbox 1321 1973 1363 2063; x_wconf 88' lang='lat' dir='ltr'><strong>l.)</strong></span> 
     </span>
     <span class='ocr_line' id='line_1_14' title="bbox 180 2096 1360 2190; baseline 0.002 -28"><span class='ocrx_word' id='word_1_110' title='bbox 180 2096 210 2164; x_wconf 93' lang='lat' dir='ltr'><strong>in</strong></span> <span class='ocrx_word' id='word_1_111' title='bbox 222 2097 353 2167; x_wconf 86' lang='lat' dir='ltr'><strong>Graecis</strong></span> <span class='ocrx_word' id='word_1_112' title='bbox 369 2097 546 2166; x_wconf 91' lang='lat' dir='ltr'><strong>civitatibus</strong></span> <span class='ocrx_word' id='word_1_113' title='bbox 562 2119 731 2190; x_wconf 78' lang='grc' dir='ltr'>χειροτονια</span> <span class='ocrx_word' id='word_1_114' title='bbox 746 2096 785 2164; x_wconf 95' lang='lat' dir='ltr'><strong>de</strong></span> <span class='ocrx_word' id='word_1_115' title='bbox 798 2096 946 2164; x_wconf 91' lang='lat' dir='ltr'><strong>comitiali</strong></span> <span class='ocrx_word' id='word_1_116' title='bbox 963 2096 1114 2164; x_wconf 88' lang='lat' dir='ltr'><strong>electione</strong></span> <span class='ocrx_word' id='word_1_117' title='bbox 1129 2097 1190 2165; x_wconf 90' lang='lat' dir='ltr'><strong>dici</strong></span> <span class='ocrx_word' id='word_1_118' title='bbox 1207 2098 1360 2188; x_wconf 88' lang='lat' dir='ltr'><strong>coeperit,</strong></span> 
     </span>
     <span class='ocr_line' id='line_1_15' title="bbox 181 2218 1361 2310; baseline -0.001 -23"><span class='ocrx_word' id='word_1_119' title='bbox 181 2232 297 2288; x_wconf 88' lang='lat' dir='ltr'><strong>certum</strong></span> <span class='ocrx_word' id='word_1_120' title='bbox 322 2231 424 2287; x_wconf 90' lang='lat' dir='ltr'><strong>tamen</strong></span> <span class='ocrx_word' id='word_1_121' title='bbox 447 2231 511 2302; x_wconf 89' lang='lat' dir='ltr'><strong>est,</strong></span> <span class='ocrx_word' id='word_1_122' title='bbox 528 2240 589 2289; x_wconf 91' lang='lat' dir='ltr'><strong>usu</strong></span> <span class='ocrx_word' id='word_1_123' title='bbox 605 2219 740 2300; x_wconf 83' lang='lat' dir='ltr'><strong>arbitro,</strong></span> <span class='ocrx_word' id='word_1_124' title='bbox 758 2220 798 2288; x_wconf 87' lang='lat' dir='ltr'><strong>ad</strong></span> <span class='ocrx_word' id='word_1_125' title='bbox 820 2219 947 2310; x_wconf 86' lang='lat' dir='ltr'><strong>quaevis</strong></span> <span class='ocrx_word' id='word_1_126' title='bbox 970 2218 1131 2286; x_wconf 82' lang='lat' dir='ltr'><strong>electionis</strong></span> <span class='ocrx_word' id='word_1_127' title='bbox 1154 2238 1266 2307; x_wconf 82' lang='lat' dir='ltr'><strong>genera</strong></span> <span class='ocrx_word' id='word_1_128' title='bbox 1286 2240 1361 2310; x_wconf 92' lang='lat' dir='ltr'><strong>por·</strong></span> 
     </span>
     <span class='ocr_line' id='line_1_16' title="bbox 183 2342 1362 2434; baseline 0 -22"><span class='ocrx_word' id='word_1_129' title='bbox 183 2357 292 2415; x_wconf 87' lang='lat' dir='ltr'><strong>rectam</strong></span> <span class='ocrx_word' id='word_1_130' title='bbox 319 2365 439 2413; x_wconf 88' lang='lat' dir='ltr'><strong>vocem.</strong></span> <span class='ocrx_word' id='word_1_131' title='bbox 458 2346 503 2412; x_wconf 93' lang='lat' dir='ltr'><strong>lta</strong></span> <span class='ocrx_word' id='word_1_132' title='bbox 526 2346 688 2434; x_wconf 81' lang='lat' dir='ltr'><strong>Appianus</strong></span> <span class='ocrx_word' id='word_1_133' title='bbox 709 2344 748 2412; x_wconf 87' lang='lat' dir='ltr'><strong>ad</strong></span> <span class='ocrx_word' id='word_1_134' title='bbox 768 2342 987 2432; x_wconf 79' lang='lat' dir='ltr'><strong>significandas</strong></span> <span class='ocrx_word' id='word_1_135' title='bbox 1009 2344 1176 2412; x_wconf 79' lang='lat' dir='ltr'><strong>electiones</strong></span> <span class='ocrx_word' id='word_1_136' title='bbox 1200 2345 1362 2432; x_wconf 83' lang='lat' dir='ltr'><strong>Magistra-</strong></span> 
     </span>
     <span class='ocr_line' id='line_1_17' title="bbox 182 2467 1361 2558; baseline 0.001 -22"><span class='ocrx_word' id='word_1_137' title='bbox 182 2481 265 2538; x_wconf 93' lang='lat' dir='ltr'><strong>tuum</strong></span> <span class='ocrx_word' id='word_1_138' title='bbox 292 2491 310 2538; x_wconf 92' lang='lat' dir='ltr'><strong>a</strong></span> <span class='ocrx_word' id='word_1_139' title='bbox 338 2468 522 2538; x_wconf 81' lang='lat' dir='ltr'><strong>Caesaribus</strong></span> <span class='ocrx_word' id='word_1_140' title='bbox 549 2467 644 2538; x_wconf 89' lang='lat' dir='ltr'><strong>lactas</strong></span> <span class='ocrx_word' id='word_1_141' title='bbox 675 2489 737 2536; x_wconf 93' lang='lat' dir='ltr'><strong>nou</strong></span> <span class='ocrx_word' id='word_1_142' title='bbox 764 2468 824 2535; x_wconf 89' lang='lat' dir='ltr'><strong>alia</strong></span> <span class='ocrx_word' id='word_1_143' title='bbox 858 2469 955 2537; x_wconf 91' lang='lat' dir='ltr'><strong>utitur</strong></span> <span class='ocrx_word' id='word_1_144' title='bbox 988 2489 1083 2548; x_wconf 92' lang='lat' dir='ltr'><strong>voce;</strong></span> <span class='ocrx_word' id='word_1_145' title='bbox 1115 2481 1144 2536; x_wconf 89' lang='lat' dir='ltr'><strong>et</strong></span> <span class='ocrx_word' id='word_1_146' title='bbox 1172 2468 1361 2558; x_wconf 89' lang='lat' dir='ltr'><strong>posteriores</strong></span> 
     </span>
     <span class='ocr_line' id='line_1_18' title="bbox 183 2592 1359 2686; baseline -0.001 -26"><span class='ocrx_word' id='word_1_147' title='bbox 183 2593 328 2662; x_wconf 90' lang='lat' dir='ltr'><strong>Historici</strong></span> <span class='ocrx_word' id='word_1_148' title='bbox 358 2592 439 2661; x_wconf 90' lang='lat' dir='ltr'><strong>lilios</strong></span> <span class='ocrx_word' id='word_1_149' title='bbox 472 2593 579 2661; x_wconf 90' lang='lat' dir='ltr'><strong>dicunt</strong></span> <span class='ocrx_word' id='word_1_150' title='bbox 610 2613 627 2661; x_wconf 91' lang='lat' dir='ltr'><strong>a</strong></span> <span class='ocrx_word' id='word_1_151' title='bbox 655 2592 800 2661; x_wconf 89' lang='lat' dir='ltr'><strong>Patribus</strong></span> <span class='ocrx_word' id='word_1_152' title='bbox 828 2592 1070 2682; x_wconf 87' lang='lat' dir='ltr'><strong>imperatoribus</strong></span> <span class='ocrx_word' id='word_1_153' title='bbox 1105 2593 1359 2686; x_wconf 78' lang='grc' dir='ltr'><strong>χειροτονηθηναι.</strong></span> 
     </span>
     <span class='ocr_line' id='line_1_19' title="bbox 183 2715 1354 2811; baseline -0.005 -27"><span class='ocrx_word' id='word_1_154' title='bbox 183 2717 302 2785; x_wconf 82' lang='lat' dir='ltr'><strong>Philoni</strong></span> <span class='ocrx_word' id='word_1_155' title='bbox 327 2720 432 2786; x_wconf 81' lang='lat' dir='ltr'><strong>Moses</strong></span> <span class='ocrx_word' id='word_1_156' title='bbox 455 2720 524 2785; x_wconf 80' lang='lat' dir='ltr'><strong>Rex</strong></span> <span class='ocrx_word' id='word_1_157' title='bbox 540 2729 570 2784; x_wconf 84' lang='lat' dir='ltr'><strong>et</strong></span> <span class='ocrx_word' id='word_1_158' title='bbox 586 2717 758 2806; x_wconf 79' lang='lat' dir='ltr'><strong>Legislatot‘</strong></span> <span class='ocrx_word' id='word_1_159' title='bbox 776 2717 891 2785; x_wconf 80' lang='lat' dir='ltr'><strong>dieitur</strong></span> <span class='ocrx_word' id='word_1_160' title='bbox 908 2718 966 2781; x_wconf 82' lang='grc' dir='ltr'><strong>ὑπο</strong></span> <span class='ocrx_word' id='word_1_161' title='bbox 991 2715 1072 2783; x_wconf 82' lang='grc' dir='ltr'>Θεου</span> <span class='ocrx_word' id='word_1_162' title='bbox 1096 2717 1321 2811; x_wconf 81' lang='grc' dir='ltr'><strong>χειροτονηθεις.</strong></span> <span class='ocrx_word' id='word_1_163' title='bbox 1340 2747 1354 2778; x_wconf 72' lang='grc' dir='ltr'>ι</span> 
     </span>
     <span class='ocr_line' id='line_1_20' title="bbox 183 2838 1362 2931; baseline 0.003 -25"><span class='ocrx_word' id='word_1_164' title='bbox 183 2841 287 2931; x_wconf 89' lang='lat' dir='ltr'><strong>Neque</strong></span> <span class='ocrx_word' id='word_1_165' title='bbox 314 2842 375 2908; x_wconf 94' lang='lat' dir='ltr'><strong>alio</strong></span> <span class='ocrx_word' id='word_1_166' title='bbox 402 2861 496 2908; x_wconf 87' lang='lat' dir='ltr'><strong>sensu</strong></span> <span class='ocrx_word' id='word_1_167' title='bbox 524 2842 592 2930; x_wconf 90' lang='lat' dir='ltr'><strong>ipse</strong></span> <span class='ocrx_word' id='word_1_168' title='bbox 619 2843 720 2908; x_wconf 90' lang='lat' dir='ltr'><strong>Lucas</strong></span> <span class='ocrx_word' id='word_1_169' title='bbox 747 2861 843 2930; x_wconf 92' lang='lat' dir='ltr'><strong>supra</strong></span> <span class='ocrx_word' id='word_1_170' title='bbox 865 2840 959 2930; x_wconf 88' lang='lat' dir='ltr'><strong>(Cap.</strong></span> <span class='ocrx_word' id='word_1_171' title='bbox 984 2842 1017 2908; x_wconf 93' lang='lat' dir='ltr'>X</span> <span class='ocrx_word' id='word_1_172' title='bbox 1043 2868 1051 2905; x_wconf 77' lang='lat' dir='ltr'><strong><em>z</em></strong></span> <span class='ocrx_word' id='word_1_173' title='bbox 1078 2838 1137 2926; x_wconf 82' lang='lat' dir='ltr'><strong>lt)</strong></span> <span class='ocrx_word' id='word_1_174' title='bbox 1162 2861 1229 2909; x_wconf 88' lang='lat' dir='ltr'><strong>eam</strong></span> <span class='ocrx_word' id='word_1_175' title='bbox 1253 2862 1362 2911; x_wconf 91' lang='lat' dir='ltr'><strong>vocem</strong></span> 
     </span>
     <span class='ocr_line' id='line_1_21' title="bbox 185 2964 1364 3057; baseline 0.003 -27"><span class='ocrx_word' id='word_1_176' title='bbox 185 2966 352 3056; x_wconf 82' lang='lat' dir='ltr'><strong>usurparit.</strong></span> <span class='ocrx_word' id='word_1_177' title='bbox 383 2966 490 3054; x_wconf 89' lang='lat' dir='ltr'><strong>ltaque</strong></span> <span class='ocrx_word' id='word_1_178' title='bbox 517 2988 697 3057; x_wconf 79' lang='grc' dir='ltr'>χειροτονειν</span> <span class='ocrx_word' id='word_1_179' title='bbox 721 2964 781 3033; x_wconf 93' lang='lat' dir='ltr'><strong>boc</strong></span> <span class='ocrx_word' id='word_1_180' title='bbox 808 2966 878 3033; x_wconf 92' lang='lat' dir='ltr'><strong>loco</strong></span> <span class='ocrx_word' id='word_1_181' title='bbox 901 2965 981 3033; x_wconf 87' lang='lat' dir='ltr'><strong>valet</strong></span> <span class='ocrx_word' id='word_1_182' title='bbox 1005 2968 1135 3052; x_wconf 81' lang='lat' dir='ltr'><strong>eliqere,</strong></span> <span class='ocrx_word' id='word_1_183' title='bbox 1162 2989 1290 3051; x_wconf 83' lang='lat' dir='ltr'><strong>oreore,</strong></span> <span class='ocrx_word' id='word_1_184' title='bbox 1314 2966 1364 3036; x_wconf 89' lang='lat' dir='ltr'><strong>vel</strong></span> 
     </span>
     <span class='ocr_line' id='line_1_22' title="bbox 185 3088 1361 3177; baseline 0.007 -26"><span class='ocrx_word' id='word_1_185' title='bbox 185 3092 385 3169; x_wconf 73' lang='lat' dir='ltr'><strong>constituere,</strong></span> <span class='ocrx_word' id='word_1_186' title='bbox 405 3108 497 3177; x_wconf 90' lang='lat' dir='ltr'><strong>quam</strong></span> <span class='ocrx_word' id='word_1_187' title='bbox 516 3099 702 3177; x_wconf 89' lang='lat' dir='ltr'><strong>postremam</strong></span> <span class='ocrx_word' id='word_1_188' title='bbox 719 3106 827 3155; x_wconf 89' lang='lat' dir='ltr'><strong>vocem</strong></span> <span class='ocrx_word' id='word_1_189' title='bbox 844 3089 1003 3177; x_wconf 90' lang='lat' dir='ltr'><strong>lnterpres</strong></span> <span class='ocrx_word' id='word_1_190' title='bbox 1019 3100 1124 3157; x_wconf 87' lang='lat' dir='ltr'><strong>noster</strong></span> <span class='ocrx_word' id='word_1_191' title='bbox 1140 3088 1192 3157; x_wconf 93' lang='lat' dir='ltr'><strong>hic</strong></span> <span class='ocrx_word' id='word_1_192' title='bbox 1207 3088 1361 3159; x_wconf 86' lang='lat' dir='ltr'><strong>adhibuit.</strong></span> 
     </span>
    </p>

    <p class='ocr_par' dir='ltr' id='par_1_3' title="bbox 225 3210 1363 3304">
     <span class='ocr_line' id='line_1_23' title="bbox 225 3210 1363 3304; baseline 0.004 -27"><span class='ocrx_word' id='word_1_193' title='bbox 225 3212 291 3278; x_wconf 88' lang='lat' dir='ltr'><strong>lam</strong></span> <span class='ocrx_word' id='word_1_194' title='bbox 315 3231 388 3278; x_wconf 89' lang='lat' dir='ltr'><strong>vero</strong></span> <span class='ocrx_word' id='word_1_195' title='bbox 407 3232 478 3278; x_wconf 93' lang='lat' dir='ltr'><strong>cnm</strong></span> <span class='ocrx_word' id='word_1_196' title='bbox 494 3234 682 3304; x_wconf 79' lang='grc' dir='ltr'>χειροτονιαν</span> <span class='ocrx_word' id='word_1_197' title='bbox 699 3210 781 3279; x_wconf 88' lang='lat' dir='ltr'><strong>banc</strong></span> <span class='ocrx_word' id='word_1_198' title='bbox 796 3211 1019 3278; x_wconf 90' lang='lat' dir='ltr'><strong>comitarentur</strong></span> <span class='ocrx_word' id='word_1_199' title='bbox 1035 3213 1194 3279; x_wconf 80' lang='lat' dir='ltr'><strong>ieiunium</strong></span> <span class='ocrx_word' id='word_1_200' title='bbox 1211 3225 1241 3280; x_wconf 88' lang='lat' dir='ltr'><strong>ct</strong></span> <span class='ocrx_word' id='word_1_201' title='bbox 1251 3236 1363 3299; x_wconf 78' lang='lat' dir='ltr'><strong>preces</strong></span> 
     </span>
    </p>
   </div>
   <div class='ocr_carea' id='block_1_3' title="bbox 184 3331 1363 3673">
    <p class='ocr_par' dir='ltr' id='par_1_4' title="bbox 184 3331 1363 3673">
     <span class='ocr_line' id='line_1_24' title="bbox 185 3331 1362 3427; baseline 0.007 -29"><span class='ocrx_word' id='word_1_202' title='bbox 185 3331 435 3427; x_wconf 82' lang='grc' dir='ltr'>(προσευξαμενοι</span> <span class='ocrx_word' id='word_1_203' title='bbox 453 3358 530 3422; x_wconf 83' lang='grc' dir='ltr'>μετα</span> <span class='ocrx_word' id='word_1_204' title='bbox 546 3333 713 3417; x_wconf 74' lang='lat' dir='ltr'><strong>onoratur),</strong></span> <span class='ocrx_word' id='word_1_205' title='bbox 735 3331 877 3402; x_wconf 83' lang='lat' dir='ltr'><strong>dubitare</strong></span> <span class='ocrx_word' id='word_1_206' title='bbox 890 3354 951 3400; x_wconf 87' lang='lat' dir='ltr'><strong>uon</strong></span> <span class='ocrx_word' id='word_1_207' title='bbox 969 3354 1147 3424; x_wconf 77' lang='lat' dir='ltr'><strong>possumne,</strong></span> <span class='ocrx_word' id='word_1_208' title='bbox 1161 3339 1187 3403; x_wconf 90' lang='lat' dir='ltr'><strong>si</strong></span> <span class='ocrx_word' id='word_1_209' title='bbox 1203 3337 1241 3405; x_wconf 90' lang='lat' dir='ltr'><strong>ad</strong></span> <span class='ocrx_word' id='word_1_210' title='bbox 1259 3336 1362 3406; x_wconf 80' lang='lat' dir='ltr'><strong>locum</strong></span> 
     </span>
     <span class='ocr_line' id='line_1_25' title="bbox 186 3456 1363 3550; baseline 0.005 -26"><span class='ocrx_word' id='word_1_211' title='bbox 186 3458 363 3544; x_wconf 92' lang='lat' dir='ltr'><strong>parallelum</strong></span> <span class='ocrx_word' id='word_1_212' title='bbox 384 3457 472 3549; x_wconf 88' lang='lat' dir='ltr'><strong>(Cap.</strong></span> <span class='ocrx_word' id='word_1_213' title='bbox 491 3459 571 3526; x_wconf 93' lang='lat' dir='ltr'><strong>Xlll</strong></span> <span class='ocrx_word' id='word_1_214' title='bbox 591 3477 598 3521; x_wconf 90' lang='lat'>:</span> <span class='ocrx_word' id='word_1_215' title='bbox 620 3461 651 3546; x_wconf 79' lang='lat'><strong>5)</strong></span> <span class='ocrx_word' id='word_1_216' title='bbox 672 3456 876 3535; x_wconf 89' lang='lat' dir='ltr'><strong>attendimus,</strong></span> <span class='ocrx_word' id='word_1_217' title='bbox 901 3457 976 3546; x_wconf 90' lang='lat' dir='ltr'><strong>quin</strong></span> <span class='ocrx_word' id='word_1_218' title='bbox 998 3479 1186 3549; x_wconf 79' lang='grc' dir='ltr'><strong>χειροτονια,</strong></span> <span class='ocrx_word' id='word_1_219' title='bbox 1210 3480 1289 3550; x_wconf 93' lang='lat' dir='ltr'><strong>quae</strong></span> <span class='ocrx_word' id='word_1_220' title='bbox 1309 3460 1363 3530; x_wconf 88' lang='lat' dir='ltr'><strong>bic</strong></span> 
     </span>
     <span class='ocr_line' id='line_1_26' title="bbox 184 3579 1361 3673; baseline 0.005 -25"><span class='ocrx_word' id='word_1_221' title='bbox 184 3579 309 3666; x_wconf 86' lang='lat' dir='ltr'><strong>dicitur,</strong></span> <span class='ocrx_word' id='word_1_222' title='bbox 324 3585 473 3653; x_wconf 91' lang='lat' dir='ltr'><strong>sumenda</strong></span> <span class='ocrx_word' id='word_1_223' title='bbox 496 3584 537 3651; x_wconf 89' lang='lat' dir='ltr'><strong>sit</strong></span> <span class='ocrx_word' id='word_1_224' title='bbox 560 3581 599 3649; x_wconf 94' lang='lat' dir='ltr'><strong>de</strong></span> <span class='ocrx_word' id='word_1_225' title='bbox 622 3583 850 3651; x_wconf 89' lang='lat' dir='ltr'><strong>consecratrice</strong></span> <span class='ocrx_word' id='word_1_226' title='bbox 874 3601 1020 3653; x_wconf 87' lang='lat' dir='ltr'><strong>manuum</strong></span> <span class='ocrx_word' id='word_1_227' title='bbox 1043 3582 1259 3673; x_wconf 89' lang='lat' dir='ltr'><strong>impositione,</strong></span> <span class='ocrx_word' id='word_1_228' title='bbox 1279 3583 1312 3654; x_wconf 90' lang='lat' dir='ltr'><strong>b.</strong></span> <span class='ocrx_word' id='word_1_229' title='bbox 1331 3606 1361 3654; x_wconf 89' lang='lat' dir='ltr'><strong>e.</strong></span> 
     </span>
    </p>
   </div>
   <div class='ocr_carea' id='block_1_4' title="bbox 184 3877 1365 4370">
    <p class='ocr_par' dir='ltr' id='par_1_5' title="bbox 184 3877 1365 4370">
     <span class='ocr_line' id='line_1_27' title="bbox 216 3877 1365 3948; baseline -0.002 -12"><span class='ocrx_word' id='word_1_230' title='bbox 216 3885 234 3948; x_wconf 83' lang='grc'><strong>1)</strong></span> <span class='ocrx_word' id='word_1_231' title='bbox 254 3885 370 3937; x_wconf 88' lang='lat' dir='ltr'><strong>institut.</strong></span> <span class='ocrx_word' id='word_1_232' title='bbox 393 3884 450 3936; x_wconf 90' lang='lat' dir='ltr'><strong>Lib.</strong></span> <span class='ocrx_word' id='word_1_233' title='bbox 475 3885 520 3938; x_wconf 83' lang='lat' dir='ltr'><strong>lx.</strong></span> <span class='ocrx_word' id='word_1_234' title='bbox 544 3883 573 3937; x_wconf 84' lang='lat' dir='ltr'><strong>C.</strong></span> <span class='ocrx_word' id='word_1_235' title='bbox 596 3885 620 3936; x_wconf 83' lang='lat'><strong>3.</strong></span> <span class='ocrx_word' id='word_1_236' title='bbox 645 3884 682 3936; x_wconf 90' lang='lat' dir='ltr'><strong>N⁰</strong></span> <span class='ocrx_word' id='word_1_237' title='bbox 706 3886 747 3936; x_wconf 82' lang='lat' dir='ltr'><strong>to.</strong></span> <span class='ocrx_word' id='word_1_238' title='bbox 795 3877 965 3932; x_wconf 86' lang='lat' dir='ltr'><strong>electionibus</strong></span> <span class='ocrx_word' id='word_1_239' title='bbox 980 3881 1050 3941; x_wconf 86' lang='lat' dir='ltr'><strong>erat,</strong></span> <span class='ocrx_word' id='word_1_240' title='bbox 1065 3877 1186 3931; x_wconf 90' lang='lat' dir='ltr'><strong>manibus</strong></span> <span class='ocrx_word' id='word_1_241' title='bbox 1196 3879 1305 3932; x_wconf 87' lang='lat' dir='ltr'><strong>sublatis</strong></span> <span class='ocrx_word' id='word_1_242' title='bbox 1314 3881 1365 3934; x_wconf 88' lang='lat' dir='ltr'><strong>de·</strong></span> 
     </span>
     <span class='ocr_line' id='line_1_28' title="bbox 186 3960 1364 4031; baseline -0.001 -14"><span class='ocrx_word' id='word_1_243' title='bbox 186 3963 271 4018; x_wconf 83' lang='lat' dir='ltr'><strong>llelert</strong></span> <span class='ocrx_word' id='word_1_244' title='bbox 283 3966 379 4029; x_wconf 77' lang='lat' dir='ltr'><strong>lucas,</strong></span> <span class='ocrx_word' id='word_1_245' title='bbox 398 3966 499 4031; x_wconf 83' lang='lat' dir='ltr'><strong>iuquit,</strong></span> <span class='ocrx_word' id='word_1_246' title='bbox 522 3966 678 4019; x_wconf 88' lang='lat' dir='ltr'><strong>constitutos</strong></span> <span class='ocrx_word' id='word_1_247' title='bbox 693 3979 749 4018; x_wconf 79' lang='lat' dir='ltr'><strong>esse</strong></span> <span class='ocrx_word' id='word_1_248' title='bbox 795 3961 918 4024; x_wconf 83' lang='lat' dir='ltr'><strong>clarabat,</strong></span> <span class='ocrx_word' id='word_1_249' title='bbox 930 3975 1009 4028; x_wconf 88' lang='lat' dir='ltr'><strong>quem</strong></span> <span class='ocrx_word' id='word_1_250' title='bbox 1021 3960 1117 4014; x_wconf 88' lang='lat' dir='ltr'><strong>habere</strong></span> <span class='ocrx_word' id='word_1_251' title='bbox 1127 3961 1248 4015; x_wconf 88' lang='lat' dir='ltr'><strong>vellet.—</strong></span> <span class='ocrx_word' id='word_1_252' title='bbox 1257 3962 1364 4016; x_wconf 85' lang='lat' dir='ltr'><strong>Calvino</strong></span> 
     </span>
     <span class='ocr_line' id='line_1_29' title="bbox 185 4046 1362 4115; baseline 0.001 -16"><span class='ocrx_word' id='word_1_253' title='bbox 185 4061 229 4113; x_wconf 88' lang='lat' dir='ltr'><strong>per</strong></span> <span class='ocrx_word' id='word_1_254' title='bbox 250 4050 371 4102; x_wconf 89' lang='lat' dir='ltr'><strong>ecclesias</strong></span> <span class='ocrx_word' id='word_1_255' title='bbox 395 4051 560 4115; x_wconf 87' lang='lat' dir='ltr'><strong>presbyteros</strong></span> <span class='ocrx_word' id='word_1_256' title='bbox 583 4063 598 4101; x_wconf 92' lang='lat' dir='ltr'><strong>a</strong></span> <span class='ocrx_word' id='word_1_257' title='bbox 620 4049 701 4103; x_wconf 86' lang='lat' dir='ltr'><strong>Paulo</strong></span> <span class='ocrx_word' id='word_1_258' title='bbox 723 4053 750 4102; x_wconf 89' lang='lat' dir='ltr'><strong>et</strong></span> <span class='ocrx_word' id='word_1_259' title='bbox 795 4047 939 4100; x_wconf 89' lang='lat' dir='ltr'><strong>concinunt</strong></span> <span class='ocrx_word' id='word_1_260' title='bbox 950 4048 1068 4099; x_wconf 89' lang='lat' dir='ltr'><strong>auctores</strong></span> <span class='ocrx_word' id='word_1_261' title='bbox 1082 4046 1209 4099; x_wconf 87' lang='lat' dir='ltr'><strong>versionis</strong></span> <span class='ocrx_word' id='word_1_262' title='bbox 1220 4047 1362 4100; x_wconf 88' lang='lat' dir='ltr'><strong>Bibliorum</strong></span> 
     </span>
     <span class='ocr_line' id='line_1_30' title="bbox 184 4127 1362 4205; baseline 0 -23"><span class='ocrx_word' id='word_1_263' title='bbox 184 4129 317 4194; x_wconf 90' lang='lat' dir='ltr'><strong>Barnaba;</strong></span> <span class='ocrx_word' id='word_1_264' title='bbox 347 4132 392 4184; x_wconf 90' lang='lat' dir='ltr'><strong>sed</strong></span> <span class='ocrx_word' id='word_1_265' title='bbox 421 4133 548 4184; x_wconf 90' lang='lat' dir='ltr'><strong>rationem</strong></span> <span class='ocrx_word' id='word_1_266' title='bbox 573 4131 614 4183; x_wconf 88' lang='lat' dir='ltr'><strong>vel</strong></span> <span class='ocrx_word' id='word_1_267' title='bbox 643 4131 749 4184; x_wconf 86' lang='lat' dir='ltr'><strong>modurn</strong></span> <span class='ocrx_word' id='word_1_268' title='bbox 795 4128 913 4194; x_wconf 81' lang='lat' dir='ltr'><strong>Belgicae</strong></span> <span class='ocrx_word' id='word_1_269' title='bbox 935 4128 1024 4194; x_wconf 83' lang='lat' dir='ltr'><strong>(vulgo</strong></span> <span class='ocrx_word' id='word_1_270' title='bbox 1041 4129 1072 4180; x_wconf 87' lang='lat' dir='ltr'><strong>dc</strong></span> <span class='ocrx_word' id='word_1_271' title='bbox 1087 4127 1293 4205; x_wconf 73' lang='lat' dir='ltr'><strong>Statori-dqbcl),</strong></span> <span class='ocrx_word' id='word_1_272' title='bbox 1316 4130 1362 4196; x_wconf 93' lang='lat' dir='ltr'><strong>qui</strong></span> 
     </span>
     <span class='ocr_line' id='line_1_31' title="bbox 185 4209 1365 4280; baseline 0.002 -18"><span class='ocrx_word' id='word_1_273' title='bbox 185 4215 258 4266; x_wconf 82' lang='lat' dir='ltr'><strong>simul</strong></span> <span class='ocrx_word' id='word_1_274' title='bbox 271 4216 354 4277; x_wconf 79' lang='lat' dir='ltr'><strong>notai,</strong></span> <span class='ocrx_word' id='word_1_275' title='bbox 367 4227 450 4280; x_wconf 92' lang='lat' dir='ltr'><strong>quum</strong></span> <span class='ocrx_word' id='word_1_276' title='bbox 461 4213 537 4276; x_wconf 82' lang='lat' dir='ltr'><strong>dixit,</strong></span> <span class='ocrx_word' id='word_1_277' title='bbox 551 4213 648 4266; x_wconf 85' lang='lat' dir='ltr'><strong>laetum</strong></span> <span class='ocrx_word' id='word_1_278' title='bbox 659 4214 685 4265; x_wconf 94' lang='lat' dir='ltr'><strong>id</strong></span> <span class='ocrx_word' id='word_1_279' title='bbox 693 4228 749 4265; x_wconf 86' lang='lat' dir='ltr'><strong>esse</strong></span> <span class='ocrx_word' id='word_1_280' title='bbox 796 4213 959 4275; x_wconf 83' lang='lat' dir='ltr'><strong>praesentem</strong></span> <span class='ocrx_word' id='word_1_281' title='bbox 979 4209 1064 4262; x_wconf 81' lang='lat' dir='ltr'><strong>Lucae</strong></span> <span class='ocrx_word' id='word_1_282' title='bbox 1079 4209 1167 4262; x_wconf 83' lang='lat' dir='ltr'><strong>locum</strong></span> <span class='ocrx_word' id='word_1_283' title='bbox 1184 4211 1221 4263; x_wconf 82' lang='lat' dir='ltr'><strong>sic</strong></span> <span class='ocrx_word' id='word_1_284' title='bbox 1243 4210 1365 4264; x_wconf 78' lang='lat' dir='ltr'><strong>reddide-</strong></span> 
     </span>
     <span class='ocr_line' id='line_1_32' title="bbox 184 4278 1363 4370; baseline 0.002 -26"><span class='ocrx_word' id='word_1_285' title='bbox 184 4294 313 4360; x_wconf 82' lang='lat' dir='ltr'><strong>suffragiis</strong></span> <span class='ocrx_word' id='word_1_286' title='bbox 324 4310 330 4346; x_wconf 92' lang='lat'><strong>:</strong></span> <span class='ocrx_word' id='word_1_287' title='bbox 341 4303 602 4370; x_wconf 81' lang='grc' dir='ltr'>χειροτονησαντες</span> <span class='ocrx_word' id='word_1_288' title='bbox 618 4278 750 4370; x_wconf 84' lang='grc' dir='ltr'>πρεσβυ-</span> <span class='ocrx_word' id='word_1_289' title='bbox 794 4292 968 4345; x_wconf 79' lang='lat' dir='ltr'><strong>rnnt21dnde</strong></span> <span class='ocrx_word' id='word_1_290' title='bbox 985 4294 1027 4345; x_wconf 84' lang='lat' dir='ltr'><strong>als</strong></span> <span class='ocrx_word' id='word_1_291' title='bbox 1044 4307 1077 4358; x_wconf 76' lang='lat' dir='ltr'><strong>ay</strong></span> <span class='ocrx_word' id='word_1_292' title='bbox 1094 4293 1162 4345; x_wconf 77' lang='lat' dir='ltr'><strong>decr</strong></span> <span class='ocrx_word' id='word_1_293' title='bbox 1177 4295 1207 4346; x_wconf 85' lang='lat' dir='ltr'><strong>in</strong></span> <span class='ocrx_word' id='word_1_294' title='bbox 1226 4293 1295 4346; x_wconf 79' lang='lat' dir='ltr'><strong>ciclo</strong></span> <span class='ocrx_word' id='word_1_295' title='bbox 1312 4295 1363 4347; x_wconf 86' lang='lat' dir='ltr'><strong>Ga-</strong></span> 
     </span>
    </p>
   </div>
   <div class='ocr_carea' id='block_1_5' title="bbox 184 4381 1363 4540">
    <p class='ocr_par' dir='ltr' id='par_1_6' title="bbox 184 4381 1363 4540">
     <span class='ocr_line' id='line_1_33' title="bbox 184 4381 1363 4462; baseline 0.003 -29"><span class='ocrx_word' id='word_1_296' title='bbox 184 4392 294 4462; x_wconf 81' lang='grc' dir='ltr'><strong>τερους.</strong></span> <span class='ocrx_word' id='word_1_297' title='bbox 313 4385 443 4439; x_wconf 83' lang='lat' dir='ltr'><strong>creabant</strong></span> <span class='ocrx_word' id='word_1_298' title='bbox 461 4401 523 4452; x_wconf 82' lang='lat' dir='ltr'><strong>ergo</strong></span> <span class='ocrx_word' id='word_1_299' title='bbox 546 4386 596 4454; x_wconf 89' lang='lat' dir='ltr'><strong>ipsi</strong></span> <span class='ocrx_word' id='word_1_300' title='bbox 617 4387 682 4450; x_wconf 92' lang='lat' dir='ltr'><strong>duo;</strong></span> <span class='ocrx_word' id='word_1_301' title='bbox 704 4385 749 4438; x_wconf 83' lang='lat' dir='ltr'><strong>sed</strong></span> <span class='ocrx_word' id='word_1_302' title='bbox 793 4387 895 4444; x_wconf 73' lang='lat' dir='ltr'><strong>meanto</strong></span> <span class='ocrx_word' id='word_1_303' title='bbox 925 4388 977 4434; x_wconf 85' lang='lat' dir='ltr'><strong>met</strong></span> <span class='ocrx_word' id='word_1_304' title='bbox 1004 4381 1156 4447; x_wconf 77' lang='lat' dir='ltr'><strong>opctceoltcn</strong></span> <span class='ocrx_word' id='word_1_305' title='bbox 1183 4383 1232 4435; x_wconf 84' lang='lat' dir='ltr'><strong>dor</strong></span> <span class='ocrx_word' id='word_1_306' title='bbox 1257 4384 1363 4437; x_wconf 75' lang='lat' dir='ltr'><strong>handen</strong></span> 
     </span>
     <span class='ocr_line' id='line_1_34' title="bbox 184 4468 1361 4540; baseline 0.006 -20"><span class='ocrx_word' id='word_1_307' title='bbox 184 4469 235 4521; x_wconf 83' lang='lat' dir='ltr'><strong>tota</strong></span> <span class='ocrx_word' id='word_1_308' title='bbox 255 4469 410 4533; x_wconf 88' lang='lat' dir='ltr'><strong>multitudo,</strong></span> <span class='ocrx_word' id='word_1_309' title='bbox 428 4473 459 4522; x_wconf 89' lang='lat' dir='ltr'><strong>ut</strong></span> <span class='ocrx_word' id='word_1_310' title='bbox 475 4483 531 4523; x_wconf 87' lang='lat' dir='ltr'><strong>mos</strong></span> <span class='ocrx_word' id='word_1_311' title='bbox 548 4468 704 4524; x_wconf 85' lang='lat' dir='ltr'><strong>Graecorum</strong></span> <span class='ocrx_word' id='word_1_312' title='bbox 722 4471 749 4522; x_wconf 93' lang='lat' dir='ltr'><strong>in</strong></span> <span class='ocrx_word' id='word_1_313' title='bbox 797 4473 975 4540; x_wconf 78' lang='lat' dir='ltr'><strong>Oodorlinpco</strong></span> <span class='ocrx_word' id='word_1_314' title='bbox 999 4472 1145 4527; x_wconf 82' lang='lat' dir='ltr'><strong>verboorcn</strong></span> <span class='ocrx_word' id='word_1_315' title='bbox 1170 4474 1292 4540; x_wconf 79' lang='lat' dir='ltr'><strong>duddan,</strong></span> <span class='ocrx_word' id='word_1_316' title='bbox 1311 4479 1361 4529; x_wconf 88' lang='lat' dir='ltr'><strong>cet.</strong></span> 
     </span>
    </p>
   </div>
   <div class='ocr_carea' id='block_1_6' title="bbox 0 0 1545 5054">
    <p class='ocr_par' dir='ltr' id='par_1_7' title="bbox 0 0 1545 5054">
     <span class='ocr_line' id='line_1_35' title="bbox 0 0 1545 5054; baseline 0 0"><span class='ocrx_word' id='word_1_317' title='bbox 0 0 1545 5054; x_wconf 95' lang='lat' dir='ltr'><strong> </strong></span> 
     </span>
    </p>
   </div>
  </div>
 </body>
</html>
