3074 5054
187 365 251 435 toa
533 365 670 432 ACTUS
706 363 1044 448 Apostolorum,

229 557 263 621 d.
290 556 394 634 Punic,
428 554 600 622 secundum
631 555 771 624 divinum
804 568 1005 646 praeceptum
1037 562 1100 650 (xe.
1136 564 1187 651 5),
1221 583 1367 650 egressus

184 677 338 770 (εξελθων)
366 701 405 747 ex
432 681 478 749 Ur
505 680 750 759 Chaldaeorum,
779 684 934 750 dubitavit
962 687 998 749 iu
1027 686 1171 753 Charon.
1205 688 1365 777 Indeque,

185 815 307 870 mortuo
332 813 419 891 patre
445 802 513 870 cius
541 803 663 885 Thare,
682 804 768 872 Deus
797 806 886 873 illum
910 809 1064 876 transtulit
1087 811 1117 877 iu
1142 822 1256 880 terram
1285 813 1368 881 hanc

164 925 322 1015 ¹(tertuum
340 920 522 1012 Chuuouu),
540 947 632 1016 quam
649 948 704 995 vos
720 950 803 997 nunc
819 929 967 998 incolitis.

228 1057 418 1147 Stephanum
437 1058 488 1126 hic
504 1059 605 1126 denuo
622 1061 772 1128 memoria
788 1061 909 1150 lapsum
926 1083 1006 1142 esse,
1033 1065 1195 1134 acatholici
1214 1067 1369 1156 iuterpre-

184 1189 231 1246 tes
250 1181 390 1248 nonnulli
413 1182 576 1249 affirmant.
602 1184 698 1263 Nam,
724 1185 887 1272 inquiunt,
912 1197 1001 1253 natus
1024 1198 1070 1253 est
1092 1187 1268 1270 Abraham,
1291 1209 1366 1255 cum

184 1305 276 1371 Pater
303 1305 370 1372 eius
393 1305 497 1373 Tharc
519 1327 634 1373 annum
656 1319 761 1395 ageret
783 1311 1045 1397 septuagesimum
1068 1310 1165 1400 (Gen.
1190 1314 1266 1380 Xl:
1293 1313 1365 1396 26),

183 1442 214 1495 et
228 1430 306 1496 uixit
328 1430 432 1498 Thone
455 1432 581 1499 omnino
603 1453 700 1500 annos
722 1432 874 1503 ducentos
898 1446 928 1502 et
950 1437 1089 1527 quinque
1105 1436 1196 1525 (ibid.
1217 1458 1264 1504 vs.
1284 1436 1363 1522 52);

184 1553 341 1622 Abraham
367 1567 487 1635 autem,
518 1577 590 1624 cum
618 1557 816 1646 egrederetur
837 1580 853 1626 e
873 1560 1032 1642 Charace,
1062 1574 1150 1628 natus
1174 1573 1239 1628 erat
1266 1582 1366 1629 annos

182 1680 373 1768 septuaginta
400 1681 537 1770 quinque
559 1682 652 1766 (Gen.
675 1683 739 1749 Xll
758 1708 767 1750 ε
786 1686 837 1768 d);
857 1684 1022 1753 conficitur
1049 1707 1135 1774 crgo,
1160 1685 1265 1753 Thare
1294 1699 1368 1775 post

183 1805 237 1872 lilii
255 1807 303 1873 sui
318 1827 365 1901 >ex
386 1807 527 1875 Charace
546 1828 724 1896 egressum,
743 1829 800 1897 per
822 1812 979 1897 sexaginta
999 1812 1128 1900 insuper
1149 1831 1246 1878 anuos
1271 1810 1364 1877 vitam

181 1929 378 2018 produxisse,
396 1945 426 1999 et
444 1944 683 2022 cousequenter,
700 1933 913 2002 Abrahamum
930 1956 947 2002 e
964 1935 1106 2003 Charane
1122 1936 1256 2004 exivisse
1273 1956 1366 2003 sexa-

180 2053 262 2140 ginta
279 2055 368 2122 annis
390 2067 463 2120 cute
485 2067 619 2122 mortem
641 2056 738 2144 patris
759 2057 820 2122 sui.
846 2056 942 2144 Atqui
961 2056 1138 2146 Stephanus
1155 2056 1243 2136 dicit,
1262 2055 1365 2124 Abra-

182 2178 307 2248 hamum
324 2181 396 2249 iude
411 2183 544 2250 exivisse
558 2194 630 2267 post
649 2193 784 2248 mortem
805 2182 930 2251 demum
951 2183 1060 2271 patris.
1081 2185 1177 2270 Ergo.

224 2305 274 2373 Ad
298 2304 375 2372 haec
400 2306 579 2395 reponimus
599 2306 742 2373 :nullam
765 2327 833 2373 esse
856 2305 1080 2386 obiectionem‚
1098 2306 1157 2373 nisi
1181 2316 1266 2373 certo
1290 2326 1366 2394 pro-

179 2427 281 2509 betur,
305 2428 517 2498 Ahrahamum
547 2431 646 2504 luisse¹
666 2429 770 2498 'lhare
799 2431 1056 2519 primogenitum,
1084 2441 1251 2518 natumque
1279 2449 1363 2496 anno

180 2553 276 2641 patrie
303 2555 542 2644 septuagesimo.
573 2557 614 2623 At
641 2575 715 2622 vero
743 2555 874 2622 multum
904 2555 1007 2636 abest,
1037 2566 1071 2621 ut
1098 2553 1159 2622 hcc
1186 2575 1244 2643 pro
1273 2565 1361 2621 certo

179 2677 271 2744 statui
295 2679 409 2766 possit-3
432 2678 516 2746 aliud
543 2680 625 2746 euim
650 2691 864 2767 argumentum
892 2679 931 2746 ad
955 2678 1015 2745 hoc
1039 2677 1232 2767 probandum
1253 2678 1360 2744 afferri

181 2802 305 2889 nequit,
331 2802 392 2868 nisi
417 2802 501 2890 quod
524 2802 684 2892 Scriptura
702 2803 800 2890 (Gen.
827 2804 874 2869 Xl
900 2826 908 2867 :
932 2805 993 2892 26)
1016 2801 1094 2869 dixit
1119 2828 1126 2867 :
1152 2805 1231 2867 vicit
1256 2802 1365 2866 Thcrc

178 2927 376 3007 septuaginta
398 2928 511 3005 cunia,
538 2937 567 2990 et
587 2929 700 3008 percute
726 2927 868 3004 Abram,
893 2937 923 2990 et
950 2927 1097 3008 Nuchor,
1117 2935 1146 2990 et
1171 2925 1285 3003 Aruu,·
1306 2922 1363 2990 uhi

179 3046 295 3115 Abram
319 3049 399 3116 inter
422 3049 503 3116 lilios
527 3051 628 3138 primo
652 3050 720 3117 loco
744 3050 881 3138 ponitur.
900 3049 994 3136 Atqui
1019 3049 1050 3114 in
1068 3047 1147 3115 libro
1166 3050 1179 3115 l
1195 3048 1363 3137 Paralipo-

180 3189 291 3238 menon
321 3173 407 3262 (Cap.
434 3172 555 3255 1:28)
583 3171 695 3258 legitur
722 3193 731 3233 ι
756 3173 842 3236 Filii
869 3181 975 3236 nutem
1003 3172 1181 3268 Abrohom,
1209 3171 1304 3236 Isooc
1333 3182 1364 3234 ct

178 3297 339 3379 Iomuhct5
367 3307 498 3363 attamen
526 3296 734 3363 certissimum
762 3306 808 3362 est
837 3295 1000 3361 lsmaiilem
1028 3297 1134 3362 lsaaco
1163 3293 1258 3361 luisse
1288 3305 1361 3361 natu

178 3421 341 3506 majorem.
360 3418 413 3486 Sic
429 3419 541 3485 iterum
558 3419 588 3484 in
607 3419 620 3484 l
637 3417 913 3506 Paralipomenon,
932 3416 1032 3505 capite
1055 3426 1165 3505 quarto
1181 3426 1210 3482 et
1227 3436 1363 3505 sequen·

178 3541 279 3622 tinus,
298 3542 438 3608 recensio
455 3541 611 3630 progeniei
635 3540 771 3607 liliorum
794 3539 898 3607 laccbi
920 3539 961 3606 ita
982 3539 1167 3619 instituitur,
1178 3548 1219 3639 ¹ut
1235 3537 1359 3604 initium

178 3664 308 3732 ducatur
331 3686 348 3732 a
375 3665 471 3746 luda,
496 3665 549 3753 qui
578 3675 678 3731 tamen
702 3664 810 3731 ordine
834 3663 980 3731 nascendi
1002 3663 1061 3730 luit
1090 3673 1230 3751 quartus.
1255 3663 1361 3749 Atque

177 3790 259 3857 idem
276 3789 442 3858 ohservare
459 3789 553 3857 estin
570 3788 621 3855 illa
638 3789 819 3855 recensione
835 3788 974 3855 tribuum
998 3787 1261 3866 lsraiiliticarum,
1280 3805 1361 3873 quae

176 3915 288 4002 legitur
311 3914 440 4004 Apocal.
468 3916 544 4002 Cap.
569 3913 630 3982 Vll
650 3937 658 3978 t
679 3915 780 3981 ii-tl,
798 3914 880 4000 Ergo
903 3911 987 4001 qood
1012 3912 1042 3977 in
1068 3911 1250 3978 recensione
1277 3909 1361 3978 filiu-

177 4058 245 4105 rum
270 4038 389 4120 Thura,
408 4039 510 4127 primo
535 4039 604 4105 loco
625 4037 783 4106 Abraham
808 4038 945 4126 ponitur,
963 4036 1035 4103 inde
1060 4048 1144 4103 certo
1166 4035 1279 4102 confici
1304 4056 1360 4102 ne-

175 4163 259 4251 quit,
282 4184 352 4230 eum
376 4163 471 4230 luisse
491 4163 757 4252 promogenitum,
781 4161 920 4249 adeoque
948 4171 1054 4228 uatum
1077 4178 1157 4226 anno
1186 4158 1284 4248 patris
1308 4160 1359 4225 sui

175 4287 412 4374 septuagesimo.
431 4287 538 4375 ltaque
561 4285 661 4375 potuit
676 4283 834 4352 Abraham
859 4293 948 4350 natus
972 4303 1041 4350 esse
1063 4302 1143 4349 auno
1159 4280 1263 4347 Thare
1284 4300 1360 4348 cen·

175 4410 284 4477 tesimc
307 4410 484 4498 trigesimo,
510 4422 544 4477 ut
566 4410 678 4498 legitur
699 4409 731 4474 in
756 4407 967 4476 Pentateucho
988 4408 1199 4486 Samaritan03
1218 4425 1282 4493 qno
1300 4425 1359 4493 po·
