3074 5054
488 371 627 440 CAPUT
661 373 745 452 XX,
782 372 905 442 VERS.
946 374 1089 442 rr-at.
1309 379 1373 446 487

198 565 300 632 Asiam
323 566 432 632 intravi
457 587 557 656 usqne
581 567 612 634 in
636 566 718 634 diem
741 566 832 633 hand
856 566 1017 635 vobiscum
1042 566 1173 649 luerim,
1197 572 1376 637 inserviens*

196 686 316 758 scilicet
339 685 512 780 (δουλευων)
528 690 664 758 Domino
684 689 735 779 (h.
759 710 788 756 e.
815 689 952 758 officium
974 691 1173 780 apostolatus
1197 692 1257 760 mei
1283 713 1372 760 exse·

195 814 307 905 quens)
334 817 403 884 sine
429 813 493 881 ullo
521 812 600 880 fastu
628 812 683 880 sed
708 835 780 880 oum
807 835 932 880 summu
955 815 1071 881 animi
1095 817 1251 881 modestia
1277 814 1371 903 (μετα

195 960 290 1014 ruem
306 958 591 1028 ταπεινοφροσυνης,
606 947 670 1002 met
688 936 771 1001 allen
789 934 972 1023 mogelijkon
989 937 1157 1024 ootnroed),
1176 957 1248 1005 cum
1265 939 1372 1007 multis

194 1062 352 1150 lacrymis,
366 1081 443 1150 quas
462 1059 537 1127 mihi
555 1059 769 1127 commovebat
780 1059 957 1128 sollicitudo
970 1080 1038 1127 mea
1051 1061 1242 1148 pastoralis,
1257 1072 1287 1129 et
1299 1082 1369 1130 cum

194 1185 297 1253 multis
323 1185 548 1269 afflictionibus
575 1196 605 1251 et
633 1185 888 1251 tribulationibus
915 1180 1154 1276 (norpaepud),
1184 1205 1264 1273 quae
1291 1186 1370 1254 mibi

192 1308 370 1376 acciderunt
394 1310 430 1373 iu
453 1309 579 1373 insidiis
604 1308 669 1372 illis
690 1314 731 1397 (εν
753 1330 819 1380 ταις
839 1303 1139 1395 saepedissimam
1162 1306 1267 1374 ludaei
1292 1308 1371 1376 vitae

192 1448 276 1495 meae
300 1428 446 1496 continuo
463 1426 633 1495 struebant.
659 1426 771 1507 Scitis,
791 1427 946 1516 quomodo
962 1426 1031 1516 (ὡς)
1048 1426 1126 1496 nibil
1142 1450 1269 1513 eorum,
1289 1451 1369 1514 quoe

190 1550 228 1618 ad
250 1551 381 1619 salutem
397 1562 530 1617 vestram
550 1554 730 1635 conferrent
750 1547 850 1641 (coiea
866 1574 926 1615 των
942 1552 1184 1644 συμφεροντων),
1203 1553 1367 1621 celaverim

189 1672 455 1765 (ὑπεστειλαμηνι)
471 1674 638 1762 quominus
655 1674 733 1742 illud
756 1675 844 1744 vobis
870 1676 1081 1764 praedicarem
1098 1667 1131 1743 'et
1147 1697 1203 1745 ros
1222 1677 1367 1745 docerem

190 1798 314 1887 publice
341 1810 435 1887 atque
457 1799 621 1888 priuatim3
650 1799 750 1881 scitis,
769 1799 925 1888 quomodo
951 1801 1082 1868 ludaeos
1110 1811 1202 1891 atque
1229 1802 1368 1869 Gentiles

188 1923 371 2006 obtestarer,
394 1934 428 1990 ιιι
451 1943 507 2012 por
529 1924 708 2014 superioris,
727 1924 806 1990 vitae
827 1927 1053 2009 poenitentium
1069 1929 1111 1991 od
1126 1928 1229 1993 Deum
1246 1924 1310 2007 (την
1327 1949 1368 2000 εις

187 2070 236 2112 ιον
265 2046 342 2113 Θεον
371 2049 545 2134 paruarum)
572 2069 606 2116 so
634 2058 865 2129 converterunt,
892 2060 923 2115 et
950 2048 1113 2117 crederent
1140 2049 1171 2115 in
1194 2049 1365 2116 Dominum

188 2184 327 2241 nostrum
347 2175 450 2241 lesum
467 2173 639 2241 Christum.

232 2402 379 2468 92-24·
405 2402 450 2468 Et
464 2421 550 2467 uano
566 2421 631 2466 ecce
648 2403 799 2485 relliquias
815 2422 869 2484 epo
886 2401 1021 2484 spiritu,
1041 2398 1127 2482 etc).
1142 2400 1249 2488 Pergit
1264 2401 1365 2490 Apos-

185 2647 348 2712 potissimum
377 2646 544 2707 intendebat,
574 2647 629 2712 ipso
663 2660 692 2698 se
724 2647 750 2696 in
796 2645 894 2697 multus
905 2646 1048 2709 lacrymas.
1060 2646 1091 2696 Et
1102 2644 1135 2696 ad
1148 2645 1220 2696 Rom.
1235 2642 1297 2709 Cap.
1313 2643 1362 2695 lX:

184 2729 335 2795 exemplum
347 2729 493 2794 proposito,
514 2732 684 2794 congregatos
700 2728 750 2780 ad·
797 2728 826 2790 b,
842 2728 866 2778 3.
884 2754 913 2765 -
932 2728 1052 2778 Tristitia
1070 2727 1135 2778 milti
1154 2740 1253 2793 mupoo
1270 2732 1321 2787 cst,
1340 2731 1363 2778 et

184 2809 294 2872 hortari,
309 2814 428 2877 utquam
447 2812 655 2863 constantissime
672 2815 751 2877 atque
797 2809 937 2861 coritiuuus
955 2809 1032 2860 dolor
1052 2810 1126 2860 cordi
1143 2823 1207 2860 meo.
1231 2810 1362 2874 Optabam

184 2894 351 2959 integerrime
362 2894 483 2960 pastorali
494 2907 541 2946 suo
557 2895 640 2946 officio
652 2893 750 2959 lunge·
796 2892 865 2942 euim
876 2905 922 2957 opo
935 2891 990 2956 ipsc
1005 2892 1147 2942 uuutbumu
1161 2906 1215 2943 usse
1225 2906 1244 2942 u
1258 2891 1363 2942 Cbristo

185 2980 284 3028 rentur.
796 2987 846 3037 pro
863 2975 994 3039 fratribus
1012 2975 1090 3035 rucis,
1111 2975 1157 3040 uui
1175 2980 1237 3025 suut
1257 2975 1364 3039 copnutr'

217 3059 236 3126 ¹)
254 3059 350 3112 Graeco
367 3064 406 3113 ost
424 3077 430 3112 :
448 3069 498 3109 τον
521 3067 621 3108 auara
642 3068 750 3135 χρονον
795 3055 846 3105 ruet
866 3056 1010 3107 secuudum
1029 3069 1144 3107 curnem.
1168 3055 1263 3107 Conicr
1283 3056 1361 3108 etiarn

184 3139 211 3192 b.
231 3155 255 3193 o.
274 3155 323 3208 prr
342 3156 417 3194 omno
435 3142 501 3194 illud
516 3149 632 3206 tempus,
649 3156 702 3208 quo
723 3144 749 3194 in
796 3136 908 3203 Philipp.
928 3137 990 3203 Cap.
1012 3138 1045 3190 ill
1065 3152 1070 3187 :
1091 3140 1132 3190 ta.

184 3223 243 3276 Asia
266 3229 441 3277 commoratus
458 3240 525 3277 sum.
550 3225 626 3287 Quod
646 3230 750 3292 tempus
827 3219 846 3284 ⁴)
864 3221 909 3273 Est
928 3221 970 3274 hio
990 3223 1016 3273 in
1037 3237 1086 3272 usu
1105 3221 1174 3273 vocis
1194 3227 1362 3295 πειρασμος

183 3307 746 3364 fuittriennii.Videinlraadvs.3l.Verba:

182 3399 241 3439 απο
276 3399 396 3465 πρωτης
429 3377 541 3466 ἡμερας
572 3404 602 3442 a.
635 3403 664 3442 τ.
698 3377 743 3456 λ.,

182 3495 232 3534 non
254 3487 317 3534 sunt
338 3484 470 3548 iungenda
487 3498 546 3536 cum
567 3472 650 3556 ὑμεις
663 3494 746 3534 επισ-

181 3559 289 3636 raude,
325 3573 371 3625 sed
399 3589 459 3626 oum
493 3583 555 3635 πως
590 3580 743 3651 eyeaoptna·

180 3654 297 3721 adeoque
317 3660 356 3707 est
377 3656 420 3708 hic
439 3658 602 3721 agnoscenda
618 3658 746 3723 quaedam

179 3737 319 3869 pelrporupn
351 3739 493 3802 Traiectio,
520 3745 550 3792 ut
577 3756 656 3807 supra
681 3741 744 3807 Cap.

212 3899 231 3966 ¹)
249 3901 315 3952 Puta
329 3903 473 3955 secundum
492 3905 557 3957 illud
570 3905 677 3957 effatum
691 3907 744 3959 Do-

178 3982 243 4033 mini
261 3983 333 4047 (Luc.
352 3985 423 4036 XXll
439 4001 444 4037 :
458 3985 500 4051 ib]
515 4001 520 4035 :
537 3987 587 4048 Qtri
603 3989 690 4038 maior
708 3996 745 4041 cst

177 4066 206 4117 iu
217 4067 303 4130 uobis,
313 4069 361 4134 fiat
372 4070 439 4121 sicut
450 4072 557 4122 minor:
569 4079 592 4122 et
603 4073 650 4138 qui
658 4086 743 4137 pruc-

175 4161 264 4199 cossor
274 4156 311 4200 est
321 4189 327 4210 ,
338 4151 407 4202 sicat
418 4153 596 4205 ministrator.

209 4231 231 4294 ⁸)
249 4231 293 4282 Sic
312 4232 346 4283 ad
376 4233 522 4287 Corinthios
544 4237 568 4302 (i
594 4236 652 4289 Cor.
678 4237 740 4304 Cap.

176 4310 198 4362 ll
213 4323 219 4359 ε
233 4311 258 4378 i)
275 4314 379 4380 scripsit
392 4329 397 4364 :
412 4317 455 4368 liu
471 4319 555 4370 multo
572 4320 743 4372 tribulatione

174 4400 198 4444 at
220 4398 346 4461 onpustiu
367 4400 457 4452 cordis
478 4403 576 4466 scripsi
597 4405 671 4455 uobis
694 4420 742 4470 per

794 3295 908 3346 notanda
919 3295 1077 3358 Metonymia
1087 3297 1191 3363 effeetus
1207 3309 1257 3361 pro
1266 3310 1358 3347 eausa.

794 3376 917 3428 Videlicet
928 3378 1117 3442 tribulationes,
1127 3378 1207 3430 Paulo
1220 3378 1359 3439 immissae,

793 3457 853 3509 fidoi
866 3459 949 3524 ipsius
965 3464 991 3512 et
1006 3462 1166 3512 constantiae
1184 3461 1266 3514 veluti
1278 3476 1360 3527 capc-

793 3540 932 3591 rinruutunr
944 3542 1090 3607 capiebant.

825 3624 846 3689 ὅ)
864 3626 978 3677 Verbum
990 3627 1104 3679 Medium
1123 3609 1359 3676 &cartellorum

792 3707 931 3760 adhibetur
944 3708 976 3760 de
989 3711 1090 3775 coqui,
1104 3725 1129 3760 v.
1145 3723 1172 3774 g.
1189 3723 1252 3776 prae
1269 3712 1358 3770 metu,

790 3790 890 3857 aliquid
911 3791 992 3854 celat,
1010 3792 1175 3854 dissimulat,
1194 3797 1273 3859 atque
1293 3791 1358 3843 adeo

790 3877 860 3924 carot
877 3881 1044 3949 παρρησιᾳ.
1059 3875 1116 3935 Sic,
1129 3875 1198 3927 inter
1213 3874 1292 3936 alios,
1304 3875 1357 3925 Dc-

791 3955 938 4008 mostheues
953 3956 1034 4023 (apud
1046 3957 1165 4019 Kainoel]
1182 3971 1272 4010 vocem
1291 3957 1359 4011 bauo

789 4037 918 4101 adhibuit,
931 4051 1013 4105 quum
1026 4038 1134 4090 diceret:
1147 4025 1242 4088 HetrO'
1252 4023 1357 4100 ἁπλως

789 4109 875 4177 rader
914 4112 1168 4200 ὑποστειλαμενος
1203 4137 1356 4207 πεπαρρη-

788 4227 934 4290 σιασμαι.
970 4242 1013 4252 —-
1047 4220 1196 4274 infinitivus
1226 4229 1279 4269 του
1311 4231 1353 4292 μη

788 4293 976 4384 orrupytultut·
982 4311 1104 4377 pendete
1120 4312 1203 4364 Verbo
1218 4298 1353 4362 ὑπεστει-

788 4381 907 4470 λαμην,
928 4405 957 4452 nt
968 4401 1036 4454 inira
1046 4415 1085 4453 vs.
1098 4403 1139 4454 ιι.
