3074 5054
417 397 556 464 CAPUT
591 396 658 477 Xl,
697 395 819 464 VERS.
859 397 1007 463 25-26.
1240 398 1305 464 505

116 585 260 651 evicina
283 586 383 651 Tarso
409 585 541 652 Paulum
569 584 608 651 ad
633 605 666 651 se
689 595 882 666 arcesseret,
909 595 942 650 ut
966 584 1028 651 und
1053 584 1145 651 ambo
1174 603 1300 672 operam

114 726 205 774 suam
220 705 432 774 Antiochenae
449 706 608 773 Ecclesiae
631 706 860 790 impenderent.
886 705 1048 793 Quidquid
1065 707 1123 784 sit,
1144 707 1303 773 Barnabas

115 831 150 896 in
171 831 342 899 excolendo
366 831 420 899 illo
442 852 515 920 agro
540 853 647 899 carere
669 832 769 899 noluit
792 851 888 920 opera
908 831 1016 911 Pauli,
1042 851 1134 919 quern
1155 832 1306 899 strenuis·

116 954 232 1022 simum
257 955 323 1022 iore
347 953 544 1043 operarium,
565 954 642 1021 nihil
666 953 836 1021 dubitabat.
863 955 971 1041 ltaque
995 955 1130 1020 Tarsum
1147 952 1305 1042 proiectus

116 1091 182 1159 est,
207 1078 339 1146 Paulum
365 1079 408 1145 ibi
434 1081 652 1164 inquisiturus
674 1079 897 1166 (diuturnam,
922 1099 973 1142 om
998 1078 1118 1142 Pontus
1134 1098 1174 1162 op
1192 1090 1219 1143 te
1235 1099 1306 1144 zoe-

116 1205 203 1287 lum).
221 1179 323 1290 Quem
340 1223 411 1269 cum
428 1203 494 1270 illic
511 1202 698 1282 invenisset,
716 1221 823 1268 secum
837 1200 926 1268 duxit
941 1199 1152 1266 Antiochiam.
1169 1202 1305 1268 Factam

117 1337 166 1393 est
192 1338 326 1407 ‚outem·,
359 1339 402 1417 ut
423 1347 479 1415 per
506 1327 660 1413 integrum
693 1345 806 1392 anuum
840 1345 946 1389 sacros
978 1333 1149 1389 conventus
1176 1336 1308 1407 opereat

117 1449 260 1540 (aperiero
274 1447 307 1514 de
332 1473 440 1524 αυτους
459 1450 656 1538 canapinam)
679 1453 763 1514 infler
786 1447 989 1514 Christianos
1014 1447 1239 1514 Antiochenses
1262 1451 1306 1538 (er

117 1571 344 1662 anconiscos),
364 1580 457 1661 atque
475 1575 536 1640 und
560 1573 601 1639 ibi
628 1592 768 1660 magnam
790 1570 952 1638 homiuum
977 1570 1100 1637 turham
1124 1573 1305 1659 religionem

119 1699 193 1764 lesu
220 1697 336 1764 Christi
366 1701 531 1764 edocerent
553 1701 676 1786 (εγενετο
701 1691 733 1759 de
754 1718 863 1768 αυτους
887 1690 1036 1782 deduius),
1067 1707 1163 1784 utque
1190 1696 1306 1764 Christi

119 1823 266 1912 discipuli
289 1823 427 1912 primum
449 1821 633 1890 Antiochiae
655 1825 899 1887 nominarentur
923 1819 1056 1910 (εγενετο
1080 1844 1149 1895 τους
1172 1823 1307 1907 paduam

120 1955 328 2039 χρηματισαι)
344 1946 529 2021 Christiani.
736 1942 738 1945 ⁵

167 2071 216 2136 De
239 2069 368 2156 Syntaxi
397 2069 495 2138 Verbi
524 2090 636 2157 εγενετο
661 2089 732 2134 curn
761 2068 916 2135 intinitivo
946 2068 1015 2136 ride
1043 2087 1137 2156 supra
1165 2069 1204 2136 ad
1228 2071 1304 2158 Cap.

122 2193 196 2260 lV:
216 2195 250 2260 tt.
268 2229 313 2240 -
330 2191 450 2278 Συναχθ
452 2213 519 2264 urar
536 2202 582 2258 est
603 2195 807 2275 conprepari,
821 2191 961 2279 adeoque
983 2195 1152 2259 corruenire
1168 2203 1220 2259 aut
1236 2214 1307 2258 oon-

120 2323 234 2379 aentus
261 2335 368 2396 opere
397 2314 446 2379 De
473 2332 598 2399 voce-y
577 2335 769 2402 >papanem
797 2312 874 2380 haec
898 2323 983 2381 notat
1005 2314 1232 2383 Valckenarius
1254 2314 1307 2403 (ad

122 2436 157 2504 h
178 2435 467 2526 1.;«)Χ,ρηματα
486 2436 604 2524 inquit,
623 2436 769 2504 dicuutur
786 2449 816 2503 ct
832 2457 918 2521 opes,
933 2448 962 2504 et
978 2459 1120 2524 respuor
1135 2449 1252 2522 perun
1252 2461 1306 2505 ur

123 2562 208 2628 Hinc
237 2561 352 2648 duplex
381 2562 427 2627 vis
453 2561 540 2628 vocis
567 2565 783 2655 χρηματιζειν,
814 2571 844 2627 et
871 2583 943 2646 opes
970 2565 1174 2649 ucqrrirendi,
1200 2573 1231 2630 et
1258 2585 1309 2628 rea

124 2688 304 2768 tractandi,
324 2687 508 2770 opertdipuc.
527 2683 653 2772 Duplex
677 2685 735 2751 ista
756 2685 802 2750 vis
825 2685 946 2771 cognita
971 2685 1048 2751 nihil
1065 2697 1166 2752 tamen
1183 2684 1254 2752 iacit
1271 2685 1310 2752 ad

124 2809 209 2877 hunc
232 2809 355 2886 locam,
381 2828 442 2895 quo
468 2806 611 2887 traditur,
629 2807 799 2895 discipulos
824 2807 941 2875 Christi
964 2809 1100 2897 primum
1126 2809 1311 2876 Antiochiae

123 2957 315 3024 χρηματισαι
331 2933 549 3022 Χριστιανους,
567 2934 665 2998 dictos
680 2934 781 3015 fuisse
800 2930 1015 2998 Citristt'urtos.
1034 2933 1095 2998 ista
1112 2933 1199 2999 vocis
1215 2932 1312 3020 sigui-

124 3058 248 3140 ticatio,
271 3056 476 3146 scriptoribus
501 3056 611 3122 Atticis
627 3055 846 3144 veteribusque
871 3056 991 3143 ignota,
1010 3055 1144 3123 obtinuit
1160 3056 1242 3145 apud
1261 3076 1312 3122 re·

124 3185 291 3251 centiores.
319 3183 430 3249 Atticis
454 3183 652 3271 χρηματιζειν
676 3190 741 3246 crat
768 3202 820 3246 res
848 3202 959 3263 opere,-
989 3180 1071 3269 apud
1100 3181 1311 3262 recentiores,

123 3312 170 3375 sic
193 3329 244 3374 res
270 3329 380 3392 opere,
404 3318 441 3373 ut
461 3328 576 3372 nomen
599 3309 673 3371 iride
694 3308 882 3389 adipiscaris
889 3333 901 3386 ,·
924 3316 1017 3393 atque
1041 3306 1088 3372 sic
1111 3306 1232 3373 tandem
1256 3326 1313 3393 po·

124 3434 219 3501 situm
243 3444 291 3499 est
315 3453 371 3520 pro
394 3435 461 3497 dici
465 3483 478 3516 ,
496 3434 661 3497 nominari
668 3479 678 3510 ,
696 3434 807 3496 audiri
812 3457 827 3513 ;
844 3440 878 3497 ut
899 3429 930 3495 in
954 3431 1014 3518 Ep.
1042 3429 1080 3496 ad
1101 3432 1194 3497 Rom.
1220 3432 1309 3498 Vll:

125 3563 170 3627 5:
191 3555 333 3644 μοιχαλις
355 3580 559 3647 χρηματισει,
584 3560 712 3622 moecho
734 3559 869 3623 dicetur.
892 3555 985 3644 Apud
1008 3554 1202 3622 Athenaeum
1226 3556 1309 3639 (Lib.

124 3683 172 3752 Vl
192 3708 199 3749 :
219 3702 252 3770 p.
271 3681 353 3768 952)
372 3679 560 3748 Posidonius
585 3680 696 3746 citatur
713 3677 905 3765 ὁΑπαμευς,
924 3680 1049 3767 ὕστερον
1066 3673 1098 3740 de
1114 3674 1222 3751 Pedion
1238 3700 1313 3767 χρη·
1368 3668 1370 3672 ’

125 3828 277 3893 paticus,
292 3815 387 3870 natus
404 3804 582 3887 Apameae,
601 3807 654 3869 sed
677 3816 786 3886 posteo
809 3802 911 3870 dictus
931 3803 1091 3884 Rhodius,
1111 3820 1223 3888 nempe
1240 3801 1312 3888 quia

125 3949 269 4016 magnam
286 3929 317 3994 in
334 3947 369 3993 ea
394 3927 494 3995 insula
517 3926 623 3994 aetatis
648 3939 767 4015 partem
787 3937 941 4014 exegerat.
961 3924 1070 4012 Colligi
1089 3934 1189 4013 potest
1205 3943 1242 3989 ex
1260 3922 1313 3989 illa

126 4052 263 4120 nominis
289 4051 547 4117 Christianorum
574 4023 785 4139 impositione,
812 4070 878 4116 rem
903 4047 1110 4115 Christianam
1128 4044 1312 4114 Antiochiae

124 4194 271 4263 magnum
297 4173 382 4240 brevi
406 4185 546 4261 tempore
573 4173 695 4260 cepisse
723 4173 962 4239 incrementum.
997 4172 1140 4238 Ceterum
1173 4168 1311 4235 nescitur

125 4317 189 4384 quo
214 4307 358 4374 auctore,
388 4296 451 4361 imo
479 4316 517 4362 an
543 4295 669 4363 omnino
697 4305 782 4362 certo
806 4296 912 4383 aliquo
939 4305 1066 4363 auctore
1091 4313 1202 4361 nomen
1231 4288 1309 4358 illud

125 4418 315 4508 trequentari
340 4419 491 4508 coeperit.

1149 4543 1189 4601 20
