3074 5054
184 370 251 440 280
543 367 678 437 herus
715 367 1042 450 aroshononuar,

181 559 324 649 religiose
345 558 484 638 servavi,
505 570 536 626 et
556 557 633 626 nihil
658 578 825 647 umquam,
849 560 932 649 quod
962 558 1157 628 immundum
1179 571 1281 640 esset,
1305 581 1360 628 oo·

184 685 277 754 medi.

227 809 402 876 Commune
416 809 536 897 (κοινον)
560 818 590 874 et
612 811 812 875 immundum
831 809 1023 900 (ακαθαρτον)
1039 830 1131 878 voces
1151 819 1224 878 sunt
1246 810 1305 878 hac
1326 811 1358 878 in

181 954 216 1002 re
230 930 485 1023 aequipollentes.
510 932 631 1022 Nempe
655 952 691 1000 ea
714 952 793 1022 quae
816 934 967 1002 Hebraeis
989 934 1151 1003 interdicta
1171 946 1259 1002 erant
1279 946 1358 1002 tam-

182 1079 273 1151 quam
299 1056 476 1138 immunda,
491 1055 568 1124 haec
592 1058 636 1124 illi
661 1057 810 1126 vocabant
825 1062 1021 1140 communia,
1037 1059 1285 1150 proptereaquod
1304 1081 1358 1129 eo-

182 1204 251 1252 rurn
276 1202 351 1250 usus
375 1193 456 1249 esset
478 1184 654 1249 communio
677 1183 789 1251 ceteris
811 1184 972 1270 gentibus,
999 1193 1121 1272 practer
1148 1204 1195 1251 se.
1224 1186 1358 1253 Locutio

181 1305 428 1375 ουδεποτε-παν
446 1306 597 1375 Hebraico
615 1318 678 1388 est,
697 1327 758 1374 non
775 1308 913 1388 Graeca,
927 1327 1115 1396 quamquam
1131 1309 1268 1377 Graecae
1284 1321 1360 1376 sunt

180 1454 284 1503 voces.

229 1683 282 1750 lb.
307 1682 353 1747 Et
367 1700 426 1746 ooo
451 1681 568 1744 iterum
583 1682 736 1764 seeundo,
759 1679 846 1762 etc).
866 1681 900 1745 ln
918 1678 1023 1769 phrasi
1041 1678 1146 1743 cultu
1160 1703 1192 1743 εκ
1216 1676 1359 1771 δευτερου

182 1805 251 1876 scil.
281 1827 404 1896 χρονου,
430 1803 632 1870 Pleonasmus
659 1817 722 1886 est,
752 1805 805 1893 qui
828 1805 965 1872 occurrit
988 1804 1080 1871 etiam
1104 1805 1187 1894 apud
1210 1805 1359 1895 profanos

181 1930 363 2020 scriptores.
390 1928 442 1996 Sic
458 1927 643 1996 Plutarchus
659 1928 740 2010 (vide
755 1929 908 1998 Wolfiurn
924 1930 956 1997 in
982 1930 1076 1997 Curta
1091 1929 1130 1997 ad
1147 1929 1179 1998 h.
1194 1932 1230 2013 l.)
1248 1931 1329 1998 dixit
1346 1952 1355 1992 :

181 2077 231 2117 και
255 2048 348 2116 cultu
371 2074 404 2114 εκ
427 2046 566 2143 &europae
589 2051 742 2143 πεμφθεις.

227 2181 317 2260 Quod
345 2180 430 2244 Dour
456 2178 659 2263 purificavit,
684 2189 718 2243 tu
744 2200 907 2245 oomuruoe
934 2202 973 2245 na
996 2177 1147 2265 diceris).
1176 2181 1296 2249 Graece
1325 2182 1357 2247 in

179 2303 295 2374 Plurali
316 2324 323 2367 :
348 2324 426 2389 quoe
455 2301 497 2391 (ἁ)
526 2301 612 2367 Deus
639 2301 700 2368 ianr
728 2322 797 2368 esse
824 2302 937 2370 munda
961 2301 1127 2371 declararit
1154 2301 1355 2393 (εκαθαρισε),

182 2429 258 2498 haec
275 2440 325 2510 tu,
343 2426 454 2509 horno,
472 2446 511 2493 ne
527 2445 621 2516 porro
645 2440 770 2512 reputes
792 2431 959 2495 immunda
979 2450 1042 2495 esse
1066 2429 1178 2510 (aaaron
1199 2448 1237 2495 ex
1261 2451 1358 2493 corace

179 2577 196 2625 a
212 2562 342 2645 aoruca).
360 2555 509 2631 Koreoura,
526 2575 689 2619 commune
703 2558 825 2640 socero,
839 2553 876 2622 h.
893 2575 921 2622 e.
936 2556 1136 2621 inomandum
1152 2551 1227 2635 (vid.
1242 2555 1356 2643 snpra)

180 2688 285 2770 socero
301 2681 414 2750 dieitur
438 2679 490 2746 hic
506 2679 549 2759 is,
565 2680 617 2768 qui
635 2702 703 2746 rem
719 2692 846 2765 reputat
868 2703 932 2746 casa
949 2683 1054 2748 talem.
1075 2682 1114 2748 Et
1129 2680 1272 2747 similiter
1293 2703 1356 2766 pu·

178 2811 306 2893 rificore
334 2807 495 2897 quaepiam
523 2805 575 2873 hic
601 2804 734 2887 dieitur,
764 2806 816 2894 qui
845 2828 931 2891 poro
961 2807 1026 2874 sive
1058 2810 1177 2873 mundo
1205 2805 1256 2872 illa
1284 2826 1355 2874 esse

179 2933 325 3002 declarat.
340 2932 488 2999 -Notat
509 2929 647 2999 adhunc
663 2930 764 2998 locum
781 2930 1030 2999 Valckenarius:
1053 2959 1067 2990 «
1085 2930 1352 3012 Hac‘ocoasione,

178 3060 297 3145 inquit,
324 3056 503 3124 observetur
519 3056 671 3123 sermonis
695 3055 859 3144 elegantia,
886 3075 945 3144 qua
968 3060 1072 3141 socero
1094 3053 1168 3146 quid
1190 3055 1351 3136 dicuntur,

181 3180 234 3270 qui
257 3185 377 3266 suctum
392 3178 441 3246 vel
464 3190 619 3264 corruat,
638 3179 686 3247 vel
700 3191 825 3264 putaret.
850 3181 897 3246 Ex
920 3178 1070 3268 exemplis
1095 3198 1145 3246 res
1169 3178 1279 3246 melius
1305 3180 1354 3245 in-

179 3304 333 3392 telligetur
362 3323 454 3394 quarn
482 3325 519 3372 ex
547 3304 673 3394 copiosa
701 3302 916 3393 explicatione.
944 3303 1059 3371 Horat.
1086 3303 1151 3371 Sat.
1178 3305 1239 3383 -lo,
1265 3305 1309 3370 56
1342 3330 1351 3371 :

176 3429 333 3512 Turpidus
357 3429 496 3512 Alpinus
515 3426 631 3516 iugulat
646 3430 723 3493 dum
738 3429 922 3493 Memnona.
938 3464 982 3475 —
1000 3429 1029 3492 Τ
1027 3430 1111 3493 bona.
1129 3429 1220 3513 Mop.
1239 3429 1350 3508 Γεννᾶ,

180 3549 298 3640 inquit,
325 3554 339 3613 ὸ
364 3547 495 3615 Πλατων
517 3571 568 3614 τον
590 3572 733 3639 oupauor,
748 3562 879 3635 portarat
895 3550 981 3617 Plato
1005 3553 1176 3635 mnodum,
1196 3552 1217 3617 i.
1237 3572 1265 3618 e.
1283 3576 1351 3642 yer-

176 3695 262 3749 rnrou
291 3670 388 3763 leyen,
417 3677 528 3741 statuit
561 3676 735 3760 aliquando
768 3695 832 3741 esso
863 3684 1021 3757 creatum,
1052 3674 1123 3765 quia
1147 3674 1350 3766 Philosophis

176 3797 401 3888 antiquioribus
417 3798 550 3868 mundus
574 3798 673 3868 inerat
688 3799 773 3867 visus
790 3799 976 3890 quibusdam
992 3800 1030 3867 ab
1046 3812 1170 3868 aeterno
1186 3820 1265 3868 esse.
1285 3803 1350 3869 lsta

175 3925 320 4016 loquendi
345 3925 422 3995 ratio
446 3925 504 3994 late
529 3937 622 4018 patet.
651 3925 835 4016 Philosophi
860 3925 913 4015 qui
937 3926 1126 4008 statuebant,
1151 3927 1253 3995 omnia
1278 3946 1349 3996 esse

174 4091 369 4105 ρ

209 4177 229 4242 ⁸)
246 4177 311 4230 Van.
340 4192 411 4231 asor.
440 4178 490 4230 Pro
518 4159 611 4227 παλιν
642 4178 738 4243 legitur
782 4178 885 4232 buarius
895 4192 943 4245 pro
960 4164 1042 4238 ευθυς
1051 4178 1100 4232 boo
1114 4179 1170 4233 loco
1180 4179 1348 4235 substituisse

176 4252 258 4328 ευθυς
273 4268 300 4320 in
322 4269 401 4322 Codd.
419 4269 516 4330 hBCE,
535 4269 666 4336 variisque
684 4270 737 4321 hli-
783 4283 872 4322 vocem
889 4252 995 4333 παλιν,
1015 4284 1082 4337 quae
1100 4270 1168 4322 inira
1178 4284 1237 4337 cap.
1249 4271 1285 4322 Xl
1298 4287 1304 4323 :
1315 4274 1347 4325 lo

175 4349 345 4414 nusonlis‚et
354 4352 518 4404 versionibus
528 4352 654 4418 antiquis,
666 4351 736 4417 Cop—
782 4353 809 4403 in
835 4353 944 4419 repetita
966 4351 1045 4405 huius
1066 4353 1173 4406 visionis
1195 4354 1347 4409 narratione

176 4433 735 4502 ticahethioptcaaevulgata.videturti·
782 4435 903 4488 occurrit.
