<?xml version="1.0" encoding="UTF-8"?>
<!DOCTYPE html PUBLIC "-//W3C//DTD XHTML 1.0 Transitional//EN"
    "http://www.w3.org/TR/xhtml1/DTD/xhtml1-transitional.dtd">
<html xmlns="http://www.w3.org/1999/xhtml" xml:lang="en" lang="en">
 <head>
  <title>
</title>
<meta http-equiv="Content-Type" content="text/html;charset=utf-8" />
  <meta name='ocr-system' content='tesseract 3.04.00' />
  <meta name='ocr-capabilities' content='ocr_page ocr_carea ocr_par ocr_line ocrx_word'/>
</head>
<body>
  <div class='ocr_page' id='page_1' title='image "./commentariusina00beelgoog/commentariusina00beelgoog_0278.png"; bbox 0 0 3074 5054; ppageno 0'>
   <div class='ocr_carea' id='block_1_1' title="bbox 499 387 1355 476">
    <p class='ocr_par' dir='ltr' id='par_1_1' title="bbox 499 387 1355 476">
     <span class='ocr_line' id='line_1_1' title="bbox 499 387 1355 476; baseline -0.009 -15"><span class='ocrx_word' id='word_1_1' title='bbox 499 394 638 461; x_wconf 83' lang='lat' dir='ltr'><strong>CAPUT</strong></span> <span class='ocrx_word' id='word_1_2' title='bbox 675 395 741 476; x_wconf 86' lang='lat' dir='ltr'>tx,</span> <span class='ocrx_word' id='word_1_3' title='bbox 778 393 901 462; x_wconf 83' lang='lat' dir='ltr'>VERS.</span> <span class='ocrx_word' id='word_1_4' title='bbox 928 391 1029 461; x_wconf 81' lang='lat' dir='ltr'>t-tt.</span> <span class='ocrx_word' id='word_1_5' title='bbox 1287 387 1355 454; x_wconf 66' lang='lat'>249</span> 
     </span>
    </p>
   </div>
   <div class='ocr_carea' id='block_1_2' title="bbox 183 580 1354 799">
    <p class='ocr_par' dir='ltr' id='par_1_2' title="bbox 183 580 1354 799">
     <span class='ocr_line' id='line_1_2' title="bbox 185 580 1354 676; baseline -0.013 -19"><span class='ocrx_word' id='word_1_6' title='bbox 185 589 298 656; x_wconf 80' lang='lat' dir='ltr'>affixere</span> <span class='ocrx_word' id='word_1_7' title='bbox 322 585 479 676; x_wconf 84' lang='lat' dir='ltr'>patibul03</span> <span class='ocrx_word' id='word_1_8' title='bbox 500 595 530 652; x_wconf 90' lang='lat' dir='ltr'>et</span> <span class='ocrx_word' id='word_1_9' title='bbox 552 606 612 652; x_wconf 92' lang='lat' dir='ltr'>uon</span> <span class='ocrx_word' id='word_1_10' title='bbox 633 583 877 673; x_wconf 80' lang='lat' dir='ltr'>persequebatur</span> <span class='ocrx_word' id='word_1_11' title='bbox 893 602 985 660; x_wconf 86' lang='lat' dir='ltr'>euru,</span> <span class='ocrx_word' id='word_1_12' title='bbox 1004 581 1058 672; x_wconf 89' lang='lat' dir='ltr'>qui</span> <span class='ocrx_word' id='word_1_13' title='bbox 1074 580 1223 648; x_wconf 83' lang='lat' dir='ltr'>adversus</span> <span class='ocrx_word' id='word_1_14' title='bbox 1238 596 1354 666; x_wconf 88' lang='lat' dir='ltr'>corpus</span> 
     </span>
     <span class='ocr_line' id='line_1_3' title="bbox 183 705 977 799; baseline -0.005 -22"><span class='ocrx_word' id='word_1_15' title='bbox 183 711 261 792; x_wconf 88' lang='lat' dir='ltr'>cius,</span> <span class='ocrx_word' id='word_1_16' title='bbox 279 709 363 799; x_wconf 89' lang='lat' dir='ltr'>quod</span> <span class='ocrx_word' id='word_1_17' title='bbox 379 720 426 776; x_wconf 88' lang='lat' dir='ltr'>est</span> <span class='ocrx_word' id='word_1_18' title='bbox 442 708 599 788; x_wconf 76' lang='lat' dir='ltr'>Ecclesia,</span> <span class='ocrx_word' id='word_1_19' title='bbox 617 705 689 774; x_wconf 89' lang='lat' dir='ltr'>odio</span> <span class='ocrx_word' id='word_1_20' title='bbox 706 706 828 774; x_wconf 87' lang='lat' dir='ltr'>furebat</span> <span class='ocrx_word' id='word_1_21' title='bbox 846 706 977 796; x_wconf 77' lang='lat' dir='ltr'>iniquo?</span> 
     </span>
    </p>
   </div>
   <div class='ocr_carea' id='block_1_3' title="bbox 147 934 1355 3752">
    <p class='ocr_par' dir='ltr' id='par_1_3' title="bbox 176 934 1355 1651">
     <span class='ocr_line' id='line_1_4' title="bbox 216 934 1353 1029; baseline -0.013 -15"><span class='ocrx_word' id='word_1_22' title='bbox 216 949 248 1014; x_wconf 80' lang='lat' dir='ltr'>t.</span> <span class='ocrx_word' id='word_1_23' title='bbox 277 945 341 1024; x_wconf 83' lang='lat' dir='ltr'>Qui</span> <span class='ocrx_word' id='word_1_24' title='bbox 361 948 467 1011; x_wconf 80' lang='lat' dir='ltr'><em>dixit:</em></span> <span class='ocrx_word' id='word_1_25' title='bbox 486 946 565 1023; x_wconf 77' lang='lat' dir='ltr'>(inis</span> <span class='ocrx_word' id='word_1_26' title='bbox 587 966 619 1011; x_wconf 80' lang='lat' dir='ltr'>es</span> <span class='ocrx_word' id='word_1_27' title='bbox 644 941 817 1029; x_wconf 82' lang='lat' dir='ltr'>Domine)?</span> <span class='ocrx_word' id='word_1_28' title='bbox 832 941 944 1011; x_wconf 79' lang='lat' dir='ltr'>Saulus</span> <span class='ocrx_word' id='word_1_29' title='bbox 965 940 1019 1007; x_wconf 90' lang='lat' dir='ltr'>ubi</span> <span class='ocrx_word' id='word_1_30' title='bbox 1040 957 1148 1005; x_wconf 88' lang='lat' dir='ltr'>vocem</span> <span class='ocrx_word' id='word_1_31' title='bbox 1173 935 1289 1003; x_wconf 87' lang='lat' dir='ltr'>audivit</span> <span class='ocrx_word' id='word_1_32' title='bbox 1306 934 1353 1001; x_wconf 93' lang='lat' dir='ltr'>di-</span> 
     </span>
     <span class='ocr_line' id='line_1_5' title="bbox 178 1060 1350 1153; baseline -0.01 -15"><span class='ocrx_word' id='word_1_33' title='bbox 178 1081 290 1138; x_wconf 89' lang='lat' dir='ltr'>centem</span> <span class='ocrx_word' id='word_1_34' title='bbox 306 1069 366 1138; x_wconf 92' lang='lat' dir='ltr'>sibi</span> <span class='ocrx_word' id='word_1_35' title='bbox 386 1095 394 1137; x_wconf 91' lang='lat'>:</span> <span class='ocrx_word' id='word_1_36' title='bbox 415 1070 503 1149; x_wconf 80' lang='lat' dir='ltr'>Qnaa</span> <span class='ocrx_word' id='word_1_37' title='bbox 521 1091 571 1135; x_wconf 88' lang='lat' dir='ltr'>me</span> <span class='ocrx_word' id='word_1_38' title='bbox 584 1070 785 1153; x_wconf 82' lang='lat' dir='ltr'>persequeris</span> <span class='ocrx_word' id='word_1_39' title='bbox 792 1117 804 1150; x_wconf 93' lang='lat'>,</span> <span class='ocrx_word' id='word_1_40' title='bbox 823 1066 983 1134; x_wconf 89' lang='lat' dir='ltr'>subitanea</span> <span class='ocrx_word' id='word_1_41' title='bbox 1000 1063 1052 1131; x_wconf 90' lang='lat' dir='ltr'>illa</span> <span class='ocrx_word' id='word_1_42' title='bbox 1068 1063 1136 1129; x_wconf 93' lang='lat' dir='ltr'>luce</span> <span class='ocrx_word' id='word_1_43' title='bbox 1153 1060 1350 1151; x_wconf 79' lang='lat' dir='ltr'>perstrictus,</span> 
     </span>
     <span class='ocr_line' id='line_1_6' title="bbox 178 1186 1351 1282; baseline -0.008 -21"><span class='ocrx_word' id='word_1_44' title='bbox 178 1213 231 1261; x_wconf 93' lang='lat' dir='ltr'>uou</span> <span class='ocrx_word' id='word_1_45' title='bbox 247 1192 351 1261; x_wconf 87' lang='lat' dir='ltr'>statim</span> <span class='ocrx_word' id='word_1_46' title='bbox 375 1194 449 1260; x_wconf 88' lang='lat' dir='ltr'>satis</span> <span class='ocrx_word' id='word_1_47' title='bbox 465 1193 631 1271; x_wconf 91' lang='lat' dir='ltr'>discernit,</span> <span class='ocrx_word' id='word_1_48' title='bbox 647 1213 740 1282; x_wconf 88' lang='lat' dir='ltr'>quem</span> <span class='ocrx_word' id='word_1_49' title='bbox 756 1191 851 1260; x_wconf 88' lang='lat' dir='ltr'>videt.</span> <span class='ocrx_word' id='word_1_50' title='bbox 878 1192 985 1279; x_wconf 89' lang='lat' dir='ltr'>ltaque</span> <span class='ocrx_word' id='word_1_51' title='bbox 1002 1189 1145 1276; x_wconf 77' lang='lat' dir='ltr'>ignorans</span> <span class='ocrx_word' id='word_1_52' title='bbox 1162 1186 1232 1277; x_wconf 92' lang='lat' dir='ltr'>quis</span> <span class='ocrx_word' id='word_1_53' title='bbox 1249 1186 1290 1253; x_wconf 91' lang='lat' dir='ltr'>sit</span> <span class='ocrx_word' id='word_1_54' title='bbox 1306 1186 1351 1262; x_wconf 91' lang='lat' dir='ltr'>is,</span> 
     </span>
     <span class='ocr_line' id='line_1_7' title="bbox 178 1309 1355 1405; baseline -0.008 -23"><span class='ocrx_word' id='word_1_55' title='bbox 178 1316 224 1405; x_wconf 93' lang='lat' dir='ltr'>qui</span> <span class='ocrx_word' id='word_1_56' title='bbox 240 1335 313 1382; x_wconf 90' lang='lat' dir='ltr'>eum</span> <span class='ocrx_word' id='word_1_57' title='bbox 329 1315 509 1403; x_wconf 79' lang='lat' dir='ltr'>alloquitur,</span> <span class='ocrx_word' id='word_1_58' title='bbox 528 1315 655 1382; x_wconf 87' lang='lat' dir='ltr'>timidus</span> <span class='ocrx_word' id='word_1_59' title='bbox 671 1315 870 1382; x_wconf 90' lang='lat' dir='ltr'>sciscitatur:</span> <span class='ocrx_word' id='word_1_60' title='bbox 889 1313 970 1392; x_wconf 82' lang='lat' dir='ltr'>Qar‘a</span> <span class='ocrx_word' id='word_1_61' title='bbox 987 1334 1036 1395; x_wconf 79' lang='lat' dir='ltr'>er,</span> <span class='ocrx_word' id='word_1_62' title='bbox 1056 1311 1174 1399; x_wconf 94' lang='lat' dir='ltr'>iuquit,</span> <span class='ocrx_word' id='word_1_63' title='bbox 1192 1309 1355 1375; x_wconf 82' lang='lat' dir='ltr'>Domine?</span> 
     </span>
     <span class='ocr_line' id='line_1_8' title="bbox 176 1433 1353 1525; baseline -0.005 -19"><span class='ocrx_word' id='word_1_64' title='bbox 176 1438 262 1525; x_wconf 83' lang='lat' dir='ltr'>Quod</span> <span class='ocrx_word' id='word_1_65' title='bbox 287 1437 363 1506; x_wconf 87' lang='lat' dir='ltr'>dicit</span> <span class='ocrx_word' id='word_1_66' title='bbox 383 1440 537 1520; x_wconf 83' lang='lat' dir='ltr'>Domine,</span> <span class='ocrx_word' id='word_1_67' title='bbox 563 1459 624 1506; x_wconf 93' lang='lat' dir='ltr'>uon</span> <span class='ocrx_word' id='word_1_68' title='bbox 647 1451 695 1506; x_wconf 92' lang='lat' dir='ltr'>est</span> <span class='ocrx_word' id='word_1_69' title='bbox 717 1438 779 1506; x_wconf 90' lang='lat' dir='ltr'>boc</span> <span class='ocrx_word' id='word_1_70' title='bbox 801 1438 984 1506; x_wconf 87' lang='lat' dir='ltr'>urbanitatis</span> <span class='ocrx_word' id='word_1_71' title='bbox 1008 1457 1086 1517; x_wconf 88' lang='lat' dir='ltr'>vox,</span> <span class='ocrx_word' id='word_1_72' title='bbox 1111 1434 1166 1503; x_wconf 89' lang='lat' dir='ltr'>sed</span> <span class='ocrx_word' id='word_1_73' title='bbox 1191 1433 1353 1501; x_wconf 87' lang='lat' dir='ltr'>cuiusdam</span> 
     </span>
     <span class='ocr_line' id='line_1_9' title="bbox 178 1561 1101 1651; baseline -0.002 -24"><span class='ocrx_word' id='word_1_74' title='bbox 178 1562 377 1643; x_wconf 86' lang='lat' dir='ltr'>reverentiae,</span> <span class='ocrx_word' id='word_1_75' title='bbox 397 1582 490 1650; x_wconf 89' lang='lat' dir='ltr'>quarn</span> <span class='ocrx_word' id='word_1_76' title='bbox 509 1582 657 1651; x_wconf 89' lang='lat' dir='ltr'>praesens</span> <span class='ocrx_word' id='word_1_77' title='bbox 674 1573 776 1629; x_wconf 90' lang='lat' dir='ltr'>terror</span> <span class='ocrx_word' id='word_1_78' title='bbox 791 1562 830 1630; x_wconf 92' lang='lat' dir='ltr'>ab</span> <span class='ocrx_word' id='word_1_79' title='bbox 847 1582 883 1628; x_wconf 91' lang='lat' dir='ltr'>eo</span> <span class='ocrx_word' id='word_1_80' title='bbox 900 1561 1101 1650; x_wconf 84' lang='lat' dir='ltr'>expresserit.</span> 
     </span>
    </p>

    <p class='ocr_par' dir='ltr' id='par_1_4' title="bbox 147 1680 1352 2512">
     <span class='ocr_line' id='line_1_10' title="bbox 214 1680 1351 1773; baseline -0.004 -23"><span class='ocrx_word' id='word_1_81' title='bbox 214 1688 257 1750; x_wconf 84' lang='lat' dir='ltr'>Et</span> <span class='ocrx_word' id='word_1_82' title='bbox 280 1687 336 1750; x_wconf 82' lang='lat' dir='ltr'>ttte</span> <span class='ocrx_word' id='word_1_83' title='bbox 352 1711 362 1750; x_wconf 93' lang='lat'>.·</span> <span class='ocrx_word' id='word_1_84' title='bbox 374 1687 443 1769; x_wconf 77' lang='lat' dir='ltr'>Epo</span> <span class='ocrx_word' id='word_1_85' title='bbox 462 1707 532 1751; x_wconf 84' lang='lat' dir='ltr'>rant</span> <span class='ocrx_word' id='word_1_86' title='bbox 555 1687 664 1770; x_wconf 76' lang='lat' dir='ltr'>leone,</span> <span class='ocrx_word' id='word_1_87' title='bbox 683 1707 775 1771; x_wconf 84' lang='lat' dir='ltr'>quent</span> <span class='ocrx_word' id='word_1_88' title='bbox 793 1697 827 1751; x_wconf 88' lang='lat' dir='ltr'>ta</span> <span class='ocrx_word' id='word_1_89' title='bbox 842 1683 1071 1773; x_wconf 76' lang='lat' dir='ltr'>persequaris).</span> <span class='ocrx_word' id='word_1_90' title='bbox 1090 1685 1155 1750; x_wconf 84' lang='lat' dir='ltr'>lam</span> <span class='ocrx_word' id='word_1_91' title='bbox 1171 1680 1351 1749; x_wconf 87' lang='lat' dir='ltr'>dixeratilli</span> 
     </span>
     <span class='ocr_line' id='line_1_11' title="bbox 178 1808 1352 1898; baseline -0.001 -24"><span class='ocrx_word' id='word_1_92' title='bbox 178 1809 257 1876; x_wconf 92' lang='lat' dir='ltr'>lesus</span> <span class='ocrx_word' id='word_1_93' title='bbox 275 1834 284 1876; x_wconf 74' lang='grc' dir='ltr'><strong><em>ε</em></strong></span> <span class='ocrx_word' id='word_1_94' title='bbox 306 1809 392 1888; x_wconf 79' lang='lat' dir='ltr'>Qata</span> <span class='ocrx_word' id='word_1_95' title='bbox 406 1832 455 1875; x_wconf 81' lang='lat' dir='ltr'>nae</span> <span class='ocrx_word' id='word_1_96' title='bbox 469 1811 693 1895; x_wconf 78' lang='lat' dir='ltr'>persequeris?</span> <span class='ocrx_word' id='word_1_97' title='bbox 708 1813 795 1895; x_wconf 83' lang='lat' dir='ltr'>Quae</span> <span class='ocrx_word' id='word_1_98' title='bbox 811 1810 904 1877; x_wconf 88' lang='lat' dir='ltr'>verba</span> <span class='ocrx_word' id='word_1_99' title='bbox 923 1820 1010 1878; x_wconf 88' lang='lat' dir='ltr'>eraut</span> <span class='ocrx_word' id='word_1_100' title='bbox 1025 1808 1255 1898; x_wconf 76' lang='lat' dir='ltr'>exprobrantis</span> <span class='ocrx_word' id='word_1_101' title='bbox 1275 1810 1352 1874; x_wconf 91' lang='lat' dir='ltr'>Res-</span> 
     </span>
     <span class='ocr_line' id='line_1_12' title="bbox 179 1931 1349 2023; baseline -0.003 -24"><span class='ocrx_word' id='word_1_102' title='bbox 179 1931 310 2019; x_wconf 85' lang='lat' dir='ltr'>pondeas</span> <span class='ocrx_word' id='word_1_103' title='bbox 336 1953 410 1999; x_wconf 91' lang='lat' dir='ltr'>vero</span> <span class='ocrx_word' id='word_1_104' title='bbox 438 1933 534 2000; x_wconf 85' lang='lat' dir='ltr'>Paulo</span> <span class='ocrx_word' id='word_1_105' title='bbox 562 1933 751 2014; x_wconf 86' lang='lat' dir='ltr'>sciscitanti,</span> <span class='ocrx_word' id='word_1_106' title='bbox 774 1934 847 2022; x_wconf 93' lang='lat' dir='ltr'>quis</span> <span class='ocrx_word' id='word_1_107' title='bbox 867 1945 948 2001; x_wconf 90' lang='lat' dir='ltr'>essct</span> <span class='ocrx_word' id='word_1_108' title='bbox 964 1935 1017 2023; x_wconf 90' lang='lat' dir='ltr'>qui</span> <span class='ocrx_word' id='word_1_109' title='bbox 1035 1954 1107 2000; x_wconf 91' lang='lat' dir='ltr'>eum</span> <span class='ocrx_word' id='word_1_110' title='bbox 1122 1931 1349 2020; x_wconf 89' lang='lat' dir='ltr'>alloquebatur,</span> 
     </span>
     <span class='ocr_line' id='line_1_13' title="bbox 179 2052 1351 2144; baseline -0.001 -26"><span class='ocrx_word' id='word_1_111' title='bbox 179 2052 270 2121; x_wconf 91' lang='lat' dir='ltr'>denuo</span> <span class='ocrx_word' id='word_1_112' title='bbox 291 2056 380 2121; x_wconf 86' lang='lat' dir='ltr'>lesus</span> <span class='ocrx_word' id='word_1_113' title='bbox 406 2054 449 2120; x_wconf 92' lang='lat' dir='ltr'>illi</span> <span class='ocrx_word' id='word_1_114' title='bbox 467 2054 586 2120; x_wconf 88' lang='lat' dir='ltr'>crimen</span> <span class='ocrx_word' id='word_1_115' title='bbox 611 2075 703 2122; x_wconf 88' lang='lat' dir='ltr'>suurn</span> <span class='ocrx_word' id='word_1_116' title='bbox 720 2054 900 2143; x_wconf 83' lang='lat' dir='ltr'>exprobrat,</span> <span class='ocrx_word' id='word_1_117' title='bbox 920 2076 1070 2144; x_wconf 91' lang='lat' dir='ltr'>responso</span> <span class='ocrx_word' id='word_1_118' title='bbox 1087 2076 1144 2123; x_wconf 91' lang='lat' dir='ltr'>suo</span> <span class='ocrx_word' id='word_1_119' title='bbox 1165 2080 1172 2121; x_wconf 92' lang='lat'><strong>:</strong></span> <span class='ocrx_word' id='word_1_120' title='bbox 1193 2057 1351 2137; x_wconf 76' lang='lat' dir='ltr'>Eponam</span> 
     </span>
     <span class='ocr_line' id='line_1_14' title="bbox 178 2175 1349 2265; baseline 0 -24"><span class='ocrx_word' id='word_1_121' title='bbox 178 2177 276 2262; x_wconf 75' lang='lat' dir='ltr'>lesan,</span> <span class='ocrx_word' id='word_1_122' title='bbox 307 2175 482 2244; x_wconf 91' lang='lat' dir='ltr'>adiiciendo</span> <span class='ocrx_word' id='word_1_123' title='bbox 505 2204 515 2242; x_wconf 91' lang='lat'>.·</span> <span class='ocrx_word' id='word_1_124' title='bbox 536 2200 627 2262; x_wconf 82' lang='lat' dir='ltr'>qnam</span> <span class='ocrx_word' id='word_1_125' title='bbox 653 2191 688 2244; x_wconf 89' lang='lat' dir='ltr'>ta</span> <span class='ocrx_word' id='word_1_126' title='bbox 714 2182 923 2263; x_wconf 79' lang='lat' dir='ltr'>persequeris.</span> <span class='ocrx_word' id='word_1_127' title='bbox 953 2180 1052 2258; x_wconf 87' lang='lat' dir='ltr'>Nam,</span> <span class='ocrx_word' id='word_1_128' title='bbox 1071 2189 1105 2245; x_wconf 92' lang='lat' dir='ltr'>ut</span> <span class='ocrx_word' id='word_1_129' title='bbox 1121 2176 1196 2244; x_wconf 86' lang='lat' dir='ltr'>milri</span> <span class='ocrx_word' id='word_1_130' title='bbox 1223 2176 1349 2265; x_wconf 82' lang='lat' dir='ltr'>quidenr</span> 
     </span>
     <span class='ocr_line' id='line_1_15' title="bbox 147 2287 1349 2387; baseline -0.001 -22"><span class='ocrx_word' id='word_1_131' title='bbox 147 2287 149 2292; x_wconf 62' lang='grc'><strong>’</strong></span> <span class='ocrx_word' id='word_1_132' title='bbox 179 2301 302 2381; x_wconf 89' lang='lat' dir='ltr'>videtur,</span> <span class='ocrx_word' id='word_1_133' title='bbox 321 2302 446 2368; x_wconf 86' lang='lat' dir='ltr'>illorum</span> <span class='ocrx_word' id='word_1_134' title='bbox 470 2301 635 2368; x_wconf 85' lang='lat' dir='ltr'>verborum</span> <span class='ocrx_word' id='word_1_135' title='bbox 660 2322 770 2369; x_wconf 88' lang='lat' dir='ltr'>seusus</span> <span class='ocrx_word' id='word_1_136' title='bbox 791 2301 844 2369; x_wconf 90' lang='lat' dir='ltr'>bic</span> <span class='ocrx_word' id='word_1_137' title='bbox 865 2314 912 2370; x_wconf 92' lang='lat' dir='ltr'>est</span> <span class='ocrx_word' id='word_1_138' title='bbox 930 2328 937 2370; x_wconf 91' lang='lat'>:</span> <span class='ocrx_word' id='word_1_139' title='bbox 957 2305 1112 2387; x_wconf 75' lang='lat' dir='ltr'>Eponam</span> <span class='ocrx_word' id='word_1_140' title='bbox 1136 2302 1226 2368; x_wconf 81' lang='lat' dir='ltr'>leons</span> <span class='ocrx_word' id='word_1_141' title='bbox 1241 2301 1349 2367; x_wconf 87' lang='lat' dir='ltr'>Naza·</span> 
     </span>
     <span class='ocr_line' id='line_1_16' title="bbox 179 2412 911 2512; baseline 0.005 -25"><span class='ocrx_word' id='word_1_142' title='bbox 179 2444 265 2492; x_wconf 82' lang='lat' dir='ltr'>rennr</span> <span class='ocrx_word' id='word_1_143' title='bbox 275 2475 285 2506; x_wconf 96' lang='lat'>,</span> <span class='ocrx_word' id='word_1_144' title='bbox 303 2428 350 2504; x_wconf 79' lang='lat' dir='ltr'>ie,</span> <span class='ocrx_word' id='word_1_145' title='bbox 369 2428 520 2511; x_wconf 84' lang='lat' dir='ltr'>inquam,</span> <span class='ocrx_word' id='word_1_146' title='bbox 538 2447 630 2512; x_wconf 85' lang='lat' dir='ltr'>quem</span> <span class='ocrx_word' id='word_1_147' title='bbox 648 2412 682 2492; x_wconf 88' lang='lat' dir='ltr'>ta</span> <span class='ocrx_word' id='word_1_148' title='bbox 696 2431 911 2511; x_wconf 77' lang='lat' dir='ltr'>persequeris.</span> 
     </span>
    </p>

    <p class='ocr_par' dir='ltr' id='par_1_5' title="bbox 178 2548 1354 3752">
     <span class='ocr_line' id='line_1_17' title="bbox 216 2548 1351 2639; baseline -0.003 -24"><span class='ocrx_word' id='word_1_149' title='bbox 216 2552 343 2616; x_wconf 84' lang='lat' dir='ltr'>Duram</span> <span class='ocrx_word' id='word_1_150' title='bbox 367 2561 413 2614; x_wconf 82' lang='lat' dir='ltr'>ert</span> <span class='ocrx_word' id='word_1_151' title='bbox 441 2550 496 2614; x_wconf 87' lang='lat' dir='ltr'>tibi</span> <span class='ocrx_word' id='word_1_152' title='bbox 521 2562 634 2617; x_wconf 89' lang='lat' dir='ltr'>contra</span> <span class='ocrx_word' id='word_1_153' title='bbox 658 2553 824 2616; x_wconf 82' lang='lat' dir='ltr'>stimulam</span> <span class='ocrx_word' id='word_1_154' title='bbox 845 2549 1038 2639; x_wconf 83' lang='lat' dir='ltr'>calcitrare).</span> <span class='ocrx_word' id='word_1_155' title='bbox 1062 2548 1170 2618; x_wconf 91' lang='lat' dir='ltr'>Verba</span> <span class='ocrx_word' id='word_1_156' title='bbox 1197 2557 1270 2614; x_wconf 91' lang='lat' dir='ltr'>suut</span> <span class='ocrx_word' id='word_1_157' title='bbox 1294 2548 1351 2612; x_wconf 85' lang='lat' dir='ltr'>rni-</span> 
     </span>
     <span class='ocr_line' id='line_1_18' title="bbox 179 2670 1349 2761; baseline -0.003 -25"><span class='ocrx_word' id='word_1_158' title='bbox 179 2673 268 2739; x_wconf 92' lang='lat' dir='ltr'>uautis</span> <span class='ocrx_word' id='word_1_159' title='bbox 293 2693 301 2735; x_wconf 93' lang='lat'><strong>:</strong></span> <span class='ocrx_word' id='word_1_160' title='bbox 326 2674 476 2737; x_wconf 79' lang='lat' dir='ltr'>Minatur</span> <span class='ocrx_word' id='word_1_161' title='bbox 501 2674 552 2737; x_wconf 83' lang='lat' dir='ltr'>bis</span> <span class='ocrx_word' id='word_1_162' title='bbox 580 2673 684 2738; x_wconf 82' lang='lat' dir='ltr'>verbio</span> <span class='ocrx_word' id='word_1_163' title='bbox 711 2675 841 2739; x_wconf 80' lang='lat' dir='ltr'>medicis</span> <span class='ocrx_word' id='word_1_164' title='bbox 863 2671 980 2761; x_wconf 82' lang='lat' dir='ltr'>(iuquit</span> <span class='ocrx_word' id='word_1_165' title='bbox 1003 2672 1037 2740; x_wconf 92' lang='lat' dir='ltr'>S.</span> <span class='ocrx_word' id='word_1_166' title='bbox 1068 2670 1254 2739; x_wconf 85' lang='lat' dir='ltr'>Ambrosius</span> <span class='ocrx_word' id='word_1_167' title='bbox 1283 2670 1349 2756; x_wconf 86' lang='lat' dir='ltr'>(ap.</span> 
     </span>
     <span class='ocr_line' id='line_1_19' title="bbox 178 2792 1353 2880; baseline -0.003 -20"><span class='ocrx_word' id='word_1_168' title='bbox 178 2793 243 2863; x_wconf 87' lang='lat' dir='ltr'>Lar.</span> <span class='ocrx_word' id='word_1_169' title='bbox 269 2794 309 2862; x_wconf 83' lang='lat' dir='ltr'>ad</span> <span class='ocrx_word' id='word_1_170' title='bbox 333 2793 365 2860; x_wconf 89' lang='lat' dir='ltr'>h.</span> <span class='ocrx_word' id='word_1_171' title='bbox 393 2792 446 2880; x_wconf 84' lang='lat' dir='ltr'>l),</span> <span class='ocrx_word' id='word_1_172' title='bbox 463 2799 517 2860; x_wconf 84' lang='lat' dir='ltr'>sed</span> <span class='ocrx_word' id='word_1_173' title='bbox 532 2807 568 2861; x_wconf 88' lang='lat' dir='ltr'>at</span> <span class='ocrx_word' id='word_1_174' title='bbox 592 2799 751 2880; x_wconf 73' lang='lat' dir='ltr'>corripat5</span> <span class='ocrx_word' id='word_1_175' title='bbox 775 2806 890 2879; x_wconf 83' lang='lat' dir='ltr'>terret,</span> <span class='ocrx_word' id='word_1_176' title='bbox 910 2807 959 2862; x_wconf 88' lang='lat' dir='ltr'>ast</span> <span class='ocrx_word' id='word_1_177' title='bbox 975 2808 1010 2862; x_wconf 91' lang='lat' dir='ltr'>nt</span> <span class='ocrx_word' id='word_1_178' title='bbox 1026 2807 1125 2862; x_wconf 89' lang='lat' dir='ltr'>caret.</span> <span class='ocrx_word' id='word_1_179' title='bbox 1144 2795 1289 2861; x_wconf 86' lang='lat' dir='ltr'>Ceterum</span> <span class='ocrx_word' id='word_1_180' title='bbox 1306 2803 1353 2858; x_wconf 87' lang='lat' dir='ltr'>est</span> 
     </span>
     <span class='ocr_line' id='line_1_20' title="bbox 178 2914 1354 3008; baseline 0.001 -28"><span class='ocrx_word' id='word_1_181' title='bbox 178 2914 203 2982; x_wconf 93' lang='lat' dir='ltr'>iu</span> <span class='ocrx_word' id='word_1_182' title='bbox 222 2917 281 2985; x_wconf 90' lang='lat' dir='ltr'>hac</span> <span class='ocrx_word' id='word_1_183' title='bbox 305 2918 444 2984; x_wconf 89' lang='lat' dir='ltr'>oratioue</span> <span class='ocrx_word' id='word_1_184' title='bbox 466 2918 670 3008; x_wconf 90' lang='lat' dir='ltr'>proverbialis</span> <span class='ocrx_word' id='word_1_185' title='bbox 694 2919 808 2986; x_wconf 89' lang='lat' dir='ltr'>locutio</span> <span class='ocrx_word' id='word_1_186' title='bbox 832 2917 915 3008; x_wconf 88' lang='lat' dir='ltr'>apud</span> <span class='ocrx_word' id='word_1_187' title='bbox 940 2918 1117 2999; x_wconf 78' lang='lat' dir='ltr'>HebraeoS,</span> <span class='ocrx_word' id='word_1_188' title='bbox 1142 2919 1299 2996; x_wconf 88' lang='lat' dir='ltr'>Graecos,</span> <span class='ocrx_word' id='word_1_189' title='bbox 1322 2927 1354 2982; x_wconf 96' lang='lat' dir='ltr'>et</span> 
     </span>
     <span class='ocr_line' id='line_1_21' title="bbox 178 3038 1352 3130; baseline -0.002 -24"><span class='ocrx_word' id='word_1_190' title='bbox 178 3039 296 3108; x_wconf 88' lang='lat' dir='ltr'>Latinos</span> <span class='ocrx_word' id='word_1_191' title='bbox 313 3051 461 3130; x_wconf 89' lang='lat' dir='ltr'>usurpata</span> <span class='ocrx_word' id='word_1_192' title='bbox 483 3040 522 3108; x_wconf 90' lang='lat' dir='ltr'>de</span> <span class='ocrx_word' id='word_1_193' title='bbox 546 3041 604 3122; x_wconf 94' lang='lat' dir='ltr'>iis,</span> <span class='ocrx_word' id='word_1_194' title='bbox 624 3042 676 3130; x_wconf 93' lang='lat' dir='ltr'>qui</span> <span class='ocrx_word' id='word_1_195' title='bbox 701 3052 808 3109; x_wconf 89' lang='lat' dir='ltr'>contra</span> <span class='ocrx_word' id='word_1_196' title='bbox 832 3062 885 3108; x_wconf 93' lang='lat' dir='ltr'>eos</span> <span class='ocrx_word' id='word_1_197' title='bbox 909 3041 1112 3120; x_wconf 89' lang='lat' dir='ltr'>reluctantur,</span> <span class='ocrx_word' id='word_1_198' title='bbox 1131 3058 1210 3128; x_wconf 95' lang='lat' dir='ltr'>quos</span> <span class='ocrx_word' id='word_1_199' title='bbox 1229 3038 1352 3105; x_wconf 85' lang='lat' dir='ltr'>uincere</span> 
     </span>
     <span class='ocr_line' id='line_1_22' title="bbox 179 3165 1353 3255; baseline -0.001 -24"><span class='ocrx_word' id='word_1_200' title='bbox 179 3176 345 3254; x_wconf 91' lang='lat' dir='ltr'>nequeunt,</span> <span class='ocrx_word' id='word_1_201' title='bbox 362 3176 454 3253; x_wconf 88' lang='lat' dir='ltr'>atque</span> <span class='ocrx_word' id='word_1_202' title='bbox 477 3166 519 3232; x_wconf 86' lang='lat' dir='ltr'>ita</span> <span class='ocrx_word' id='word_1_203' title='bbox 541 3165 600 3233; x_wconf 90' lang='lat' dir='ltr'>sibi</span> <span class='ocrx_word' id='word_1_204' title='bbox 630 3167 707 3255; x_wconf 91' lang='lat' dir='ltr'>ipsis</span> <span class='ocrx_word' id='word_1_205' title='bbox 731 3167 828 3253; x_wconf 82' lang='lat' dir='ltr'>tnagis</span> <span class='ocrx_word' id='word_1_206' title='bbox 850 3176 973 3234; x_wconf 92' lang='lat' dir='ltr'>nocent.</span> <span class='ocrx_word' id='word_1_207' title='bbox 992 3165 1101 3234; x_wconf 88' lang='lat' dir='ltr'>Oratio</span> <span class='ocrx_word' id='word_1_208' title='bbox 1126 3175 1228 3231; x_wconf 88' lang='lat' dir='ltr'>autern</span> <span class='ocrx_word' id='word_1_209' title='bbox 1257 3174 1353 3231; x_wconf 83' lang='lat' dir='ltr'>meta-</span> 
     </span>
     <span class='ocr_line' id='line_1_23' title="bbox 179 3288 1354 3380; baseline -0.001 -23"><span class='ocrx_word' id='word_1_210' title='bbox 179 3288 302 3376; x_wconf 90' lang='lat' dir='ltr'>phorica</span> <span class='ocrx_word' id='word_1_211' title='bbox 319 3299 381 3370; x_wconf 92' lang='lat' dir='ltr'>est,</span> <span class='ocrx_word' id='word_1_212' title='bbox 399 3289 491 3356; x_wconf 90' lang='lat' dir='ltr'>ducta</span> <span class='ocrx_word' id='word_1_213' title='bbox 514 3310 626 3379; x_wconf 86' lang='lat' dir='ltr'>nempe</span> <span class='ocrx_word' id='word_1_214' title='bbox 650 3311 667 3357; x_wconf 89' lang='lat' dir='ltr'>a</span> <span class='ocrx_word' id='word_1_215' title='bbox 688 3289 806 3371; x_wconf 92' lang='lat' dir='ltr'>bobus,</span> <span class='ocrx_word' id='word_1_216' title='bbox 832 3292 975 3380; x_wconf 88' lang='lat' dir='ltr'>quicum</span> <span class='ocrx_word' id='word_1_217' title='bbox 999 3290 1169 3358; x_wconf 89' lang='lat' dir='ltr'>abubulco</span> <span class='ocrx_word' id='word_1_218' title='bbox 1193 3302 1283 3357; x_wconf 85' lang='lat' dir='ltr'>acuto</span> <span class='ocrx_word' id='word_1_219' title='bbox 1300 3290 1354 3357; x_wconf 89' lang='lat' dir='ltr'>sti-</span> 
     </span>
     <span class='ocr_line' id='line_1_24' title="bbox 179 3412 1352 3500; baseline 0.002 -21"><span class='ocrx_word' id='word_1_220' title='bbox 179 3413 255 3479; x_wconf 88' lang='lat' dir='ltr'>mulo</span> <span class='ocrx_word' id='word_1_221' title='bbox 281 3412 454 3478; x_wconf 87' lang='lat' dir='ltr'>excitantur</span> <span class='ocrx_word' id='word_1_222' title='bbox 475 3423 509 3478; x_wconf 95' lang='lat' dir='ltr'>ut</span> <span class='ocrx_word' id='word_1_223' title='bbox 531 3413 623 3479; x_wconf 85' lang='lat' dir='ltr'>citius</span> <span class='ocrx_word' id='word_1_224' title='bbox 646 3413 837 3500; x_wconf 78' lang='lat' dir='ltr'>gradiantur,</span> <span class='ocrx_word' id='word_1_225' title='bbox 864 3415 890 3482; x_wconf 90' lang='lat' dir='ltr'>si</span> <span class='ocrx_word' id='word_1_226' title='bbox 917 3414 1114 3481; x_wconf 87' lang='lat' dir='ltr'>recalcitrare</span> <span class='ocrx_word' id='word_1_227' title='bbox 1130 3414 1242 3492; x_wconf 87' lang='lat' dir='ltr'>velint,</span> <span class='ocrx_word' id='word_1_228' title='bbox 1261 3413 1352 3481; x_wconf 87' lang='lat' dir='ltr'>altius</span> 
     </span>
     <span class='ocr_line' id='line_1_25' title="bbox 179 3536 1349 3628; baseline 0.003 -24"><span class='ocrx_word' id='word_1_229' title='bbox 179 3547 363 3626; x_wconf 81' lang='lat' dir='ltr'>punguntur.</span> <span class='ocrx_word' id='word_1_230' title='bbox 389 3538 466 3604; x_wconf 89' lang='lat' dir='ltr'>Rem</span> <span class='ocrx_word' id='word_1_231' title='bbox 492 3536 582 3603; x_wconf 90' lang='lat' dir='ltr'>docet</span> <span class='ocrx_word' id='word_1_232' title='bbox 608 3536 798 3605; x_wconf 87' lang='lat' dir='ltr'>Scholiastes</span> <span class='ocrx_word' id='word_1_233' title='bbox 818 3538 857 3606; x_wconf 87' lang='lat' dir='ltr'>ad</span> <span class='ocrx_word' id='word_1_234' title='bbox 880 3539 974 3606; x_wconf 85' lang='lat' dir='ltr'>verba</span> <span class='ocrx_word' id='word_1_235' title='bbox 998 3539 1123 3606; x_wconf 88' lang='lat' dir='ltr'>Pindari</span> <span class='ocrx_word' id='word_1_236' title='bbox 1153 3537 1263 3628; x_wconf 89' lang='lat' dir='ltr'>(Pyth.</span> <span class='ocrx_word' id='word_1_237' title='bbox 1288 3541 1317 3607; x_wconf 94' lang='lat' dir='ltr'>ll</span> <span class='ocrx_word' id='word_1_238' title='bbox 1341 3566 1349 3606; x_wconf 78' lang='lat' dir='ltr'>r</span> 
     </span>
     <span class='ocr_line' id='line_1_26' title="bbox 181 3630 1350 3752; baseline 0.005 -30"><span class='ocrx_word' id='word_1_239' title='bbox 181 3660 255 3749; x_wconf 78' lang='lat'>173)</span> <span class='ocrx_word' id='word_1_240' title='bbox 278 3680 286 3722; x_wconf 92' lang='lat'><strong>:</strong></span> <span class='ocrx_word' id='word_1_241' title='bbox 312 3630 391 3723; x_wconf 75' lang='lat' dir='ltr'>llari</span> <span class='ocrx_word' id='word_1_242' title='bbox 414 3682 533 3749; x_wconf 79' lang='grc' dir='ltr'><strong>κεντρον</strong></span> <span class='ocrx_word' id='word_1_243' title='bbox 554 3654 587 3722; x_wconf 78' lang='grc' dir='ltr'>δε</span> <span class='ocrx_word' id='word_1_244' title='bbox 609 3683 655 3723; x_wconf 84' lang='grc' dir='ltr'>τοι</span> <span class='ocrx_word' id='word_1_245' title='bbox 683 3658 890 3747; x_wconf 79' lang='grc' dir='ltr'>Λακτιζεμεν,</span> <span class='ocrx_word' id='word_1_246' title='bbox 916 3660 1023 3725; x_wconf 70' lang='lat' dir='ltr'>reiciat</span> <span class='ocrx_word' id='word_1_247' title='bbox 1048 3659 1217 3752; x_wconf 82' lang='grc' dir='ltr'>Ολιστηρος</span> <span class='ocrx_word' id='word_1_248' title='bbox 1245 3687 1350 3749; x_wconf 67' lang='lat' dir='ltr'>napea,</span> 
     </span>
    </p>
   </div>
   <div class='ocr_carea' id='block_1_4' title="bbox 179 3782 1352 3877">
    <p class='ocr_par' dir='ltr' id='par_1_6' title="bbox 179 3782 1352 3877">
     <span class='ocr_line' id='line_1_27' title="bbox 179 3782 1352 3877; baseline 0.004 -27"><span class='ocrx_word' id='word_1_249' title='bbox 179 3782 208 3850; x_wconf 90' lang='lat' dir='ltr'>h.</span> <span class='ocrx_word' id='word_1_250' title='bbox 232 3805 261 3852; x_wconf 92' lang='lat' dir='ltr'>e.</span> <span class='ocrx_word' id='word_1_251' title='bbox 286 3785 410 3851; x_wconf 83' lang='lat' dir='ltr'>Contra</span> <span class='ocrx_word' id='word_1_252' title='bbox 433 3787 598 3851; x_wconf 81' lang='lat' dir='ltr'>stimulam</span> <span class='ocrx_word' id='word_1_253' title='bbox 621 3807 695 3851; x_wconf 87' lang='lat' dir='ltr'>cero</span> <span class='ocrx_word' id='word_1_254' title='bbox 720 3790 884 3853; x_wconf 81' lang='lat' dir='ltr'>calcitrare</span> <span class='ocrx_word' id='word_1_255' title='bbox 907 3801 953 3854; x_wconf 82' lang='lat' dir='ltr'>ert</span> <span class='ocrx_word' id='word_1_256' title='bbox 975 3790 1098 3854; x_wconf 82' lang='lat' dir='ltr'>lubrica</span> <span class='ocrx_word' id='word_1_257' title='bbox 1119 3792 1192 3868; x_wconf 90' lang='lat' dir='ltr'>oio,·</span> <span class='ocrx_word' id='word_1_258' title='bbox 1213 3788 1250 3856; x_wconf 89' lang='lat' dir='ltr'>ad</span> <span class='ocrx_word' id='word_1_259' title='bbox 1275 3809 1352 3877; x_wconf 88' lang='lat' dir='ltr'>quac</span> 
     </span>
    </p>
   </div>
   <div class='ocr_carea' id='block_1_5' title="bbox 180 3904 1353 4005">
    <p class='ocr_par' dir='ltr' id='par_1_7' title="bbox 180 3904 1353 4005">
     <span class='ocr_line' id='line_1_28' title="bbox 180 3904 1353 4005; baseline 0.005 -34"><span class='ocrx_word' id='word_1_260' title='bbox 180 3908 267 3975; x_wconf 83' lang='lat' dir='ltr'>verba</span> <span class='ocrx_word' id='word_1_261' title='bbox 288 3907 365 3975; x_wconf 82' lang='lat' dir='ltr'>haec</span> <span class='ocrx_word' id='word_1_262' title='bbox 388 3920 471 3975; x_wconf 86' lang='lat' dir='ltr'>uetat</span> <span class='ocrx_word' id='word_1_263' title='bbox 490 3934 498 3975; x_wconf 75' lang='grc' dir='ltr'>ε</span> <span class='ocrx_word' id='word_1_264' title='bbox 517 3909 556 3973; x_wconf 91' lang='grc' dir='ltr'>Ἡ</span> <span class='ocrx_word' id='word_1_265' title='bbox 578 3904 609 3972; x_wconf 76' lang='grc' dir='ltr'>δε</span> <span class='ocrx_word' id='word_1_266' title='bbox 626 3931 740 3998; x_wconf 83' lang='grc' dir='ltr'><strong>τροπη,</strong></span> <span class='ocrx_word' id='word_1_267' title='bbox 760 3911 879 3998; x_wconf 89' lang='lat' dir='ltr'>iuquit,</span> <span class='ocrx_word' id='word_1_268' title='bbox 898 3934 958 3976; x_wconf 82' lang='lat' dir='ltr'>aaa</span> <span class='ocrx_word' id='word_1_269' title='bbox 979 3935 1040 3976; x_wconf 83' lang='grc' dir='ltr'>των</span> <span class='ocrx_word' id='word_1_270' title='bbox 1064 3909 1156 3998; x_wconf 80' lang='grc' dir='ltr'><em>βοῶν·</em></span> <span class='ocrx_word' id='word_1_271' title='bbox 1175 3935 1233 3976; x_wconf 82' lang='grc' dir='ltr'>των</span> <span class='ocrx_word' id='word_1_272' title='bbox 1249 3936 1307 4005; x_wconf 74' lang='grc' dir='ltr'>γαρ</span> <span class='ocrx_word' id='word_1_273' title='bbox 1325 3918 1353 3978; x_wconf 86' lang='grc' dir='ltr'>οἱ</span> 
     </span>
    </p>
   </div>
   <div class='ocr_carea' id='block_1_6' title="bbox 179 4034 1355 4497">
    <p class='ocr_par' dir='ltr' id='par_1_8' title="bbox 179 4034 1355 4497">
     <span class='ocr_line' id='line_1_29' title="bbox 179 4034 1353 4127; baseline 0.008 -35"><span class='ocrx_word' id='word_1_274' title='bbox 179 4054 297 4096; x_wconf 87' lang='grc' dir='ltr'>ατακτοι</span> <span class='ocrx_word' id='word_1_275' title='bbox 318 4055 397 4095; x_wconf 82' lang='grc' dir='ltr'>κατα</span> <span class='ocrx_word' id='word_1_276' title='bbox 419 4055 471 4107; x_wconf 83' lang='grc' dir='ltr'>την</span> <span class='ocrx_word' id='word_1_277' title='bbox 492 4055 641 4124; x_wconf 73' lang='grc' dir='ltr'><em>γεωργιαν</em></span> <span class='ocrx_word' id='word_1_278' title='bbox 664 4037 881 4125; x_wconf 78' lang='grc' dir='ltr'>κεντριζομενοι</span> <span class='ocrx_word' id='word_1_279' title='bbox 903 4037 961 4101; x_wconf 83' lang='grc' dir='ltr'>ὑπο</span> <span class='ocrx_word' id='word_1_280' title='bbox 984 4060 1037 4100; x_wconf 81' lang='grc' dir='ltr'>του</span> <span class='ocrx_word' id='word_1_281' title='bbox 1060 4059 1221 4127; x_wconf 81' lang='grc' dir='ltr'><strong>αρουντος,</strong></span> <span class='ocrx_word' id='word_1_282' title='bbox 1248 4034 1353 4101; x_wconf 68' lang='lat' dir='ltr'>lanat-</span> 
     </span>
     <span class='ocr_line' id='line_1_30' title="bbox 179 4153 1355 4245; baseline 0.009 -29"><span class='ocrx_word' id='word_1_283' title='bbox 179 4154 257 4226; x_wconf 84' lang='grc' dir='ltr'>ζουσι</span> <span class='ocrx_word' id='word_1_284' title='bbox 273 4179 308 4218; x_wconf 86' lang='grc' dir='ltr'>το</span> <span class='ocrx_word' id='word_1_285' title='bbox 324 4176 442 4245; x_wconf 79' lang='grc' dir='ltr'>κεντρον</span> <span class='ocrx_word' id='word_1_286' title='bbox 459 4180 510 4218; x_wconf 83' lang='grc' dir='ltr'>και</span> <span class='ocrx_word' id='word_1_287' title='bbox 527 4153 646 4241; x_wconf 80' lang='grc' dir='ltr'>μαλλον</span> <span class='ocrx_word' id='word_1_288' title='bbox 670 4153 865 4229; x_wconf 81' lang='grc' dir='ltr'>πληττονται.</span> <span class='ocrx_word' id='word_1_289' title='bbox 891 4159 913 4227; x_wconf 88' lang='lat' dir='ltr'>i.</span> <span class='ocrx_word' id='word_1_290' title='bbox 941 4180 970 4227; x_wconf 84' lang='lat' dir='ltr'>e.</span> <span class='ocrx_word' id='word_1_291' title='bbox 992 4161 1182 4244; x_wconf 84' lang='lat' dir='ltr'>Metapltcra</span> <span class='ocrx_word' id='word_1_292' title='bbox 1195 4163 1294 4225; x_wconf 81' lang='lat' dir='ltr'>ducta</span> <span class='ocrx_word' id='word_1_293' title='bbox 1309 4172 1355 4227; x_wconf 77' lang='lat' dir='ltr'>est</span> 
     </span>
     <span class='ocr_line' id='line_1_31' title="bbox 181 4279 1355 4367; baseline 0.006 -26"><span class='ocrx_word' id='word_1_294' title='bbox 181 4279 302 4345; x_wconf 76' lang='lat' dir='ltr'>ababuc</span> <span class='ocrx_word' id='word_1_295' title='bbox 309 4328 322 4362; x_wconf 90' lang='lat'>,</span> <span class='ocrx_word' id='word_1_296' title='bbox 337 4299 472 4361; x_wconf 86' lang='lat' dir='ltr'>qaornrn</span> <span class='ocrx_word' id='word_1_297' title='bbox 489 4281 547 4364; x_wconf 88' lang='lat' dir='ltr'>qai</span> <span class='ocrx_word' id='word_1_298' title='bbox 562 4281 724 4362; x_wconf 79' lang='lat' dir='ltr'>sepniores</span> <span class='ocrx_word' id='word_1_299' title='bbox 742 4293 817 4347; x_wconf 82' lang='lat' dir='ltr'>rant</span> <span class='ocrx_word' id='word_1_300' title='bbox 831 4284 866 4346; x_wconf 89' lang='lat' dir='ltr'>in</span> <span class='ocrx_word' id='word_1_301' title='bbox 883 4285 1006 4349; x_wconf 85' lang='lat' dir='ltr'>arando</span> <span class='ocrx_word' id='word_1_302' title='bbox 1013 4335 1025 4367; x_wconf 83' lang='lat'>,</span> <span class='ocrx_word' id='word_1_303' title='bbox 1044 4284 1082 4350; x_wconf 87' lang='lat' dir='ltr'>ab</span> <span class='ocrx_word' id='word_1_304' title='bbox 1097 4293 1225 4349; x_wconf 90' lang='lat' dir='ltr'>aratore</span> <span class='ocrx_word' id='word_1_305' title='bbox 1241 4285 1355 4348; x_wconf 82' lang='lat' dir='ltr'>stima-</span> 
     </span>
     <span class='ocr_line' id='line_1_32' title="bbox 181 4405 1350 4497; baseline 0.005 -30"><span class='ocrx_word' id='word_1_306' title='bbox 181 4405 232 4470; x_wconf 86' lang='lat' dir='ltr'>lati</span> <span class='ocrx_word' id='word_1_307' title='bbox 246 4417 358 4471; x_wconf 91' lang='lat' dir='ltr'>contra</span> <span class='ocrx_word' id='word_1_308' title='bbox 372 4408 536 4472; x_wconf 79' lang='lat' dir='ltr'>elimatam</span> <span class='ocrx_word' id='word_1_309' title='bbox 552 4408 731 4486; x_wconf 84' lang='lat' dir='ltr'>calcitrant,</span> <span class='ocrx_word' id='word_1_310' title='bbox 749 4417 843 4493; x_wconf 85' lang='lat' dir='ltr'>atqae</span> <span class='ocrx_word' id='word_1_311' title='bbox 858 4411 903 4474; x_wconf 87' lang='lat' dir='ltr'>ita</span> <span class='ocrx_word' id='word_1_312' title='bbox 919 4411 1022 4477; x_wconf 82' lang='lat' dir='ltr'>adbuc</span> <span class='ocrx_word' id='word_1_313' title='bbox 1037 4411 1138 4493; x_wconf 74' lang='lat' dir='ltr'>inopis</span> <span class='ocrx_word' id='word_1_314' title='bbox 1150 4420 1350 4497; x_wconf 81' lang='lat' dir='ltr'>parapantnr.</span> 
     </span>
    </p>
   </div>
   <div class='ocr_carea' id='block_1_7' title="bbox 0 0 1542 5054">
    <p class='ocr_par' dir='ltr' id='par_1_9' title="bbox 0 0 1542 5054">
     <span class='ocr_line' id='line_1_33' title="bbox 0 0 1542 5054; baseline 0 0"><span class='ocrx_word' id='word_1_315' title='bbox 0 0 1542 5054; x_wconf 95' lang='lat' dir='ltr'> </span> 
     </span>
    </p>
   </div>
  </div>
 </body>
</html>
