3074 5054
494 385 632 452 CAPUT
667 387 700 466 Ι,
737 386 847 455 VERS
883 385 984 454 7-8.
1305 386 1348 450 25

181 577 286 641 Sonett
307 579 343 640 in
364 576 445 664 cos),
467 576 536 643 soil.
564 576 797 663 supernaturale
824 575 979 665 quoddam
1007 577 1118 643 mentis
1148 573 1262 652 robur,
1285 592 1346 659 quo

179 699 264 765 veluti
281 699 391 764 armati
405 698 522 787 ubique
539 708 691 764 terrarum
705 700 808 765 lesum
825 698 1009 766 crucifixum
1026 699 1241 764 annuntiarent
1256 695 1348 761 intre-

180 822 250 911 pidi.
270 824 315 888 Eo
333 821 446 889 robore
459 821 641 901 induemini,
656 822 768 910 inquit,
787 825 911 906 quando
928 825 1092 888 advenerit
1105 822 1195 908 (Aor.
1210 819 1345 888 Genitiv.

178 947 271 1014 absol.
290 945 475 1031 επελθοντος)
488 967 583 1035 super
600 968 655 1014 uos
671 947 807 1036 Spiritus
820 948 968 1027 Sanctus,
982 959 1074 1036 atque
1098 951 1150 1026 ita,
1168 945 1265 1014 induti
1283 948 1349 1010 oir-

179 1079 238 1134 tcte
253 1090 292 1133 ee
309 1072 374 1134 olto
390 1069 483 1156 (Luc.
509 1067 616 1135 XXlV
633 1093 640 1135 :
659 1069 731 1154 te),
755 1069 842 1135 eritis
865 1068 942 1136 milri
967 1070 1034 1156 (μοι
1050 1070 1154 1136 Datin.
1172 1065 1350 1153 Commodi)

180 1201 265 1257 testes
281 1188 476 1280 (μαρτυρες).
493 1191 613 1257 Testari
636 1191 791 1285 antemio
814 1191 925 1279 primis
942 1192 1109 1270 debebant,
1128 1195 1230 1259 lesum
1248 1190 1349 1257 oruci-

178 1312 267 1380 lixum
284 1324 314 1379 et
331 1323 507 1391 mortuum,
524 1332 542 1377 a
561 1314 695 1380 mortuis
712 1314 921 1380 resurrexisse
936 1314 1034 1402 (Vide
1056 1315 1135 1381 infra
1151 1335 1197 1381 vs.
1216 1317 1279 1397 Ἠ,
1299 1314 1319 1380 ΙΙ
1339 1338 1347 1379 z

178 1440 235 1517 nt,
253 1438 285 1504 ιιι
302 1463 310 1505 ;
328 1425 388 1516 ιιι,
409 1438 448 1505 ιν
465 1463 472 1503 :
489 1439 548 1517 ιιι,
567 1440 627 1516 55,
648 1439 677 1506 v
700 1463 707 1505 ι
730 1441 791 1517 oo,
813 1440 843 1505 ιι
864 1460 871 1501 :
893 1443 954 1519 ro,
973 1439 1063 1527 oet).
1089 1442 1128 1505 nt
1145 1458 1217 1505 ver-0
1234 1437 1348 1506 tharso

178 1559 359 1626 resurrectio
384 1558 478 1625 ueluti
505 1559 588 1625 basis
613 1559 764 1647 quaedam
788 1572 854 1638 est,
872 1563 922 1628 oui
947 1573 1009 1629 tota
1032 1563 1152 1650 Religio
1176 1561 1351 1629 Christiana

178 1683 305 1750 maxime
328 1683 488 1761 innititur;
518 1703 588 1750 nam
618 1684 707 1750 lesus
734 1682 878 1752 Christus
907 1686 997 1752 tertio
1025 1696 1253 1775 postmortem
1281 1684 1348 1763 die,

176 1805 252 1872 sicut
274 1805 521 1895 praedixerat,a
544 1807 676 1872 mortuis
700 1807 907 1896 resurgendo,
933 1807 1071 1875 divinum
1095 1808 1232 1874 veritatis
1255 1806 1349 1873 veluti

176 1929 307 2016 sigillum
335 1931 502 1996 universae
529 1929 687 1996 doctrinae
718 1950 792 1996 suae
826 1931 1037 2019 impresserat.
1072 1934 1179 2020 ltaque
1210 1930 1351 2019 Apostoli

177 2049 333 2119 Christum
361 2062 431 2141 post
465 2061 595 2118 mortem
627 2051 799 2120 redivivum
832 2052 956 2120 assidue
988 2054 1086 2121 testati
1119 2065 1209 2133 sunt,
1239 2053 1350 2141 suique

178 2173 338 2241 testimonii
376 2174 536 2240 veritatem
581 2173 672 2240 editis
713 2175 872 2243 miraculis
909 2177 1055 2244 continuo
1095 2175 1347 2265 comprobarunt.

178 2295 254 2364 Vide
270 2299 370 2381 Marc,
389 2296 463 2365 XVl
479 2321 486 2363 :
502 2299 563 2375 203
582 2297 652 2363 Aet.
672 2297 704 2363 lll
726 2323 735 2365 :
759 2301 818 2379 15,
840 2300 901 2375 ld,
923 2300 991 2377 tu:
1010 2301 1068 2378 lo,
1087 2300 1139 2367 V:
1158 2301 1211 2366 tl.
1232 2300 1351 2367 Verum

176 2439 233 2485 non
256 2419 323 2486 eius
347 2420 607 2486 resurrectionem
631 2430 768 2500 tantum,
784 2403 838 2488 sed
862 2431 891 2487 et
911 2422 1056 2488 universe
1076 2431 1231 2510 tamquam
1254 2432 1347 2488 testes

176 2540 379 2629 praedicaturi
402 2552 505 2609 essent
525 2552 555 2607 et
578 2561 657 2630 quae
681 2541 796 2609 lecerat
823 2545 930 2621 lesus,
958 2554 988 2609 et
1012 2563 1091 2631 quae
1111 2542 1270 2610 docuerat.
1297 2542 1346 2610 Cf.

177 2667 250 2732 Luc.
264 2666 372 2735 XXlV
391 2691 398 2733 :
415 2668 562 2747 rel-lm
582 2669 668 2733 loan.
686 2669 748 2736 XV
764 2691 771 2732 :
787 2669 848 2746 273
864 2671 935 2734 Act.
949 2669 982 2734 X
1000 2688 1008 2730 z
1028 2671 1083 2736 59.
1102 2669 1347 2736 Praedicationis

177 2809 248 2856 suae
262 2789 424 2856 exordium
443 2789 582 2857 lecerunt
596 2790 737 2878 Apostoli
759 2794 795 2855 tn
810 2793 999 2857 Ierusalem.
1014 2790 1140 2859 Scilicet
1155 2790 1350 2879 adimplenda

176 2923 240 2978 erat
258 2913 419 3000 Scriptura
441 2910 620 3000 prophetica
646 2911 722 2978 haec
743 2911 821 2998 (lsa.
840 2912 861 2978 ll
878 2933 885 2973 :
902 2912 936 2997 5)
956 2939 963 2976 ι
985 2913 1031 2977 De
1055 2913 1136 2978 Sion
1158 2914 1257 2977 entdtt
1281 2915 1347 2995 tec,

177 3041 206 3096 et
224 3035 352 3098 verdum
371 3034 506 3097 Domini
528 3035 566 3097 de
586 3035 776 3098 [creantem.
800 3033 849 3099 Cl.
875 3035 953 3100 Luo.
976 3033 1084 3102 xxiv
1106 3059 1114 3100 ε
1141 3037 1196 3100 47.
1219 3036 1247 3100 A
1267 3035 1351 3099 lero-

177 3154 303 3242 solymis
315 3167 503 3244 perexerunt
522 3156 553 3220 in
568 3155 718 3243 reliquam
731 3156 892 3236 iudaeam,
908 3168 937 3223 et
954 3158 986 3222 in
1004 3157 1163 3243 regionem
1178 3156 1349 3234 Samariae,

178 3290 206 3344 et
224 3301 320 3364 utque
340 3283 382 3345 cd
401 3284 552 3346 ttlit'mttm
577 3292 700 3364 terrae,
726 3283 846 3350 Graece
871 3307 880 3348 ι
906 3307 958 3344 και
981 3280 1033 3356 ἕως
1055 3304 1186 3367 εσχατοιι
1208 3304 1259 3355 της
1279 3305 1350 3370 γης,

179 3403 247 3470 h.e.
261 3403 411 3493 usquead
427 3403 570 3470 ultimum
585 3415 684 3470 terrae
697 3405 875 3471 terminum.
891 3407 969 3472 Nam
986 3429 1117 3491 εσχατου
1134 3405 1269 3494 elliptioe
1287 3404 1352 3472 dic-

179 3536 241 3592 tum
264 3537 311 3594 est
326 3547 528 3615 protopatres
546 3550 652 3616 μερους
668 3527 715 3593 vel
733 3550 870 3617 περατος.
889 3528 1006 3595 Sensus
1022 3540 1068 3596 est
1079 3554 1086 3595 :
1094 3551 1154 3613 per
1167 3533 1353 3594 universum

178 3649 283 3713 orbem
299 3659 480 3731 terrorum,
495 3649 577 3732 sive,
594 3652 679 3732 opud
695 3670 802 3715 omnes
818 3661 934 3733 peotes,
954 3661 987 3716 ut
1003 3662 1049 3716 est
1065 3649 1176 3717 Mattlr.
1195 3651 1326 3717 XXVlll
1343 3673 1350 3710 :

183 3775 238 3853 193
260 3775 360 3841 Maro.
385 3774 459 3842 XlV
481 3800 488 3841 :
512 3777 571 3854 tm
596 3777 673 3842 Luc.
698 3777 831 3843 XXlV:
859 3780 913 3844 tt.
944 3777 993 3843 Ad
1022 3797 1087 3844 rem
1115 3789 1162 3844 est
1190 3777 1272 3866 quod
1303 3777 1355 3845 hio

180 3908 259 3964 notat
274 3899 468 3965 Lintrensis:
491 3900 714 3986 «significatur
731 3901 821 3967 tacite
836 3901 885 3968 his
903 3901 1004 3968 verbis
1029 3902 1166 3988 negativa
1189 3903 1356 3990 responsio

179 4021 214 4087 ad
238 4021 448 4109 quaestionem
472 4020 511 4087 ab
534 4023 692 4111 Apostolis
718 4024 908 4111 propositam
928 4023 1126 4090 :Dominum
1150 4023 1268 4091 scilicet
1291 4044 1351 4090 non

180 4142 345 4230 temporale
379 4163 507 4228 regnum
542 4143 706 4211 allaturum
732 4145 813 4231 genti
843 4144 1049 4224 israeliticae,
1078 4144 1352 4232 circumscriptum

179 4266 283 4354 utique
304 4266 455 4333 limitibus
479 4268 544 4333 suis
569 4268 741 4349 veteribus,
769 4268 824 4335 sed
849 4289 978 4356 regnum
1001 4289 1070 4335 esse
1093 4267 1270 4356 spirituale,
1293 4270 1352 4334 mi·

179 4390 304 4460 nisterio
316 4391 538 4483 Apostolorum
555 4403 585 4459 et
601 4393 793 4486 reliquorum
808 4385 923 4465 Christi
940 4394 1167 4490 discipulorum
1182 4415 1352 4488 eorumque
