3074 5054
195 401 261 469 276
533 397 667 466 ACTUS
703 398 1039 480 Arosuotoattm

195 602 262 672 tur;
288 603 317 658 et
337 592 410 658 verb
434 609 505 657 oum
534 610 572 656 ex
596 591 676 657 serie
701 592 905 670 narrationis,
930 592 1063 659 maxime
1088 614 1126 660 ex
1146 613 1192 659 vs.
1221 596 1283 673 50,
1304 603 1372 658 tum

191 718 281 785 etiam
303 737 339 783 ex
362 735 398 783 eo
421 713 504 804 quod
531 715 694 782 Cornelius
722 716 836 784 dicitur
862 720 977 783 uidisse
1005 717 1156 808 φᾶνερως,
1185 717 1368 798 conficitur,

190 840 368 909 Cornelium
388 839 563 927 vigilantem
585 851 613 906 et
630 839 837 907 exterioribus
854 840 997 908 sensibus
1013 852 1149 908 utentem
1165 840 1281 908 vidisse
1298 861 1371 907 cor-

190 967 294 1057 poreis
317 966 383 1032 suis
406 964 504 1032 oeulis
531 963 569 1031 ad
597 985 630 1031 se
658 966 862 1032 introeuntem
891 965 1052 1052 angelum,
1078 964 1129 1053 qui
1154 965 1185 1031 in
1210 977 1371 1054 assumpto

189 1110 322 1179 corpore
338 1090 472 1179 speeiem
491 1086 643 1155 referebat
659 1088 731 1169 riri,
751 1088 880 1156 eandida
897 1100 981 1156 veste
998 1089 1108 1157 induti.
1125 1088 1173 1156 Gi.
1193 1110 1239 1156 νε.
1255 1092 1310 1158 50.
1326 1127 1372 1138 -

188 1215 294 1283 Verba
314 1237 343 1278 εν
367 1218 497 1304 &papan
519 1213 620 1279 valent
636 1235 663 1279 m
680 1216 746 1280 viso
764 1217 816 1280 itti
838 1216 952 1280 oblato.
980 1214 1173 1303 Praepositio
1190 1236 1219 1277 εν
1236 1214 1372 1282 refertur

188 1340 226 1408 ad
242 1352 358 1408 statum
371 1343 406 1407 in
422 1362 482 1426 qno
494 1340 564 1428 quis
584 1350 736 1419 versatur,
756 1350 788 1406 ut
804 1340 830 1406 si
847 1339 966 1408 Gallice
982 1338 1034 1406 hio
1050 1337 1171 1406 diceres
1191 1364 1198 1405 :
1217 1360 1291 1404 naus
1309 1361 1367 1404 urm

187 1485 282 1530 vrsrou
299 1465 378 1549 qo’r'l
393 1464 463 1542 erit,
481 1484 509 1527 ιι
525 1443 573 1527 νιι
590 1463 794 1542 olnirement,
813 1472 873 1528 eto.
893 1460 984 1546 Quod
1002 1482 1076 1528 vero
1095 1461 1202 1527 attinet
1218 1460 1255 1528 ad
1272 1461 1370 1527 visio-

187 1610 256 1656 nem
270 1590 372 1667 illam,
391 1607 483 1676 quam
500 1585 608 1653 babuit
630 1587 766 1653 Ananias
782 1585 890 1676 [supra
906 1587 983 1675 Cap.
1004 1586 1051 1652 lX
1067 1607 1075 1647 ε
1092 1583 1161 1668 ld),
1178 1585 1268 1652 etiam
1287 1583 1370 1650 hano

185 1715 224 1783 ad
247 1714 383 1804 priorem
408 1712 495 1779 illum
520 1711 647 1778 modum
669 1711 826 1800 pertinere
849 1711 996 1778 arbitror.
1015 1710 1096 1778 Vide
1119 1730 1213 1799 supra
1229 1709 1267 1777 ad
1284 1711 1364 1799 Cap.

184 1838 262 1906 Vlll
282 1863 290 1905 ε
309 1839 378 1906 26¹.
397 1834 488 1922 Quod
504 1844 607 1902 autem
624 1833 663 1901 de
678 1834 771 1902 Saulo
788 1834 905 1902 ibidem
921 1834 984 1924 (vs.
1004 1831 1060 1920 lb)
1076 1834 1190 1902 dieitur
1210 1862 1217 1901 :
1237 1846 1267 1899 et
1283 1838 1368 1902 vidit

70 1980 73 1986 ·
184 1962 292 2025 virum
304 1961 466 2026 Antoniam
482 1961 627 2038 pontino,
647 1967 722 2037 eto,
739 1956 769 2023 id
788 1957 915 2046 quidem
933 1979 993 2024 non
1011 1957 1132 2038 dubito,
1147 1959 1222 2046 quin
1239 1958 1277 2025 ad
1295 1979 1371 2046 pos·

185 2084 331 2150 terionem
349 2082 475 2151 modum
492 2082 533 2148 sit
549 2080 759 2148 referendum.

229 2208 383 2297 Apparuit
409 2218 511 2274 autem
543 2205 688 2273 Cornelio
717 2205 770 2272 ille
797 2206 934 2294 Angelus
962 2209 1057 2291 qnasi
1084 2209 1164 2271 bora
1191 2208 1255 2272 diri
1280 2228 1370 2272 nona

184 2331 373 2424 (dissumpere
396 2353 517 2404 εινατην
540 2355 591 2404 της
610 2328 739 2418 ἡμερας)
760 2329 794 2397 h.
817 2351 846 2396 e.
869 2331 952 2397 olroa
975 2331 1094 2397 lamiam
1119 2330 1366 2418 pomeridianam

184 2454 282 2544 (Vide
304 2475 399 2544 supra
421 2453 460 2521 ad
482 2455 559 2541 Cap.
584 2453 657 2519 lll:
685 2450 733 2541 l),
753 2473 814 2542 quo
837 2465 976 2542 tempore
997 2453 1160 2520 Cornelius
1182 2453 1265 2521 domi
1289 2474 1369 2521 suae

183 2579 330 2668 preoibus
346 2578 491 2658 vacabat,
513 2589 546 2644 ut
562 2576 676 2644 dieitur
693 2576 772 2643 inira
788 2598 835 2643 vs.
855 2579 910 2646 50.
931 2617 974 2627 —-

230 2830 263 2895 [ι.
289 2838 322 2892 ot
350 2828 403 2892 ille
430 2829 554 2891 intuens
583 2847 673 2909 enm,
708 2821 799 2910 eto).
830 2825 991 2909 Ingressus
1019 2806 1155 2912 Angelus
1181 2825 1365 2892 Cornelium

182 2950 307 3019 nomine
331 2949 495 3039 compellat
524 2975 532 3015 :
563 2950 704 3030 Corneli,
735 2949 846 3038 inquit.
878 2951 908 3016 ls
937 2970 1009 3016 vero
1044 2950 1187 3037 angelum
1223 2953 1367 3016 intuitus

181 3074 347 3165 (ατενισας.
367 3074 449 3142 Vide
470 3093 565 3162 supra
586 3074 624 3141 ad
649 3075 725 3162 Cap.
748 3072 880 3161 1:10),
907 3085 953 3153 et,
979 3083 1014 3141 ut
1037 3072 1089 3152 fir,
1116 3084 1199 3141 metu
1223 3074 1363 3162 quodam

180 3213 360 3291 correptus,
375 3199 557 3288 respondit:
575 3200 661 3278 Quid
677 3222 727 3265 me
742 3202 803 3278 vis,
821 3199 985 3265 Donrine?
1000 3199 1052 3266 Sia
1068 3199 1203 3288 appellat
1217 3199 1363 3287 angelum

179 3336 213 3392 ut
229 3324 407 3414 quempiam
424 3323 484 3390 sibi
509 3322 664 3409 ignotum3
684 3322 743 3389 nisi
761 3322 839 3388 lorte
864 3321 1028 3389 dieendum
1047 3323 1105 3403 sit,
1123 3323 1170 3389 sio
1186 3323 1366 3412 appellasse

177 3458 212 3515 ut
238 3449 416 3537 quempiam
441 3446 567 3514 bomine
595 3447 756 3513 maiorem.
785 3445 817 3513 Si
842 3465 902 3512 non
930 3447 1031 3535 primo
1053 3447 1154 3514 statim
1179 3456 1362 3534 momento,

179 3590 252 3638 mox
278 3582 378 3637 tamen
406 3569 660 3637 animadvertisse
688 3568 809 3636 ridetur
837 3568 999 3635 Cornelius
1027 3569 1168 3657 angelum
1193 3591 1280 3654 esse,
1307 3573 1362 3660 qui

178 3690 237 3758 sibi
254 3704 434 3780 appareret,
455 3703 487 3760 ut
503 3692 668 3760 oonlroitur
684 3712 723 3758 ex
738 3712 785 3758 νε.
805 3692 842 3772 8,
861 3692 932 3758 ooll.
954 3695 1009 3761 Ὦ.

224 3815 317 3879 Dixit
332 3827 437 3882 notem
460 3818 512 3881 tto·
528 3843 536 3880 :
553 3815 728 3881 Orationes
751 3825 842 3893 tuoe,
867 3812 957 3901 eto).
987 3813 1039 3881 Sio
1061 3827 1163 3883 autem
1186 3828 1260 3885 tuno
1283 3819 1363 3887 Cor-

178 3938 292 4006 nelium
317 3940 425 4008 allatus
449 3951 496 4007 est
518 3938 656 4027 Angelus
676 3965 684 4006 :
703 3939 900 4006 Precationes
927 3949 1014 4020 tuae,
1039 3940 1216 4029 inquiebat,
1234 3955 1264 4010 et
1280 3943 1363 4012 eleb·

179 4135 375 4146 ——-.-...

210 4282 230 4348 ¹)
246 4284 284 4335 Do
296 4286 395 4338 ratione
405 4286 578 4352 componendi
596 4299 663 4352 quas
675 4285 742 4337 diota
789 4285 885 4338 videsis
904 4285 1054 4338 Cornelium
1075 4301 1090 4338 a
1110 4286 1224 4354 Lapido¹
1244 4289 1277 4342 ud
1295 4293 1362 4360 Cap.

175 4365 311 4430 suutCap.
325 4367 357 4418 lll
370 4381 376 4416 :
391 4368 418 4416 at
436 4381 496 4418 carm
509 4366 560 4417 illis
578 4367 674 4419 Christi
692 4380 742 4433 ap·
789 4366 824 4418 llt
844 4385 850 4420 :
870 4369 918 4429 ΞΜ
940 4369 999 4420 ride
1021 4370 1099 4420 etiam
1122 4369 1276 4424 Suarezium
1300 4376 1361 4427 in3

176 4447 361 4511 paritionibus‚
380 4462 447 4512 qnae
463 4462 540 4514 porro
554 4453 741 4512 memorantur,
789 4463 855 4513 pq.
870 4451 910 4500 58.
