3074 5054
178 389 245 455 284
520 384 655 454 AGTUS
689 384 1024 465 APOSTOLORUM‚

180 596 241 644 non
257 596 331 644 suae
353 594 546 663 suorumque
565 585 596 642 et
618 573 861 642 domesticorum
885 585 1021 657 tantum,
1039 576 1093 643 sed
1111 587 1141 642 et
1164 576 1290 662 iliorum
1308 596 1361 643 sa-

180 702 234 770 luti
251 721 308 791 per
323 701 488 770 adventum
503 698 587 767 Petri
605 698 780 767 consulere.

225 941 281 1007 25.
306 940 352 1004 Et
369 942 489 1023 sottum
505 948 551 1003 est
566 957 638 1003 eunt
654 940 820 1005 introisset
835 938 972 1017 Petrus,
990 935 1083 1025 eta).
1101 938 1222 1007 Graeoe
1241 960 1249 1001 :
1269 943 1311 1012 ὡς
1327 935 1363 1003 δε

178 1085 290 1154 εγενετο
317 1059 411 1126 ελθειν
438 1084 488 1126 τον
517 1061 652 1151 Πετρον,
677 1060 710 1128 h.
735 1081 763 1127 e.
788 1073 824 1128 ut
850 1072 955 1127 autem
982 1065 1103 1147 sottum
1129 1073 1195 1145 est,
1220 1066 1363 1129 introire

179 1188 313 1253 Petrum
317 1235 329 1269 ,
348 1186 370 1250 i.
390 1205 420 1253 e.
438 1183 552 1252 aoeidit
566 1196 686 1262 autem,
712 1204 783 1251 eum
805 1186 915 1251 Petrus
939 1183 1154 1271 ingrederetur
1171 1186 1360 1253 exteriorem

178 1320 298 1400 partem
321 1309 387 1376 sive
402 1309 589 1376 vestibulum
613 1309 724 1376 domus
739 1310 875 1376 Cornelii
893 1308 946 1395 (ef.
965 1331 1013 1377 vs.
1032 1309 1105 1395 at),
1123 1321 1157 1377 ut
1173 1309 1225 1378 hio
1241 1311 1287 1377 iili
1306 1312 1361 1380 ob-

179 1437 259 1503 viam
280 1435 417 1514 veniret,
434 1455 471 1502 ae
492 1437 663 1520 prolapsus
684 1439 727 1500 od
746 1438 840 1521 pedes
861 1438 930 1501 eiua
952 1437 1065 1520 (πεσων
1086 1458 1134 1499 em
1156 1460 1225 1510 τους
1248 1433 1365 1527 nodat)

178 1560 322 1629 eumdem
336 1566 486 1627 odoraret
504 1558 772 1652 (πρυσεκυιησεν),
800 1559 832 1626 h.
859 1581 888 1626 e.
911 1559 1074 1627 adhiberet
1093 1559 1243 1628 adversus
1267 1582 1361 1639 eum,

178 1696 334 1773 tamquam
353 1684 412 1751 Dei
435 1683 474 1751 ad
496 1705 530 1753 se
552 1686 705 1774 legatum,
727 1684 872 1750 eximiam
900 1683 1065 1772 quamdam
1093 1695 1124 1751 et
1152 1683 1364 1773 profundissi-

180 1827 262 1875 mam
278 1808 494 1875 reverentiam.

224 2048 369 2115 26-27.
389 2047 504 2112 Petrus
522 2068 592 2112 uero
609 2049 742 2113 elevavit
764 2069 855 2131 eum,
875 2044 965 2132 ete).
987 2047 1073 2113 Petri
1095 2047 1245 2115 modestia
1270 2070 1366 2118 reeu-

179 2171 265 2241 sabat
280 2171 466 2260 singularem
483 2171 570 2238 ilium
597 2171 747 2240 honorem
764 2192 781 2238 a
797 2171 941 2239 Cornelio
958 2169 1017 2237 sibi
1035 2172 1230 2260 praestitum.
1251 2176 1366 2263 ltaque

178 2293 389 2361 centurionem
410 2295 524 2374 erexit,
548 2293 656 2361 dicens
682 2320 689 2362 :
714 2294 834 2378 Surpe,
852 2298 917 2378 ipae
939 2297 1034 2359 etiam
1059 2315 1113 2377 epo
1132 2295 1228 2385 (κᾳγω
1251 2299 1365 2387 αυτος)

179 2423 270 2485 tronto
297 2439 387 2502 sum,
414 2438 475 2485 non
504 2439 595 2485 seeus
622 2439 658 2486 ao
687 2430 726 2485 te.
752 2420 791 2485 Et
818 2419 878 2485 iam
899 2418 1092 2485 familiariter
1115 2439 1186 2486 eum
1210 2422 1362 2489 Cornelio

179 2545 377 2633 colloquens,
408 2543 566 2632 ingressus
595 2554 641 2610 est
667 2543 847 2610 interiorem
876 2556 994 2632 partem
1022 2543 1133 2611 domus
1157 2544 1242 2634 (vide
1263 2568 1363 2635 supra

178 2671 239 2758 (vs.
259 2665 330 2753 25),
349 2668 401 2736 ubi
420 2667 535 2755 reperit
551 2667 683 2749 multos,
702 2669 756 2756 qui
772 2668 837 2735 illie
853 2679 1060 2735 conuenerant
1076 2667 1361 2760 (συνεληλυθοτας).

178 2793 227 2859 Cs.
246 2813 292 2860 vs.
312 2794 367 2860 at.

221 3033 368 3102 28-29.
400 3033 548 3117 Dixitque
573 3035 614 3097 od
642 3035 712 3097 ittoa
729 3057 738 3094 .·
761 3033 817 3097 Vos
845 3034 951 3111 scitia,
977 3029 1067 3116 eta).
1102 3035 1159 3099 Vos
1186 3033 1252 3121 (qui
1279 3034 1365 3102 inter

177 3156 307 3224 ludaeos
324 3154 466 3222 habitatis
482 3154 621 3242 adeoque
643 3154 833 3243 experientia
851 3175 916 3221 rem
933 3155 1007 3222 satis
1025 3154 1098 3221 estis
1115 3153 1233 3243 adnati)
1249 3159 1361 3238 scitis,

176 3293 211 3348 ttt
225 3283 314 3365 nefas
330 3281 374 3345 sit
388 3276 445 3368 (ὡς
467 3279 609 3364 adspiret
629 3277 724 3363 εστιν)
742 3276 856 3343 ludaeo
879 3279 1087 3362 [anatilioriter
1102 3299 1195 3361 opere
1212 3275 1364 3364 (κολλασ-

175 3405 239 3470 Θαι.
257 3402 337 3471 Vide
352 3401 390 3469 ad
402 3403 479 3491 Cap.
493 3402 524 3470 V
540 3427 548 3468 ι
566 3404 618 3492 15)
635 3422 706 3468 eum
720 3401 835 3470 Gentili
854 3399 1060 3494 (oiiopvip),
1076 3401 1123 3468 vel
1139 3404 1231 3467 odire
1247 3400 1363 3492 (προσ-

176 3527 327 3619 ερχεσθαι)
357 3548 447 3607 eum;
478 3528 532 3595 sed
561 3526 637 3594 mihi
666 3529 752 3594 Deus
780 3529 914 3596 ostendit
941 3532 1034 3619 (puta
1059 3551 1115 3619 per
1139 3528 1216 3596 illud
1239 3534 1360 3622 ὅραμα.

175 3651 224 3721 Cf.
246 3651 327 3719 dieta
343 3651 381 3719 ad
398 3672 443 3718 vs.
464 3651 535 3741 ti),
555 3671 615 3717 nou
640 3663 783 3741 oportere
799 3651 947 3741 deinceps
965 3673 1152 3742 quemquam
1174 3652 1362 3732 hominum,

176 3780 403 3867 cuiuscumque
423 3779 545 3846 tandem
570 3778 704 3845 nationis
721 3779 776 3857 sit,
795 3781 997 3845 intonandum
1014 3781 1123 3863 (norror
1140 3804 1157 3852 η
1174 3779 1361 3871 ακαθαρτον.

176 3902 257 3970 Vide
280 3922 375 3991 supra
398 3902 437 3970 ad
461 3923 509 3969 ιε.
530 3900 582 3984 15)
600 3901 724 3981 dicere,
743 3913 795 3968 aut
820 3923 877 3990 pro
902 3901 953 3969 tali
971 3901 1111 3969 habere.
1133 3902 1239 3980 Quare
1255 3913 1286 3969 et
1303 3899 1365 3991 (dio

209 4117 228 4183 ¹)
248 4137 259 4163 u
272 4117 324 4169 Hac
335 4115 496 4182 praefatione
509 4130 572 4167 usus
589 4120 630 4168 est
640 4117 742 4171 Petrus,
790 4120 894 4184 cognito
906 4120 955 4170 sibi
972 4120 1024 4172 Deo
1036 4119 1149 4185 propitio
1160 4156 1167 4180 ‚
1177 4119 1367 4173 animarentur

175 4198 263 4265 inquit
274 4198 408 4251 Salmeron
420 4197 504 4262 (Tract
514 4198 611 4250 XXXII
624 4200 651 4250 in
664 4200 743 4263 Act).
790 4202 823 4254 ad
836 4202 1006 4266 Evangelium
1019 4201 1224 4268 suscipiendum.
1238 4203 1366 4256 Prudens

175 4297 209 4334 ne
219 4283 305 4334 ludaei
317 4282 363 4348 qui
374 4281 484 4333 aderant
492 4281 743 4348 scandalizarentur,
791 4287 880 4351 itaque
896 4284 937 4336 his
957 4298 1024 4351 quae
1043 4285 1152 4337 dicenda
1165 4291 1244 4348 sunt,
1258 4288 1366 4352 prinoi-

174 4366 293 4417 videntas
305 4366 413 4417 Petrum
427 4363 552 4416 iudaeum
564 4368 701 4419 aooessisse
712 4368 745 4420 ad
792 4369 864 4434 pium
877 4370 999 4430 assumit,
1012 4382 1065 4434 quo
1075 4371 1101 4420 et
1112 4368 1213 4420 ludaeis
1224 4370 1251 4421 et
1265 4369 1365 4422 Genti-

176 4448 325 4501 Cornelium
356 4447 501 4506 Gentilem
527 4453 554 4501 et
580 4454 610 4503 ut
633 4449 744 4515 Gentes,
791 4451 860 4502 libus
871 4450 1045 4502 satisfaciat.»
