3074 5054
174 334 249 443 ‘roa
502 377 663 457 'nurus
709 379 1041 463 lrosrononun

182 564 294 631 tionem
311 565 445 633 nominis
462 567 533 633 lesu
555 567 593 635 ab
611 569 751 636 eiusdenr
776 572 902 639 asseolis
928 573 1024 640 luisse
1041 583 1211 661 patratum,
1229 572 1284 639 sed
1303 568 1365 661 (de)

180 686 351 753 evidentior
370 699 436 755 erat
457 709 524 768 res,
549 710 642 777 quant
659 702 693 757 ut
710 694 813 780 negari
836 706 953 783 posset.
980 695 1020 761 Et
1041 714 1114 760 uero
1139 692 1268 760 oleudus
1290 691 1363 770 ille,

178 809 298 877 nivibus
316 812 608 898 Hierosolymitanis
631 815 829 892 notissimus,
848 837 941 905 quent
959 815 1026 882 beri
1043 815 1082 882 ad
1098 827 1218 904 portam
1235 816 1363 905 Templi

180 947 241 1000 tani
266 934 353 1001 nrulti
372 934 512 1002 viderant
535 936 685 1004 iaoentenr
709 938 875 1028 subitoque
890 940 930 1007 ad
945 941 1027 1027 Petri
1054 960 1161 1006 uooenr
1183 940 1365 1029 plenissime

180 1070 336 1137 sanatum,
364 1059 431 1148 ipse
458 1060 526 1138 ille,
558 1060 780 1148 irrefragabilis
806 1063 912 1151 utique
941 1064 984 1129 rei
1017 1062 1120 1141 testis,
1147 1081 1295 1151 praesens
1320 1060 1364 1128 ibi

179 1181 329 1249 adstabat.
351 1183 454 1268 Quum
480 1203 553 1271 ergo
578 1182 662 1271 quod
684 1185 798 1252 laetum
823 1197 888 1252 erat
911 1206 969 1252 neu
993 1195 1119 1274 possent
1143 1205 1274 1272 negare,
1306 1205 1365 1252 neo

180 1315 280 1370 tannen
302 1304 414 1371 vellent
433 1325 600 1392 agnoscere
624 1318 677 1373 aut
701 1309 853 1396 probare,
872 1307 950 1375 nihil
975 1306 1129 1374 habebunt
1148 1306 1232 1395 quod
1253 1310 1364 1372 statim

180 1427 414 1518 responderent.
434 1432 542 1518 ltaque
557 1442 712 1498 secretum
735 1432 898 1500 instituunt
920 1433 1106 1511 eonsilium,
1127 1431 1207 1498 inter
1222 1451 1257 1500 se
1272 1430 1312 1498 de
1329 1451 1365 1497 re

180 1553 392 1622 deliberaturi.

227 1771 376 1865 tb—-tdss
397 1801 480 1887 Ergo
497 1801 593 1887 ignari
613 1800 769 1889 quomodo
786 1820 851 1866 rern
868 1799 1065 1889 expedirent,
1092 1801 1187 1868 iussis
1211 1803 1364 1889 apostolis

180 1939 239 1986 una
252 1940 323 1987 curn
336 1932 441 1988 sanato
457 1922 510 1991 illo
528 1922 638 1991 elaudo
655 1944 672 1990 e
688 1935 795 1990 senatu
811 1921 989 2002 discedere,
1008 1926 1094 1990 inter
1109 1943 1141 1988 se
1157 1927 1366 1992 coutulerunt

179 2048 351 2110 sententias
371 2042 552 2133 (συνεβαλον
573 2069 646 2136 προς
670 2043 819 2120 αλληλους
841 2046 910 2112 soil.
937 2042 1050 2130 βουλας
1073 2057 1125 2112 aut
1141 2043 1361 2133 βουλευματα,

180 2177 213 2232 ut
230 2165 320 2256 plene
335 2166 414 2234 dixit
431 2168 614 2257 Euripides,
633 2168 753 2236 Phoen.
774 2190 820 2258 rs.
836 2172 902 2238 7l0
922 2195 930 2236 :
948 2165 1024 2231 θελω
1040 2191 1113 2259 προς
1129 2192 1219 2233 aaron
1235 2167 1363 2256 συμβα-

179 2289 239 2354 λειν
255 2287 476 2378 βουλευματα).
498 2294 583 2372 Quid
601 2297 755 2379 faciemus
771 2295 948 2359 dominibus
962 2294 1058 2358 istis?
1076 2294 1178 2360 Verba
1195 2292 1273 2360 huen
1288 2305 1363 2362 sunl

180 2417 371 2506 cupientium
389 2416 514 2507 quidem
540 2418 680 2506 indigere
697 2439 845 2508 poenarn,
864 2417 918 2484 sed
943 2415 1021 2483 illud
1045 2416 1147 2483 lacere
1166 2416 1341 2484 timentium
1351 2444 1362 2498 ,“

181 2554 214 2609 ut
236 2563 346 2609 sensus
369 2543 427 2625 sit;
457 2547 670 2626 periculosum
693 2548 750 2626 sit,
777 2548 916 2608 bonrines
939 2545 1014 2607 istos
1039 2543 1168 2624 pertire.
1196 2542 1297 2630 Atque
1323 2563 1362 2609 eo

179 2687 272 2733 sensu
288 2666 438 2736 dubitatio
462 2668 536 2735 illa:
555 2672 632 2753 quid
654 2672 822 2753 faciemus,
838 2678 915 2745 ete,
934 2663 1128 2750 intelligenda
1153 2674 1219 2746 est,
1237 2676 1269 2730 ut
1285 2684 1362 2731 oon·

179 2789 283 2857 linitur
299 2811 338 2857 ex
362 2792 444 2859 serie
469 2794 633 2874 orationis,
659 2813 738 2881 quae
762 2791 814 2858 bio
838 2811 895 2880 per
917 2788 1106 2856 Partionlem
1129 2788 1283 2855 uausalenr
1299 2813 1360 2881 pap

179 2913 387 2981 continuatur.

223 3042 371 3121 quonium
388 3041 514 3124 quidem
531 3036 674 3123 negare).
693 3039 886 3106 Graecorum
903 3036 1069 3103 verborum
1086 3035 1255 3121 synaxin,
1278 3055 1361 3137 quae

177 3159 228 3227 bio
255 3159 378 3227 videtur
405 3162 496 3250 paulo
526 3161 723 3250 impeditior,
754 3161 844 3228 laeile
872 3160 1022 3248 intelliges
1050 3180 1087 3225 ex
1119 3158 1177 3225 bae
1213 3158 1360 3225 versione

176 3284 298 3372 Belgica
317 3312 325 3352 t
343 3297 431 3353 went
446 3289 502 3353 dot
524 3310 558 3353 er
581 3290 658 3352 door
675 3289 736 3351 ben
752 3308 807 3351 een
834 3287 985 3366 beronelti'lc
1000 3285 1238 3350 wonderteelcen
1261 3287 1289 3350 is
1304 3305 1359 3366 pe-

174 3413 297 3493 eeltr'ed,
320 3413 347 3476 is
366 3433 429 3476 uon
453 3413 487 3476 ol
508 3414 545 3475 de
568 3414 727 3476 intonuere
752 3431 814 3476 nnn
841 3412 1017 3476 Ierusalem
1047 3408 1218 3492 openbnnr,
1243 3427 1283 3471 en
1304 3429 1359 3490 toy

174 3538 301 3600 bunnen
329 3539 381 3600 bet
408 3539 473 3600 niet
501 3538 680 3601 loocbenen.
714 3536 821 3623 ltaque
847 3553 955 3621 graeca
986 3530 1182 3618 intelligenda
1213 3541 1286 3597 sunt
1316 3531 1359 3598 ita

173 3679 210 3724 30
226 3660 251 3724 Sl
269 3659 420 3748 SGPlprlss
438 3671 519 3726 OSSOl
539 3685 546 3726 :
566 3681 691 3750 φανερθν
709 3683 763 3745 μεν
783 3681 842 3747 γάρ
864 3681 941 3721 πασί
961 3680 1022 3729 τοίς
1039 3677 1231 3718 κατοικοῦσιν
1251 3656 1359 3746 Ἰερου-

174 3783 292 3869 σαλημ,
315 3790 360 3848 ὁτι
382 3806 515 3873 proteron
533 3807 657 3870 σημειον
677 3807 777 3873 yeyore
795 3780 833 3847 δι’
850 3806 969 3859 aaron,
988 3806 1038 3844 και
1057 3805 1137 3844 ουκ.
1156 3805 1187 3843 τ.
1206 3779 1236 3844 λ.
1256 3782 1358 3848 Pard-

174 3907 242 3974 enla
269 3931 323 3993 μεν
349 3910 379 3974 in
401 3908 554 3997 praesenti
578 3908 717 3975 oratione
733 3911 880 3974 solitarie
897 3917 959 3984 est,
979 3904 1039 3971 hoe
1063 3913 1126 3983 est,
1145 3903 1298 3968 omittitur
1322 3923 1357 3969 ea

174 4032 322 4098 orationis
339 4052 430 4121 pars,
450 4033 480 4098 in
499 4053 559 4120 qua
581 4033 669 4122 sequi
695 4032 826 4100 debebat
848 4028 892 4096 de.
911 4032 988 4096 Pars
1009 4028 1124 4095 antisse
1140 4026 1233 4093 inerit
1250 4025 1354 4093 baec:

175 4155 319 4221 leudibus
342 4167 448 4220 utitem
471 4151 530 4244 (de)
555 4158 691 4239 efferunt
712 4178 819 4221 odones
842 4158 876 4220 id
903 4158 986 4240 quod
1008 4158 1128 4240 [netum
1151 4160 1215 4234 est,
1242 4162 1276 4216 ut
1292 4150 1357 4216 ool-

174 4277 225 4363 ligi
247 4288 348 4366 potest
367 4299 405 4344 ex
425 4299 471 4345 vs.
496 4280 552 4346 ll.
581 4279 676 4365 igitur
698 4278 782 4368 quod
802 4279 957 4365 seqnitur,
980 4273 1048 4338 αλλ’
1066 4280 1113 4338 ἱνα
1131 4298 1190 4360 μη,
1207 4298 1238 4337 κ.
1257 4297 1287 4336 τ.
1307 4271 1354 4350 l„

175 4400 326 4488 pendete
354 4403 503 4470 sententia
531 4423 677 4491 expressa
705 4403 808 4469 verbis
829 4423 836 4464 :
860 4425 889 4464 τι
914 4421 1076 4483 ποιησομεν
1098 4421 1160 4470 τοις
1189 4396 1355 4485 aripenne
