3074 5054
185 363 251 430 bib
525 361 659 428 ACTUS
696 362 1033 443 APOSTOLORUM,

181 554 358 639 exquibus
386 552 497 619 litteris
526 552 676 641 liqueret,
703 553 831 620 Saulum
860 575 876 620 a
905 566 966 621 tolo
996 556 1148 641 Synedrio
1177 557 1367 624 Damascum

180 674 276 742 luisse
293 676 485 762 ablegatum,
504 687 595 762 atque
608 675 703 761 hujus
720 678 901 743 auctoritate
915 689 944 742 et
960 679 1045 745 iussu
1061 678 1102 745 ihi
1122 699 1189 745 esse
1202 690 1364 761 acturum;

180 801 230 866 cui
253 799 329 867 adeo
355 800 500 889 praelccti
529 800 779 888 synagogarum,
806 801 905 867 sicubi
933 823 982 868 res
1007 802 1037 868 id
1060 803 1248 890 postularet,
1274 824 1366 892 opem

180 923 260 989 ierne
284 922 444 990 deberent.
471 923 520 990 ef.
546 926 616 991 Act.
637 926 731 990 XXII
753 946 760 986 ε
782 928 818 1004 53
843 927 954 993 XXVI
975 952 982 992 :
1003 929 1058 994 la.
1084 927 1212 994 Summo
1235 927 1367 994 Iudaeo-

180 1067 249 1113 rum
267 1047 448 1135 pontificatu
472 1068 507 1113 eo
533 1057 673 1136 tempore
695 1047 878 1135 fungebatur
895 1060 947 1115 aut
963 1049 1135 1138 CaiaphaS,
1154 1060 1206 1115 aut
1222 1049 1317 1117 huius
1335 1052 1365 1117 in

179 1187 215 1235 eo
229 1189 357 1236 munere
374 1191 538 1237 successor
556 1170 722 1251 Ionathan3
744 1191 812 1237 narn
831 1173 1002 1253 sumImus,
1021 1173 1256 1239 conversIonem
1274 1172 1365 1240 Pauli

178 1292 326 1360 iucidisse
349 1294 381 1360 in
404 1313 517 1360 annum
542 1294 733 1382 trigesimum
758 1297 924 1384 septimum
949 1307 1018 1387 post
1041 1295 1200 1363 Christum
1230 1306 1363 1362 natum¹.

185 1416 392 1483 «Damascus
416 1417 569 1485 Hebraice
593 1425 699 1504 bigas,
726 1419 833 1486 civitas
857 1420 1073 1509 antiquissima
1098 1421 1233 1509 (Genes.
1253 1421 1362 1488 XIV:

181 1541 221 1606 lii
238 1562 246 1617 ;
264 1540 354 1607 XV:
377 1539 443 1618 Ia),
470 1549 500 1605 et
521 1539 750 1620 celeberrtmaa,
772 1542 830 1608 sita
855 1553 920 1608 erat
940 1542 971 1607 in
995 1541 1122 1630 planilla
1145 1542 1366 1608 amoenissima

177 1673 207 1728 et
223 1660 412 1728 fertilissima
435 1661 514 1727 inter
538 1662 689 1730 Libanum
707 1673 737 1730 et
752 1664 985 1738 Antilibanum,
1005 1666 1035 1731 in
1061 1685 1096 1732 ea
1119 1665 1228 1751 SyrIae
1253 1676 1363 1753 parte,

177 1803 256 1872 quae
284 1784 314 1850 in
344 1783 432 1851 libris
456 1786 553 1852 sacris
581 1785 672 1871 Syria
699 1788 891 1854 Damascena
919 1787 1028 1876 (puppa,
1055 1786 1138 1873 aas)
1166 1808 1182 1854 a
1211 1788 1365 1856 Strabone

175 1908 262 1997 (Lib.
286 1910 382 1988 XVI,
407 1930 440 1997 p,
462 1907 565 1996 tota)
587 1908 765 1995 Coelesyria
784 1909 1011 1999 (Korlncopra,
1029 1911 1130 1995 Syrio
1146 1910 1236 1999 coco)
1253 1913 1363 2002 appel·

177 2034 269 2101 latur.

221 2162 302 2224 sitsi
316 2180 392 2243 quos
408 2163 593 2243 invenisset,
613 2158 703 2245 etc).
723 2160 854 2226 Litteras
871 2160 939 2226 illas
956 2160 1158 2247 delegatorias
1176 2161 1287 2229 Saulus
1305 2184 1362 2252 pe-

177 2282 286 2349 tiverat
309 2287 345 2349 ln
365 2306 436 2352 eom
459 2287 576 2367 fircera,
598 2298 633 2350 ot
656 2288 684 2351 si
706 2282 802 2372 (ὁπως
830 2285 893 2367 aaa)
918 2306 996 2374 quos
1020 2284 1277 2373 deprehendisset
1298 2308 1363 2352 csse

176 2410 271 2474 huius
298 2421 398 2475 sectae
423 2408 489 2498 (της
514 2405 585 2474 ὁδου
613 2408 729 2499 carae),
757 2411 822 2476 sive
849 2410 933 2476 viros
962 2412 1026 2477 sive
1055 2411 1222 2487 mulieres,
1248 2412 1278 2476 ln
1303 2410 1363 2478 bos

176 2551 285 2598 manus
312 2533 443 2599 iniicere
470 2544 592 2621 posset,
622 2534 805 2621 vinctosque
834 2533 989 2600 deducere
1017 2533 1290 2618 Hierosolymam,
1318 2530 1362 2599 ihi

177 2668 334 2745 tamquam
357 2658 474 2745 patriae
497 2657 655 2744 religionis
683 2657 858 2726 desertores
882 2668 911 2723 et
932 2656 1037 2723 hostes
1058 2677 1075 2723 a
1098 2656 1252 2742 Synedrio
1278 2655 1365 2723 iudi-

177 2780 291 2848 candos
320 2791 349 2848 et
376 2780 531 2869 supplicio
559 2780 810 2847 alliciendos—
839 2781 909 2848 Vox
937 2776 1004 2854 ὁδος
1032 2779 1116 2868 (cio)
1148 2779 1365 2869 hletaphorice

176 2903 228 2971 hic
252 2904 366 2972 dicitur
390 2904 428 2971 de
452 2905 501 2971 via
526 2925 617 2993 quarn
643 2906 713 2993 quis
738 2906 768 2971 in
795 2926 828 2971 re
853 2905 996 2990 religiosa
1022 2904 1127 2984 illinit,
1154 2903 1214 2970 hoc
1239 2914 1303 2984 est,
1324 2904 1364 2971 de

175 3029 324 3117 religione
353 3050 444 3117 quam
473 3029 544 3117 quis
572 3029 732 3117 amplexus
761 3039 826 3107 est,
857 3029 1009 3116 cuiusque
1038 3028 1175 3093 instituta
1203 3026 1361 3114 sequitur.

176 3146 261 3225 Ὀδος
278 3151 315 3218 de
332 3152 497 3235 Aethrione
516 3151 718 3234 Christiorm,
739 3170 799 3238 quo
817 3149 990 3236 significatu
1008 3149 1061 3216 hic
1080 3149 1227 3228 sumitur,
1247 3148 1364 3214 iterum

177 3272 291 3339 dicitur
320 3271 414 3354 inira,
446 3274 523 3361 Gap.
555 3273 635 3338 X1X
666 3297 673 3337 :
704 3274 748 3351 93
780 3271 876 3337 XXII
909 3297 916 3337 ε
947 3274 979 3338 I.
1012 3271 1146 3337 Hebraei
1175 3269 1236 3336 hoc
1265 3289 1363 3337 sensu

178 3395 367 3485 usurpabant
384 3417 490 3464 vocem
515 3410 589 3480 app,
616 3399 679 3461 oio.
707 3397 745 3460 Et
762 3394 852 3474 licet,
874 3415 941 3461 mea
963 3395 1088 3483 quidem
1107 3394 1277 3476 sententia,
1299 3396 1365 3460 He-

180 3519 348 3587 hraismum
372 3540 540 3608 agnoscere
564 3520 595 3585 in
620 3539 679 3586 usu
703 3517 796 3585 huius
822 3518 982 3596 vocabuli,
1010 3538 1196 3607 quamquam
1217 3538 1278 3584 vox
1294 3514 1365 3592 ὀδος

213 3815 233 3881 ¹)
251 3814 290 3866 et.
305 3814 371 3878 Ilug.
386 3814 576 3879 Einleitungin
590 3814 631 3866 dia
650 3814 747 3867 SchriI·
793 3819 910 3881 tempore
932 3813 964 3866 ah
987 3814 1078 3877 Arata,
1103 3827 1162 3878 rege
1184 3812 1295 3866 Arabiae
1317 3829 1363 3868 eo-

181 3900 224 3949 ten
240 3898 286 3948 des
297 3895 329 3947 N.
344 3896 372 3946 T.
386 3896 454 3947 Edit.
466 3897 508 3954 IV.
523 3911 549 3962 p.
563 3897 620 3949 278.
632 3897 744 3949 -Flam
793 3897 906 3962 demque
925 3909 1013 3947 socero
1029 3895 1137 3946 Herodis
1153 3894 1266 3959 AnIIpae
1277 3908 1364 3961 expu-

181 3980 283 4047 Ioseph.
296 3981 404 4046 Antiqq.
414 3980 496 4032 XVIII
509 3995 515 4030 :
528 3979 553 4031 t.
794 3983 886 4043 gnata,
900 3980 1000 4030 tantam
1014 3977 1134 4028 habuisse
1145 3976 1241 4028 dicitur
1255 3976 1364 4030 Iudaeo·

212 4066 231 4128 ¹)
253 4083 265 4110 u
287 4063 355 4114 Haec
377 4060 453 4122 urbs,
476 4062 580 4125 regibus
599 4076 670 4114 nunc
693 4063 747 4113 suls
794 4076 852 4112 rum
871 4061 1080 4122 multiludinem,
1097 4063 1126 4112 ut
1143 4058 1268 4125 Iosephus
1286 4060 1326 4126 (B.
1341 4060 1361 4112 l.

180 4159 240 4207 usa,
265 4158 336 4195 nunc
360 4142 480 4206 Davidis,
505 4158 577 4195 nunc
605 4144 746 4197 leroboami
794 4141 976 4208 11:55),Nero
994 4143 1152 4207 imperante,
1166 4154 1181 4191 a
1194 4141 1364 4193 Damascenis

181 4227 313 4287 Secundi,
336 4239 408 4277 nunc
432 4225 614 4290 Assyriorum,
637 4226 748 4291 Babylo·
793 4226 948 4278 Iudaeorum
966 4226 1054 4277 decem
1071 4225 1163 4287 millia,
1177 4223 1283 4276 collecta
1295 4225 1363 4278 locta

181 4310 298 4371 nicrum,
312 4308 464 4369 Persarum,
475 4306 680 4370 Seleucidarum,
700 4306 749 4359 Ilo·
794 4310 822 4361 in
833 4309 942 4361 thermis
958 4308 1082 4376 publicis,
1095 4307 1223 4360 trucidata
1234 4321 1291 4359 esse
1303 4321 1363 4360 nar·

182 4404 319 4442 manorum
330 4390 439 4455 Imperio
455 4389 588 4453 subiecta,
601 4389 674 4441 Pauli
687 4404 749 4442 vero
796 4394 842 4442 ret.
855 4409 867 4436 o
882 4390 958 4443 Wahl
970 4391 996 4442 in
1008 4391 1079 4444 Clavi
1089 4390 1160 4441 N..T.
1174 4388 1244 4440 adh.
1257 4403 1284 4441 v.
