3074 5054
122 457 124 461 ,
180 388 246 458 380
520 389 654 460 horus
689 387 1026 469 Apostolorum,

179 579 290 648 Sacrae
324 579 504 668 Scripturae
530 580 609 648 Novi
638 581 828 648 Testamenti
860 579 1043 668 saepissime
1075 579 1243 649 inculcant.
1279 585 1369 652 Loca

178 703 342 791 pleraque,
369 721 448 789 quae
473 702 534 771 huc
560 702 691 782 faciunt,
711 703 835 791 collegit
860 703 1001 771 Andreas
1024 703 1109 790 Vega
1134 704 1165 770 in
1187 725 1245 773 suo
1268 727 1369 795 opere

177 829 215 891 de
242 826 492 908 lostihcotiooe,
520 823 601 891 libro
630 826 688 904 tv,
715 825 815 914 capite
840 824 948 902 tertio,
976 823 1059 912 quod
1085 824 1272 914 inscripsit:
1301 828 1371 895 Νο-

176 955 295 1017 mtoem
319 971 470 1035 umquem
489 953 663 1034 iustificari
682 954 840 1034 potuisse,
870 952 935 1015 nisi
955 970 1015 1033 ρον
1038 949 1161 1015 Christi
1181 953 1366 1036 iustitium5

176 1075 229 1142 uhi
259 1062 417 1140 iustitium
436 1073 586 1160 'intelligit
609 1074 681 1140 lesu
710 1071 825 1140 Christi
855 1072 980 1151 merita,
1007 1070 1272 1160 quemadmodum
1303 1093 1367 1140 vox

177 1195 294 1263 iustitia
315 1190 495 1282 intelligitur
517 1196 608 1263 etiam
632 1195 663 1262 in
684 1194 745 1262 hcc
770 1193 858 1261 Pauli
880 1195 970 1261 allato
996 1193 1069 1284 (Ep.
1093 1193 1132 1261 ad
1160 1195 1254 1262 Rom.
1283 1197 1367 1284 Cap.

177 1319 234 1384 V:
257 1320 334 1400 l8lt
356 1318 448 1385 Sicut
471 1341 532 1403 per
558 1322 655 1385 ocios
683 1322 831 1385 delictum
859 1321 893 1383 in
922 1339 1028 1384 ornnes
1054 1320 1198 1384 homines
1227 1321 1263 1383 io
1278 1339 1366 1384 ,con-

177 1447 408 1510 demnationem
427 1464 434 1506 :
453 1447 500 1509 sic
515 1455 545 1509 et
559 1465 619 1527 per
641 1446 739 1510 unios
756 1445 842 1530 (Iesu
870 1440 1006 1522 Christi)
1030 1445 1187 1508 iustitium
1206 1445 1369 1532 irrorares

177 1570 317 1633 homines
341 1571 375 1633 io
399 1570 657 1652 iustificatiooem
680 1570 777 1633 vitoe.
802 1566 929 1636 Videsis
952 1566 1044 1633 etiam
1068 1586 1147 1655 quae
1169 1586 1189 1633 a
1212 1565 1304 1635 nobis
1328 1567 1369 1636 de

177 1690 286 1758 eodem
303 1690 444 1779 dogmate
461 1702 559 1758 notata
575 1701 647 1758 sunt
662 1711 756 1780 supra
773 1690 812 1758 ad
829 1691 906 1779 Cap.
926 1691 971 1759 lV
993 1709 1000 1751 :
1020 1691 1073 1756 lh.
1095 1689 1244 1755 Gratiam
1261 1701 1368 1759 autem

176 1817 303 1883 Domini
332 1820 402 1884 lesu
430 1816 562 1897 Christi,
593 1837 685 1906 quam
722 1816 773 1884 hic
805 1816 881 1884 dicit
911 1819 1043 1893 Petrus,
1074 1836 1145 1882 cum
1177 1814 1366 1884 Salmerone

177 1942 296 2027 (Tract.
323 1943 365 2008 15
383 1940 414 2006 in
430 1943 501 2007 Act.
526 1942 602 2029 hp.)
628 1940 742 2008 dietam
766 1941 918 2008 sumimus
942 1940 979 2008 de
999 1940 1132 2027 gratuita
1156 1938 1275 2008 Christi
1292 1961 1368 2030 erga

179 2084 234 2130 nos
258 2063 486 2144 benevolentia,
511 2083 571 2152 qua
595 2084 651 2153 pro
677 2063 767 2131 nobis
792 2063 997 2131 iustificandis
1021 2073 1051 2129 et
1075 2062 1265 2131 adsalutem
1293 2084 1368 2152 per-

176 2187 326 2256 ducendis
354 2187 532 2275 sangninem
561 2207 652 2254 suum
681 2188 711 2253 io
740 2207 834 2254 cruce
862 2188 994 2254 effusum
1023 2188 1091 2253 Deo
1118 2187 1203 2253 Patri
1232 2186 1363 2255 obtulit.

176 2314 373 2381 Praesentem
407 2312 510 2379 locum
543 2322 631 2399 urget
662 2311 695 2378 S.
727 2312 918 2399 Augustinus
948 2310 1035 2399 (Lib.
1066 2313 1087 2379 D
1115 2321 1223 2378 eontra
1254 2311 1363 2400 Pelag.

175 2437 251 2525 Cap.
271 2437 362 2524 XXl)
386 2446 493 2503 contra
515 2433 724 2521 Pelagianos:
750 2436 868 2500 «Dicit
891 2435 1009 2499 Petrus
1032 2435 1219 2518 Apostolos,
1240 2434 1364 2523 inquit,

172 2582 232 2644 per
258 2563 399 2643 pretinm
426 2559 557 2624 Domini
586 2561 689 2624 nostri
715 2559 791 2623 Iesu
828 2557 950 2624 Christi
980 2560 1138 2623 credimus
1171 2579 1228 2623 ooo
1261 2560 1366 2626 sulcos

176 2687 268 2770 fieri,
287 2686 549 2769 quemadmodum
565 2693 596 2747 et
613 2685 684 2766 illi,
703 2684 820 2749 scilicet
843 2684 969 2748 Patres.
988 2682 1059 2747 Hoc
1081 2703 1134 2747 vos
1157 2702 1221 2747 troo
1245 2686 1362 2768 uoltis,

178 2812 302 2874 inimici
314 2811 439 2893 gratioe
466 2810 540 2885 Dei,
559 2817 594 2872 ut
610 2809 719 2872 eodem
741 2811 847 2891 pretio
872 2807 994 2873 Christi
1017 2808 1100 2873 solvi
1115 2810 1290 2874 crederetur
1304 2831 1366 2874 ort·

180 2940 261 3022 tiqui
267 2986 276 3015 ‚
305 2938 358 3001 sed
384 2936 572 3001 distribuitis
605 2945 747 3019 temporo
779 2938 952 3001 secuudum
987 2937 1173 3018 Pelopiam,
1206 2939 1242 3001 ire
1270 2940 1363 3003 cetius

180 3060 271 3125 lihris
298 3061 354 3123 hoc
379 3059 511 3141 lepitur3
538 3069 565 3123 et
594 3071 665 3124 orate
693 3059 804 3142 Lepem
829 3062 933 3125 dicitis
956 3060 1058 3124 salvos
1087 3062 1188 3144 suctos
1212 3081 1280 3125 esse
1302 3082 1365 3145 ρον

179 3194 347 3262 ootttrom,
365 3184 478 3247 deiode
498 3203 557 3266 ρον
580 3183 691 3266 Legem
697 3232 709 3265 ,
727 3192 887 3266 postremo
906 3204 966 3266 ρον
991 3181 1173 3266 Christum,·
1190 3186 1286 3268 perosi
1308 3187 1364 3249 ho·

177 3306 315 3372 orioihns
336 3306 471 3371 dirorum
494 3307 697 3390 superiorum
719 3317 913 3389 temporum,
941 3318 1014 3373 orate
1039 3307 1152 3389 Legem
1176 3307 1313 3387 seilicet,
1333 3320 1364 3374 et

179 3433 214 3494 io
231 3430 327 3512 Lepe,
346 3430 477 3512 soopnt's
501 3427 625 3494 Christi
641 3450 703 3494 ooo
726 3431 824 3513 suerit
847 3431 1058 3505 accessorius,
1078 3439 1264 3494 roocuootes
1280 3433 1364 3513 qood

178 3558 299 3621 dimam
327 3566 372 3621 est
398 3576 408 3615 ι
436 3554 524 3621 Unus
552 3555 655 3633 Deus,
685 3565 716 3622 et
740 3575 821 3622 unus
850 3554 1002 3623 mediator
1029 3553 1087 3621 Dei
1118 3565 1148 3621 et
1177 3551 1361 3636 hominum,

153 3674 272 3743 *homo
297 3674 439 3743 Christus
465 3676 564 3742 lesus
591 3703 604 3733 »
1049 3752 1052 3756 ,

223 3799 339 3888 Gentes
366 3796 558 3865 adsalutem
582 3797 788 3865 Christianam
814 3798 872 3866 alia
903 3798 949 3865 via
978 3797 1048 3866 duci
1080 3799 1175 3879 velle,
1206 3819 1300 3888 quam
1326 3821 1362 3868 ea

177 3939 271 4009 quam
294 3920 381 3986 Deus
405 3918 562 3986 evidenter
582 3919 802 4008 approbasset,
828 3932 894 3987 erat
918 3920 979 3987 hoc
1002 3932 1125 3986 tentore
1150 3923 1270 4002 Deum,
1292 3923 1313 3988 i.
1329 3921 1378 3989 ο.’

177 4045 280 4110 Deum
304 4043 392 4131 quasi
417 4062 600 4132 provocare,
625 4054 659 4109 ut
681 4043 869 4110 uoluntatem
886 4063 974 4111 suam
991 4042 1163 4111 declararet
1178 4044 1360 4113 ulciscendo

177 4167 268 4234 istam
292 4164 551 4233 incredulitatem.
571 4168 708 4233 Tentare
725 4168 827 4232 Deam
845 4187 918 4254 ergo
935 4166 975 4233 sit
990 4171 1032 4233 od
1054 4171 1139 4233 irem
1156 4188 1226 4234 eum
1247 4190 1362 4253 proeo-

178 4313 270 4375 care,
295 4302 329 4357 ut
349 4290 522 4357 Deuteron.
548 4291 624 4379 Cap.
653 4291 730 4360 Vl:
761 4294 820 4371 16,
848 4290 921 4358 coll.
948 4293 990 4358 lh
1012 4304 1043 4358 et
1066 4295 1126 4372 15,
1151 4291 1268 4358 Psalm.
1296 4294 1358 4372 77,

178 4434 224 4481 rs.
244 4417 304 4496 18,
322 4414 394 4483 coll.
414 4435 462 4482 vs.
491 4417 544 4483 17.
564 4414 613 4483 Cl.
639 4415 730 4483 etiam
755 4436 802 4483 rs.
831 4417 867 4484 hl
889 4425 920 4483 et
937 4417 998 4496 hd,
1014 4417 1066 4484 ubi
1083 4437 1121 4483 ex
1137 4416 1358 4484 sententiarum
