3074 5054
468 379 606 448 CAPUT
640 377 716 458 XV,
753 377 876 447 VERS.
914 378 1061 447 att-25.
1295 375 1360 442 589

177 581 271 660 atque
284 567 545 648 fornicationem),
560 589 618 636 uec
633 568 723 658 plura
736 588 793 636 nec
809 567 868 635 alia
884 567 1099 637 nominaverit.
1114 568 1164 638 Ad
1180 568 1239 635 tria
1256 566 1362 657 priora

178 691 263 783 quod
290 692 415 763 attinet,
441 690 569 758 forsitan
593 710 686 758 causa
713 690 786 770 luit,
814 689 886 779 quia
917 689 1090 758 istiusmodi
1117 691 1259 758 ciborum
1284 708 1361 757 usus

177 814 494 885 iudaea-Christianis
519 814 706 905 praecipuae
731 813 854 881 cuidam
883 813 1103 882 abominationi
1133 825 1232 895 esset,
1263 833 1360 903 quum

177 942 291 1012 talibus
315 941 398 1009 uesci
423 941 503 1010 cibis
526 939 734 1008 idololatriam
758 941 905 1029 saperet.
926 942 960 1006 ln
979 959 1111 1029 quorum
1128 939 1256 1027 gratiam
1274 941 1362 1007 laco·

178 1065 237 1135 bus
253 1066 346 1134 etiam
364 1065 404 1133 de
423 1064 610 1132 scortatione
636 1063 782 1132 disertam
800 1063 1042 1153 prohibitionem
1060 1065 1128 1131 lieri
1146 1064 1273 1131 forsitan
1291 1064 1360 1133 ideo

176 1188 330 1269 voluerit,
360 1199 394 1256 ut
421 1186 496 1254 binc
524 1186 635 1254 iisdem
663 1198 748 1254 certo
776 1199 949 1268 constaret,
981 1206 1034 1253 eos
1067 1186 1119 1275 qui
1154 1205 1193 1252 eu
1219 1186 1362 1254 Ethnicis

176 1313 344 1382 Christiani
363 1313 472 1380 fierent
493 1311 552 1380 hac
575 1311 787 1397 prohibitione
810 1312 939 1380 meliora
964 1311 1108 1391 edoctos,
1128 1310 1211 1378 haud
1226 1310 1360 1400 amplius

177 1438 397 1507 scortationem
413 1457 471 1527 pro
488 1458 523 1504 re
539 1433 698 1529 αδιαφορῳ
715 1436 843 1505 habere.

221 1683 277 1751 dl.
305 1684 432 1767 Moyseo
452 1685 539 1749 enim
563 1705 582 1748 a
606 1682 797 1766 temporibus
821 1683 984 1765 cretionis,
1010 1677 1097 1760 eto).
1124 1682 1255 1747 Causam
1277 1678 1360 1771 (γαρ)

178 1805 226 1875 dat
253 1807 403 1887 lacobus,
432 1827 490 1873 cur
514 1807 671 1874 existimet
694 1805 869 1873 istiusmodi
900 1816 1099 1895 praeceptum
1127 1804 1262 1873 dandum
1291 1825 1360 1872 esse

180 1930 539 2015 Ethnico·Christiauis;
561 1936 645 2003 Nom
673 1934 795 2014 Moses,
827 1933 945 2021 inquit,
975 1933 1037 2000 ium
1065 1933 1137 2001 iude
1164 1955 1203 1999 en
1230 1936 1359 2020 antiqno

179 2056 223 2145 (en
243 2076 349 2147 yeneno
378 2054 530 2147 αρχαιων)
553 2058 588 2120 in
616 2058 749 2140 stupetis
775 2056 956 2122 civitatibus
980 2059 1070 2122 babet
1091 2061 1147 2142 qui
1169 2079 1241 2123 euno
1270 2056 1305 2136 (i.
1329 2079 1358 2125 e.

178 2180 331 2248 Mosaicae
359 2180 436 2268 legis
464 2177 641 2269 praecepta)
665 2181 872 2263 praedicent,
903 2183 1017 2265 anppe
1044 2182 1101 2263 qni
1127 2179 1255 2264 (Musca,
1274 2177 1357 2265 be.

177 2302 246 2371 libri
264 2303 374 2383 lllosiS,
389 2304 455 2370 sive
471 2302 709 2387 pentateuchus)
726 2306 862 2387 nicopolis
878 2304 1014 2369 sabbatis
1031 2306 1065 2368 in
1081 2306 1250 2387 spiropopis
1263 2324 1360 2387 proe-

175 2427 306 2510 lepr‘tor.
320 2426 381 2494 Sed
395 2426 491 2493 fateor
504 2446 553 2493 me
566 2447 627 2493 non
641 2426 715 2493 satis
728 2427 921 2515 perspicere,
937 2440 1083 2511 creonam
1093 2424 1216 2492 taudem
1234 2429 1360 2492 ratione

177 2552 329 2620 versiculo
353 2555 396 2622 ⁶20
416 2553 611 2619 contineatur
630 2574 727 2618 conso
751 2574 809 2618 cnr
832 2551 962 2618 lacobus
988 2551 1121 2618 uoluerit
1142 2562 1175 2618 ut
1198 2571 1250 2632 ea,
1276 2570 1357 2640 quae

180 2674 296 2745 dixerat
322 2697 370 2744 us.
401 2679 462 2756 20,
494 2673 830 2744 Ethnico-Christianis
864 2675 1135 2764 praeciperentur3
1170 2695 1229 2741 neo
1259 2672 1358 2741 ullum

178 2800 276 2869 adhuc
305 2801 363 2887 legi
392 2801 612 2890 interpretem,
638 2801 691 2889 qui
717 2820 802 2882 rent,
828 2819 896 2866 ntea
922 2798 1048 2887 quidem
1076 2798 1247 2877 sententia,
1274 2808 1359 2866 recte

180 2922 390 3013 explicaverit.

220 3167 366 3234 22—23.
395 3167 486 3232 Tunc
504 3168 625 3249 placuit
650 3167 834 3249 ⁴lportob‘s,
860 3164 950 3251 etc).
977 3168 1169 3236 Graecorum
1192 3165 1357 3232 verborum

180 3296 333 3356 structura
357 3287 418 3356 hoc
441 3289 509 3356 loco
527 3289 619 3377 paulo
645 3288 802 3356 difficilior
818 3300 883 3369 est;
909 3309 979 3356 nam
997 3310 1054 3380 pro
1078 3280 1290 3377 ε’κλεξαμενους
1306 3310 1360 3356 ex-

179 3423 349 3501 spectasses
377 3410 600 3499 εκλεξαμενοις,
626 3423 675 3492 et,
701 3412 953 3502 quandoquidem
977 3415 1128 3504 scriptum
1153 3425 1219 3481 erat
1240 3411 1359 3489 εκλεξα·

180 3557 302 3620 μενους,
329 3538 408 3604 inlra
431 3558 478 3606 vs.
507 3540 550 3606 25
575 3558 633 3627 pro
655 3536 823 3630 γραψαντες
844 3539 1025 3628 scripsisses
1053 3537 1239 3629 γραψαντας.
1269 3542 1360 3606 Certe

179 3660 286 3727 usitata
302 3661 447 3748 Syutaxis
464 3661 649 3751 postulasset
665 3673 697 3728 ut
714 3661 906 3730 scriberetur
924 3682 932 3724 :
949 3658 1029 3738 εδοξε
1045 3687 1107 3737 τοις
1123 3659 1356 3738 decervion...

178 3781 381 3873 εκλεξαμενοις
403 3782 534 3879 euripum
560 3787 616 3855 sed
640 3799 670 3854 et
690 3808 725 3854 ea
749 3798 924 3870 structura,
951 3809 1011 3879 qua
1033 3789 1094 3856 hoc
1118 3789 1186 3856 loco
1214 3809 1290 3857 usus
1313 3802 1360 3857 est

178 3907 294 3988 Lucas,
313 3908 403 3976 obtin
419 3922 484 3984 est,
500 3930 557 3978 nec
574 3910 616 3977 ita
641 3931 730 3993 raro,
749 3913 832 4001 apud
848 3913 1018 4002 scriptores
1042 3915 1180 3983 Graecos
1197 3911 1356 3997 profanos.

177 4031 327 4121 Exempla
348 4033 500 4101 eiusmodi
525 4045 692 4122 syntaxeos
717 4057 754 4103 ex
779 4057 841 4105 uuo
866 4037 1025 4106 Herodoto
1049 4037 1133 4105 varia
1155 4036 1278 4124 collegit
1297 4038 1359 4103 Ra-

178 4153 301 4242 phelius
318 4157 461 4247 (Annctt.
489 4157 520 4222 iu
541 4157 582 4224 Ν.
608 4160 648 4224 Τ.
675 4157 772 4226 adh.
799 4159 852 4249 l.).
877 4160 950 4239 Sic,
975 4159 1109 4251 exempli
1125 4160 1240 4248 gratia,
1259 4161 1359 4229 Heru-

211 4422 229 4488 ¹)
248 4423 312 4476 Vide
335 4423 474 4476 Baronium
496 4424 529 4478 nd
553 4423 602 4478 An.
626 4425 674 4478 Cb.
700 4425 774 4495 ol‚§
791 4427 831 4480 20.
