3074 5054
179 387 243 453 tna
540 384 675 452 AC'lUS
715 385 1042 465 APOSTOLORUM,

176 575 245 639 Eut
268 575 306 638 da
334 585 421 640 terra
446 584 500 640 tua
527 571 577 662 (de
601 573 648 640 Ur
674 572 918 655 Chaldaeorum,
939 585 974 642 ut
998 574 1111 642 dicitnr
1132 573 1287 641 versiculo
1310 593 1360 640 se·
1433 561 1437 569 ’

177 692 312 785 quenti),
331 707 361 760 et
378 699 416 760 de
433 698 616 779 copuatioae
635 706 688 761 tua
704 695 758 785 (de
772 708 824 764 ton
841 696 1034 786 parentage),
1049 709 1080 765 ct
1091 698 1160 764 veui
1175 697 1205 763 in
1222 707 1356 780 terram,

175 840 403 906 quamcumque
419 821 480 904 (αν)
497 832 716 886 monstravero
733 822 802 887 tibi.

221 944 255 1009 ln
280 943 361 1011 libro
390 943 549 1011 Geneseos
578 944 669 1033 (Cap.
699 945 763 1009 Xll
791 969 798 1009 :
827 946 924 1028 r-5)
947 953 1105 1025 narratur,
1126 942 1357 1023 abrahamum,

175 1092 246 1135 cum
263 1079 444 1135 moraretur
463 1071 498 1134 iu
524 1068 667 1151 Charon,
698 1068 823 1135 iubente
840 1069 908 1134 Deo
927 1067 999 1134 iude
1019 1068 1174 1148 exivisse,
1195 1078 1225 1134 et
1241 1071 1360 1133 cerrima

176 1196 211 1258 ia
225 1205 345 1260 terram
358 1193 525 1260 Chauaau.
541 1193 667 1270 Contra,
682 1191 858 1281 Stephanus
872 1204 1034 1273 memorat,
1046 1191 1271 1272 abrahamum,
1285 1214 1359 1257 curu

174 1326 251 1380 esset
275 1318 309 1381 iu
332 1316 581 1399 Mesopotamia,
596 1319 786 1402 priusquam
804 1327 988 1382 moraretur
1011 1319 1045 1381 iu
1071 1317 1202 1382 Charau
1225 1316 1287 1405 (vs,
1308 1313 1358 1399 ἓ),

176 1438 294 1518 relicta,
320 1439 444 1507 iubente
460 1441 541 1519 Deo,
561 1440 803 1528 Mesopotamia,
821 1443 944 1506 uenisse
960 1443 994 1505 ia
1013 1439 1160 1523 Citarau,
1179 1439 1361 1527 ibidemque

175 1561 354 1650 aliquandiu
372 1561 544 1642 habitasse3
561 1562 634 1630 hinc
654 1582 743 1643 vero,
759 1583 838 1629 novo
857 1564 916 1630 Dei
938 1564 1042 1644 iussu,
1056 1564 1178 1630 uenisse
1194 1563 1225 1629 in
1245 1574 1361 1629 terram

175 1685 319 1752 Chanaan
345 1689 406 1776 (rs.
434 1688 481 1773 d).
501 1689 540 1754 Et
564 1697 635 1753 sunt
657 1686 710 1775 qui
736 1686 858 1766 dicant,
877 1687 1068 1777 Stephanum
1086 1687 1178 1776 lapsu
1195 1688 1365 1753 memoriae

176 1809 338 1877 averitate
363 1809 414 1877 hic
435 1811 615 1891 aberrasse3
631 1830 719 1890 nam,
737 1811 901 1899 inquiunt,
921 1810 951 1876 in
976 1809 1057 1876 libro
1078 1793 1237 1878 Geneseos
1258 1828 1363 1907 serino

178 1953 239 2000 non
257 1946 303 2001 est
318 1935 377 2000 nisi
391 1934 429 2001 de
442 1955 502 2002 una
519 1934 731 2003 tantummodo
748 1936 807 2002 Dei
835 1935 893 2002 hac
909 1937 940 2000 in
958 1955 991 2002 re
1011 1935 1165 2016 iussione;
1185 1932 1363 2022 Stephanus

176 2068 278 2125 autem
303 2078 370 2126 rem
394 2059 544 2150 duplicat.
560 2060 678 2128 —Scd
702 2060 782 2129 absit
804 2072 837 2127 ut
862 2081 933 2128 cum
957 2060 1005 2127 his
1029 2059 1210 2127 sentiamus.
1234 2060 1361 2127 Scilicet

86 2192 90 2215 ¹
176 2181 298 2248 divinae
322 2181 496 2270 scripturae
517 2184 631 2250 veteris
647 2186 837 2252 Testamenti
863 2205 923 2251 non
941 2204 1031 2251 secus
1047 2203 1083 2250 aa
1100 2181 1276 2272 Stephanus
1292 2203 1360 2249 rem

177 2305 355 2394 duplicant,
382 2325 569 2394 quamquam
590 2307 759 2376 iussionem
783 2309 934 2397 migrandi
963 2329 1000 2374 ex
1025 2306 1166 2373 Clrarane
1187 2317 1362 2372 memorant

177 2428 323 2533 dipertius
341 2428 473 2518 (Genus.
492 2430 554 2495 Xll
571 2456 578 2494 ι
596 2428 697 2515 1-5)
714 2450 806 2519 quam
825 2451 909 2510 eant,
929 2449 990 2518 qna
1006 2428 1163 2496 Abraham
1180 2428 1285 2494 iussus
1303 2426 1363 2493 suit

177 2553 262 2619 exire
278 2573 316 2619 ex
341 2554 387 2620 Ur
411 2549 637 2618 Chaldaeorum
654 2552 720 2619 sive
737 2572 775 2620 ex
792 2552 1033 2642 Mesopotamia3
1052 2551 1106 2618 sed
1124 2563 1225 2618 tamen
1242 2560 1272 2615 et
1288 2570 1362 2638 pos-

176 2680 320 2746 teriorem
344 2676 424 2744 hanc
446 2678 726 2766 peregrinationem
750 2678 789 2745 ab
814 2678 1012 2757 Ahmhnmn,
1038 2677 1057 2744 h
1089 2689 1160 2744 ente
1182 2678 1271 2752 Deo,
1290 2697 1361 2743 sus-

175 2814 295 2892 ceptam
311 2813 567 2869 commemorant.
592 2802 670 2867 Nam
688 2803 803 2870 Gerros.
822 2803 885 2870 XV
906 2828 913 2869 :
933 2806 952 2869 7
971 2803 1082 2890 legitur
1099 2801 1186 2867 Dens
1202 2798 1241 2866 ad
1257 2798 1361 2866 Abra·

176 2928 301 2994 hamum
317 2926 433 2994 dixisse
452 2947 460 2988 a
480 2926 729 3010 Euellendum,
745 2927 802 3010 qui
820 2928 918 2990 eduini
935 2935 963 2989 te
980 2929 1017 2991 cle
1037 2926 1084 2991 Ur
1103 2923 1337 2990 Chaldaeorum
1344 2947 1361 3005 ;

176 3063 206 3119 et
225 3050 358 3119 Nehern.
385 3052 432 3117 lX
452 3075 459 3117 ε
479 3054 498 3117 7
521 3074 528 3115 :
548 3049 625 3122 haec
649 3047 825 3114 habentur:
846 3051 893 3115 Tu
916 3053 996 3132 ipae,
1021 3051 1153 3113 Domine
1177 3046 1282 3128 Deus,
1302 3050 1363 3131 qui

175 3176 299 3258 eiepisti
324 3175 468 3253 Abram5
494 3184 523 3239 et
550 3174 691 3238 eduxisti
718 3193 790 3237 euna
817 3175 854 3237 de
884 3174 965 3255 ipuo¹
998 3173 1250 3252 Chaldaeorum,
1283 3183 1360 3247 anau

173 3304 271 3383 aspha
298 3296 330 3364 h.
355 3318 384 3365 e.
404 3318 442 3364 ex
466 3299 511 3362 lh·
535 3298 765 3363 Chaldaeorum
773 3322 788 3380 ,·
817 3307 847 3361 et
872 3298 964 3361 losue
987 3294 1081 3383 (Cap.
1106 3294 1218 3361 XXlV
1237 3317 1245 3357 ε
1265 3294 1304 3370 2,
1324 3288 1361 3376 5)
1388 3344 1392 3351 ,

174 3422 213 3490 ad
236 3422 392 3491 lsraiilitas
413 3449 420 3491 :
441 3427 535 3502 laaoc,
556 3422 676 3510 inquit,
703 3424 784 3488 dicit
805 3423 964 3486 Dominus
990 3421 1073 3485 Deus
1101 3419 1205 3484 lsrael
1222 3442 1232 3480 .·
1252 3415 1360 3480 Trous

174 3550 309 3632 fluuium
336 3549 370 3631 (i.
401 3569 430 3616 c.
462 3561 546 3616 trans
573 3546 785 3636 Euphratem,
816 3547 846 3611 in
875 3544 1110 3633 Mesopotamia)
1137 3543 1361 3607 habitaverunt

173 3684 278 3757 patres
302 3676 400 3739 uestri
423 3676 460 3738 ah
477 3676 590 3752 initio,
610 3674 639 3737 T
636 3674 714 3737 aare
732 3673 830 3736 Pater
848 3671 1010 3736 Abraham
1027 3679 1058 3732 et
1074 3669 1223 3750 Machor,
1241 3669 1362 3732 servie—

176 3807 311 3882 ruutqaa
326 3799 390 3863 diis
413 3801 539 3864 alienia.
567 3799 643 3864 Tuli
663 3818 737 3882 erpo
759 3808 884 3881 patrem
900 3807 1041 3862 oestrum
1060 3795 1220 3860 Abraham
1237 3795 1275 3857 de
1291 3793 1362 3856 Me-

175 4002 216 4052 3t.
234 4002 320 4067 Atque
331 4001 399 4053 hanc
417 4001 449 4053 de
465 4001 518 4052 sltu
538 4000 611 4051 urbis
633 4000 671 4051 Ur
687 4013 744 4050 sen·
789 4011 834 4063 sed
846 4024 906 4063 cum
919 4010 1016 4062 dpcpup
1040 4001 1140 4080 niutau
1155 4009 1217 4070 aus,
1236 4019 1287 4059 vox
1307 4008 1361 4055 aas

175 4085 293 4144 iessliflssh
320 4097 335 4134 fl
361 4081 486 4134 BOGhfltiO
514 4082 629 4148 (Phill‘lss-
652 4081 743 4143 1²⁴⁰}
791 4108 843 4146 non
872 4097 912 4144 est
939 4093 1059 4144 habenda
1087 4105 1135 4158 pro
1163 4104 1225 4142 voce
1253 4089 1362 4155 linguas

175 4168 197 4218 ll
212 4186 218 4220 ;
233 4168 257 4234 6)
270 4169 438 4234 propositam,
454 4169 536 4219 secuti
547 4171 611 4219 sunt
622 4167 746 4219 recentia·
791 4178 945 4238 Hebraeae,
964 4178 1009 4228 sed
1029 4177 1194 4241 Assyriam,
1215 4187 1283 4240 quae
1298 4187 1361 4225 cum

176 4265 233 4300 rum
251 4250 374 4316 plurimi,
388 4254 417 4301 ut
434 4250 502 4302 idem
522 4248 650 4301 Gesenlns
667 4249 747 4300 refert
791 4261 893 4312 Persica
911 4264 937 4311 ep
953 4260 1040 4310 pudica
1061 4261 1170 4322 cognata
1193 4256 1256 4319 supp
1279 4256 1362 4309 indo.

175 4333 268 4400 (ibid).
788 4359 839 4410 que
851 4345 907 4396 cius
922 4344 1035 4396 nominis
1046 4341 1202 4406 significatio
1217 4341 1361 4406 repetenda

210 4418 229 4484 ¹)
248 4421 301 4472 vox
326 4423 377 4470 *tt
400 4420 523 4474 uenraue
544 4421 630 4487 iurem
654 4421 740 4480 nonu
789 4431 836 4479 ast.
850 4425 888 4478 cf.
902 4425 996 4478 caseo.
1010 4426 1037 4476 in
1054 4424 1130 4476 raes.
1144 4423 1177 4475 an
1190 4421 1218 4474 n.
1231 4436 1257 4474 v.
