3074 5054
178 371 221 439 90
525 369 660 438 AGTUS
693 368 1029 450 deosculanda,

223 560 396 629 Relativmn
418 557 439 622 ἂ
461 581 523 628 non
543 571 590 628 est
612 561 777 630 Obieotum
802 560 888 628 verbi
910 562 1032 640 παθειν,
1056 562 1112 630 sed
1137 563 1223 631 verbi
1247 586 1361 654 upara-

177 686 324 777 rayyecle.
349 689 470 758 Graeca
492 697 593 755 vertas
609 709 616 752 :
632 690 718 754 Deua
742 698 866 767 autent,
890 711 970 774 puae
989 692 1282 773 praenunciaverat
1299 712 1361 775 per

176 832 209 876 oa
224 815 368 878 omniunt
384 797 516 877 suoram
527 814 779 896 prophetarant,
797 814 867 896 sore
883 822 918 877 at
936 812 1081 879 Claristus
1103 824 1281 895 pateretur,
1303 814 1361 877 doc

127 986 128 989 ,
177 939 269 1001 modo
288 937 440 1020 impleuit.
459 935 589 1002 Locutio
606 935 708 998 παθειν
725 955 775 998 τον
792 935 925 1026 Χριστον
941 935 1159 1025 complectitur
1174 935 1259 1002 varia
1279 955 1359 1024 quae

177 1059 321 1127 Christus
342 1079 510 1149 perpessus
533 1069 595 1140 est;
621 1059 660 1126 ad
683 1060 775 1123 varia
803 1056 880 1125 haec
907 1057 1023 1125 celeras
1044 1058 1218 1126 Relativum
1244 1058 1282 1136 ἅ;
1312 1071 1361 1127 est

176 1203 249 1270 ergo
266 1182 336 1264 hic,
354 1194 389 1251 ut
403 1183 538 1263 videtur,
553 1182 742 1250 constructio
758 1185 800 1248 ad
816 1204 953 1249 sensam.
971 1184 1005 1249 ln
1022 1182 1101 1250 Cod.
1115 1183 1196 1250 Msc.
1211 1183 1242 1250 D
1260 1203 1318 1272 pro
1336 1188 1357 1246 ἅ
1404 1227 1406 1232 ·

176 1305 341 1393 taguma,
373 1305 456 1393 quod
480 1305 650 1373 faciliorem
679 1305 807 1394 praebet
834 1305 998 1392 Syntaxin.
1021 1307 1071 1373 De
1093 1305 1249 1374 Infinitivo
1276 1307 1355 1373 Αον.

176 1431 280 1494 cadero
296 1430 367 1498 vide
384 1430 441 1498 Gr.
461 1449 531 1519 pag.
551 1431 636 1509 561,
655 1429 688 1497 8.

218 1577 279 1639 per
305 1577 339 1620 oc
366 1556 511 1620 amatura
535 1551 796 1642 prophetarum).
824 1553 927 1620 Locus
950 1552 1004 1622 hio
1030 1552 1185 1643 imprimis
1211 1552 1292 1619 valet
1317 1553 1358 1621 ad

177 1679 368 1768 probandam
384 1697 542 1745 sacrarum
559 1677 791 1767 scripturarum
808 1676 1033 1746 θεοπνευστιαν.
1054 1679 1213 1745 Docemur
1232 1675 1285 1743 hic
1301 1697 1356 1766 pa-

177 1808 264 1886 riter,
288 1805 461 1896 Prophetas
485 1826 593 1874 ornnes
617 1827 681 1896 upo
705 1807 840 1874 alterove
862 1808 955 1877 modo
978 1828 1047 1876 esse
1068 1807 1265 1887 vaticinatos,
1290 1808 1356 1875 lore

176 1939 210 1996 ut
225 1928 367 1997 Christus
384 1939 552 2018 pateretur.
571 1930 628 1996 Sic
650 1933 813 2015 impleuit,
834 1929 867 1997 h.
886 1950 915 1997 e.
935 1931 1084 2020 impietati
1105 1940 1224 1996 vestrae
1248 1929 1356 1998 Chris-

175 2064 241 2120 tum
257 2053 480 2142 permittendo,
499 2053 625 2122 oracula
641 2073 697 2120 sua
712 2054 800 2121 Deus
816 2064 926 2121 eventu
942 2051 1166 2142 comprobavit.

223 2319 277 2384 te.
296 2319 511 2383 Paraitemiaa'
533 2320 646 2403 icitur,
666 2313 758 2404 oet).
777 2317 959 2385 Sermonem
984 2335 1075 2384 suum
1100 2316 1259 2384 concludit
1274 2314 1358 2406 (aaa)

96 2417 97 2421 Ἰ
175 2445 305 2521 Petrus,
330 2442 486 2510 auditores
508 2463 582 2512 suos
609 2441 802 2511 adhortando
826 2452 860 2509 ut
880 2442 918 2510 de
940 2442 1041 2531 culpis
1065 2441 1209 2509 admissis
1233 2441 1358 2510 doleant

175 2577 269 2655 atque
296 2567 501 2656 recipiscant,
523 2566 618 2657 idque
643 2566 756 2635 faciant
782 2569 817 2632 in
840 2587 912 2631 canc
940 2569 1037 2649 finam
1066 2564 1152 2655 (εις),
1177 2577 1211 2632 ut
1232 2565 1357 2633 illorum

178 2702 303 2781 peccata
319 2695 498 2760 deleantur.
520 2691 688 2785 «Αλειφειν
714 2703 761 2760 est
784 2714 920 2776 uapore,
940 2696 1063 2775 littere5
1079 2689 1273 2782 aaalarqao,
1292 2687 1358 2766 εξα-

178 2810 285 2906 napea
309 2818 466 2900 oblinere,
491 2826 583 2904 atque
605 2817 647 2883 ita
676 2818 797 2899 delere,
826 2819 909 2903 quod
929 2818 1048 2883 illitam
1071 2827 1150 2882 erat.
1175 2815 1305 2883 Veteres
1325 2816 1357 2881 in

176 2937 297 3005 tabellis
313 2959 385 3005 cera
400 2939 534 3007 inductis
554 2939 658 3006 literas
674 2939 834 3006 inarahant
849 2941 929 3027 stylo
945 2940 1064 3020 lerre03
1084 2937 1206 3027 quando
1223 2938 1254 3005 id
1272 2939 1356 3027 quod

177 3061 329 3150 scriptum
354 3073 419 3128 erat
446 3060 634 3129 eradendum
662 3061 840 3143 videbatur,
870 3063 985 3150 stylum
1008 3037 1167 3129 vertebant
1189 3071 1219 3127 et
1245 3061 1356 3129 obtusa

177 3185 244 3253 eius
261 3196 348 3274 parte
364 3205 469 3253 ceram
493 3185 688 3267 oblinebant,
703 3196 796 3275 atque
811 3187 853 3254 ita
878 3196 947 3253 ante
972 3178 1087 3274 scripta
1109 3184 1315 3273 corrigebant.
1334 3214 1348 3244 n

176 3310 327 3379 Valcken.
347 3308 385 3377 ad
402 3309 435 3377 h.
455 3310 477 3377 Ι.

220 3561 276 3628 20.
302 3570 338 3624 at
359 3579 431 3625 aaut
457 3562 616 3638 venerint,
642 3557 731 3644 oet).
756 3559 876 3626 Graece
899 3562 980 3631 ὁπως
1006 3579 1043 3619 ar
1067 3553 1191 3621 ελθωσι.
1223 3555 1354 3622 Locutio

176 3687 256 3758 ὁπως
276 3705 312 3746 αν
334 3683 500 3772 quinquies
523 3681 649 3772 (Matth.
676 3682 721 3750 Vl
745 3706 753 3749 ι
773 3684 811 3762 53
830 3682 909 3750 Luc.
934 3683 1075 3779 11:553
1097 3683 1169 3749 Aac.
1196 3682 1241 3748 lll
1261 3705 1269 3746 ε
1291 3682 1351 3760 19;

175 3808 268 3874 XV:
296 3809 353 3886 173
384 3807 476 3874 Rom.
507 3807 554 3873 lll
581 3831 588 3874 :
619 3805 655 3895 d)
683 3806 714 3872 in
738 3807 910 3895 Scripturis
938 3807 1036 3873 sacris
1064 3807 1134 3873 novi
1162 3805 1352 3873 Testamenti

176 3929 332 4000 occurrit,
350 3948 481 4018 eamque
505 3930 663 4019 lnterpres
680 3942 785 3997 noster
808 3949 865 4017 per
879 3929 1068 3996 Particulam
1083 3939 1120 3995 at
1135 3927 1269 3995 reddidit
1285 3925 1354 3994 ubi·

176 4074 254 4142 que,
278 4051 338 4120 hoc
360 4054 429 4122 loco
449 4065 596 4145 except03
621 4054 743 4123 videtur
765 4074 838 4142 ergo
862 4052 915 4121 hic
939 4053 1088 4121 sumsisse
1107 4052 1295 4120 Particulam
1316 4073 1354 4114 ar

175 4186 331 4264 tamquam
348 4187 537 4244 contractam
560 4199 598 4245 ex
614 4202 678 4242 εαν.
704 4177 776 4246 Dici
801 4186 904 4244 autern
929 4198 999 4255 aar,
1018 4179 1067 4259 ai,w
1083 4197 1140 4264 pro
1163 4178 1289 4262 quando
1307 4177 1354 4243 vel

175 4319 266 4377 cano,
293 4298 456 4366 indubium
482 4311 543 4380 est;
569 4299 676 4369 contar
700 4299 769 4368 lah.
795 4301 858 4367 Xll
884 4319 891 4361 :
916 4301 977 4380 dm
1010 4297 1087 4366 XlV
1112 4324 1119 4365 :
1145 4301 1177 4365 5.
1202 4297 1355 4365 Hebraeis

174 4422 326 4491 familiare
349 4435 414 4492 erat
435 4425 586 4494 adhibere
601 4439 642 4500 aa
658 4448 716 4516 pro
736 4449 852 4512 pauor,
876 4428 1015 4512 quando.
1040 4423 1132 4511 Quod
1153 4422 1179 4490 si
1203 4423 1355 4512 interpre-
