3074 5054
511 367 649 435 CAPUT
685 368 766 451 Vll,
803 369 927 438 VERS.
964 371 1022 437 ta.
1297 374 1362 439 l89

177 581 237 628 uon
259 559 416 629 obtulistis
443 556 538 639 mihi,
559 557 732 638 lsraelitae,
758 558 912 626 sacrificia
937 559 1065 650 (σφαγια
1088 585 1140 624 και
1163 561 1282 648 θυσιας)
1306 582 1362 650 per

179 683 378 772 quadraginta
400 700 497 750 annos
520 680 551 746 in
578 679 719 758 deserto,
738 680 793 748 sed
817 681 881 768 (vs.
908 681 963 761 15)
981 681 1063 749 idola
1086 694 1187 750 vestra
1205 684 1359 751 coluistis.

178 844 221 856 -
233 807 343 874 Sermo
361 804 585 894 hyperbolicas
606 811 685 884 est¹;
702 804 903 892 nequeenim
924 805 1049 871 omuino
1068 803 1195 872 defuere
1208 806 1362 873 sacrificia

179 933 246 1000 Deo
265 934 297 999 in
322 930 445 998 deserto
470 929 584 997 oblata.
605 928 686 998 Vide
703 929 804 996 arod.
822 931 935 998 XXlV
951 954 959 996 ε
976 932 1009 999 5.
1024 932 1120 999 Num.
1135 932 1216 1013 Vll,
1232 934 1279 999 lX
1299 957 1307 999 ε
1328 936 1361 1001 l.

179 1057 277 1123 Lavit.
300 1057 360 1124 lX.
377 1095 421 1106 —
437 1054 597 1123 Sacrificio
622 1074 661 1121 ex
685 1055 744 1120 Dei
771 1065 936 1142 praecepto
959 1055 1146 1142 pilerendd,
1174 1058 1287 1124 offerre
1310 1079 1364 1125 ne-

179 1177 355 1266 glexerant,
373 1177 429 1246 sed
446 1189 585 1245 econtra
603 1176 684 1245 idola
701 1175 879 1264 coluerautl,
898 1188 931 1244 ut
946 1178 1100 1264 sequitur.

223 1313 254 1370 et
267 1305 472 1387 suscepistis,
486 1299 578 1385 etc).
597 1303 717 1371 Graece
733 1325 785 1363 και
803 1296 984 1386 euchaidam,
1003 1325 1032 1364 κ.
1052 1325 1081 1366 τ.
1101 1299 1132 1366 h.
1152 1303 1274 1371 Vocula
1289 1330 1361 1383 και,

179 1431 228 1497 cui
246 1430 399 1498 llebraice
422 1427 475 1496 hic
500 1428 667 1517 respondet
690 1426 895 1508 particular,
914 1426 975 1495 hoc
997 1427 1066 1494 loco
1092 1439 1176 1496 notat
1191 1434 1265 1507 aed,
1284 1452 1363 1520 quae

179 1554 325 1643 frequens
349 1565 396 1622 est
422 1554 506 1621 illius
531 1551 707 1620 Particulae
731 1551 930 1639 significatio.
956 1553 1086 1619 -Pro
1114 1551 1275 1640 ανελαβετε
1299 1559 1363 1623 Ηε-
1481 1594 1484 1601 -

180 1677 283 1745 braioe
309 1689 357 1746 est
380 1682 497 1762 tapam,
523 1675 608 1766 quod
635 1694 695 1742 uon
725 1685 843 1742 tantum
872 1674 911 1741 de
936 1674 1061 1763 publico
1087 1687 1117 1743 ει
1141 1676 1270 1745 solemni
1295 1700 1362 1768 ges-

179 1815 261 1884 tatu,
275 1803 330 1871 sed
347 1814 377 1871 et
393 1802 431 1870 de
452 1802 513 1869 alio
537 1821 736 1890 quocumque
760 1812 942 1889 usurpatur.
960 1803 1058 1882 Puta,
1078 1803 1234 1871 Israelitas
1254 1825 1362 1873 seeum

179 1927 210 1993 in
227 1927 350 1995 deserto
374 1926 564 1994 clanculum³
577 1925 825 1993 circumduxisse
841 1926 1012 2014 tuguriola,
1032 1948 1110 2015 quae
1135 1929 1272 1997 Molochi
1289 1931 1363 1998 ima-

177 2049 344 2136 gunculam
371 2049 567 2117 continerent
594 2059 624 2116 et
652 2048 851 2116 fabrefactam
880 2047 1055 2129 stellulam,
1085 2050 1117 2116 in
1147 2051 1237 2119 cuius
1265 2053 1363 2120 forma

178 2171 347 2239 Saturnum
363 2172 512 2239 colerent.
532 2171 662 2239 Fuerint
678 2169 757 2239 haec
773 2171 934 2239 idolatriae
955 2172 1158 2240 instrumenta
1175 2174 1363 2258 minuscula,

178 2295 282 2384 qualia
299 2308 386 2363 erant
410 2296 523 2363 sacella
547 2295 599 2362 illa
624 2295 741 2362 Dianae
759 2308 904 2383 argentea
920 2296 1002 2379 (Αει.
1021 2298 1102 2364 Χ1Χ
1122 2319 1129 2360 :
1150 2300 1220 2383 11),
1237 2309 1290 2366 aut
1305 2302 1365 2367 La·

177 2417 266 2486 banis
282 2419 446 2487 icuuculae
462 2420 554 2501 (Gen.
573 2422 686 2487 XXXl
703 2443 710 2485 :
727 2418 799 2508 51),
827 2440 904 2508 quas
927 2419 1045 2487 Rachel
1067 2420 1157 2487 facile
1172 2420 1364 2490 abscondere

177 2542 279 2629 potuit
302 2542 410 2610 subter
433 2553 600 2610 stramenta
629 2542 758 2623 cameli,
790 2542 839 2609 cui
870 2540 1034 2609 insidebat.
1060 2580 1104 2590 -
1125 2542 1266 2626 Flauias
1287 2567 1364 2630 qaas

175 2666 318 2748 fecialia,
338 2685 448 2752 graece
463 2689 532 2741 τους
547 2689 679 2743 τυπους,
699 2640 782 2754 quod
808 2674 855 2731 est
870 2664 1034 2753 Apposilio
1051 2664 1090 2732 ad
1106 2675 1283 2752 antegressa
1303 2692 1311 2733 :
1328 2691 1362 2730 το

176 2811 348 2878 carpam...
368 2791 490 2880 Ῥεφαν.
509 2825 553 2838 -
570 2790 643 2857 Vox
658 2812 749 2862 τυπος
765 2787 803 2855 de
816 2765 1008 2855 'simulacra
1030 2788 1159 2857 deorum
1183 2789 1363 2880 frequenter

176 2913 320 3000 ponitur;
345 2912 428 3000 apud
451 2910 616 2980 Philonem
645 2914 693 2993 (de
720 2913 845 2995 opificio
872 2913 1018 3002 manda),
1044 2923 1168 2980 notante
1196 2913 1362 2982 Kainoelio

175 3033 281 3123 (adh.
300 3034 352 3117 1.),
369 3060 458 3101 τυποι
475 3047 505 3103 ει
520 3032 634 3100 cadola
651 3037 829 3124 promiscue
847 3034 1006 3103 dicuutur.
1028 3036 1218 3127 Προσκυνειν
1244 3062 1361 3120 αυτοις,

177 3156 213 3224 h.
231 3178 268 3232 e.
279 3170 313 3226 ut
335 3180 386 3227 eas
410 3160 554 3250 (figuras,
572 3159 699 3249 τυπους)
721 3171 879 3248 tamquam
903 3161 988 3227 Deos
1010 3162 1189 3227 adoraretis
1196 3187 1212 3245 ,·
1229 3185 1363 3253 προσκυ-

177 3303 235 3344 νειν
251 3292 299 3349 εει
315 3283 490 3350 infinitivus
506 3286 615 3368 scopi,
635 3294 668 3350 ut
684 3303 780 3371 supra
797 3305 830 3371 p.
852 3284 906 3350 18.

223 3407 269 3471 Et
294 3411 492 3492 transferam
519 3429 572 3474 cos
601 3418 691 3474 troas
714 3407 935 3491 Babylonem).
961 3407 1105 3474 Sensus:
1131 3410 1201 3475 ideo
1222 3409 1363 3491 miprore

178 3546 231 3592 aaa
257 3531 377 3612 faciam
382 3579 394 3612 ,
425 3541 486 3596 eto.
517 3529 712 3598 Praedicitur
740 3529 844 3597 futura
872 3530 1045 3618 captivitas.
1077 3568 1121 3579 -
1148 3533 1254 3617 Quum
1287 3530 1363 3599 haec

179 3647 285 3716 Amasi
310 3651 405 3718 verba
420 3672 437 3718 a
454 3651 612 3741 Stephano
636 3651 770 3720 adducta
785 3653 848 3719 sint
864 3662 981 3720 tantum
998 3652 1036 3720 ad
1054 3654 1246 3742 probandam
1264 3656 1363 3722 lsrae-

180 3769 302 3839 litarum
330 3771 536 3841 idololatriam
565 3776 596 3842 in
624 3775 766 3856 deserto,
796 3775 874 3843 nibil
902 3775 955 3844 hic
980 3797 1059 3865 opus
1085 3787 1132 3846 est
1158 3777 1198 3845 de
1226 3799 1263 3845 co
1292 3779 1362 3846 loco

182 3892 355 3983 Prophetae
379 3898 468 3987 plura
492 3898 610 3966 dicere.

184 4053 315 4065 .—

214 4156 232 4222 ¹)
248 4155 368 4222 lyranus
384 4155 464 4224 (apud
483 4158 608 4210 Loriuum
624 4159 657 4211 ad
672 4158 698 4210 h.
718 4157 747 4224 l.)
793 4163 962 4225 praeceptum
973 4174 988 4211 u
1001 4161 1054 4212 Deo
1062 4160 1152 4212 datum
1165 4161 1244 4212 fuisso
1255 4161 1288 4212 de
1300 4161 1362 4213 offc-

182 4239 236 4291 tdco
246 4241 341 4306 aeqari
351 4241 400 4304 ait,
417 4243 499 4306 saissa
509 4242 613 4294 oblatas
625 4243 747 4293 victimas
793 4240 882 4292 randis
893 4242 928 4293 ihi
941 4242 1083 4294 sacrificiis.
1101 4242 1164 4293 Vide
1182 4242 1316 4294 sanctium
1328 4244 1361 4294 ad

183 4323 344 4384 acthoatiaa,
354 4324 504 4390 quiaoalde
513 4339 615 4390 paucae
626 4328 745 4391 sumant.
793 4322 822 4377 b.
836 4325 854 4375 1.

213 4403 232 4469 ¹)
249 4404 372 4457 leremiae
395 4406 439 4458 Vll
463 4422 469 4459 :
493 4407 526 4457 aa
554 4419 607 4458 non
637 4411 747 4471 uagatur
826 4405 846 4471 ⁶)
863 4405 903 4456 Cf.
917 4404 1017 4457 calmet
1027 4403 1060 4456 ad
1072 4404 1151 4456 Amos
1164 4418 1202 4456 vs.
1215 4405 1256 4456 aa.
