3074 5054
485 389 623 459 annun
651 391 698 471 u,
728 337 854 461 urens.¹
884 388 1029 458 m-tn
1301 387 1340 454 m

173 586 215 644 ὁτι
237 576 343 668 (quia)
372 579 442 662 hic,
467 591 501 648 ut
522 581 640 649 centies
663 582 756 662 alibi,
783 582 912 648 inservit
936 579 976 647 ad
998 576 1202 646 inducendam
1226 578 1345 642 oratio·

174 725 242 770 aem
257 705 424 770 directam.
436 679 492 771 *De
508 703 562 772 illo
578 708 643 782 ὁτι,
662 705 745 794 quod
764 707 968 772 recitatiouur
990 711 1101 772 uocant
1122 699 1344 781 Grammatioi,

173 830 284 899 videsis
307 830 439 899 Kiihner
461 830 496 921 (S
519 833 597 900 769.
623 831 804 920 Anmerk.).

217 1077 270 1145 lda
295 1075 388 1163 Quod
412 1076 551 1145 Salvator
566 1075 679 1164 (Mare.
706 1051 812 1145 xv1=
834 1073 892 1164 17)
914 1074 1127 1164 praedixerat,
1146 1073 1212 1142 iore
1232 1091 1344 1160 nempe

174 1199 272 1287 utqui
288 1200 319 1266 in
337 1200 439 1288 ipsum
457 1209 560 1267 essent
575 1198 742 1278 credituri,
761 1201 882 1282 linquis
906 1201 1110 1283 loquerentur
1124 1199 1214 1264 aava
1228 1194 1345 1286 (γλωσ-

175 1344 237 1396 σαις
259 1320 404 1411 narrare),
422 1321 500 1389 illud
524 1322 659 1411 primum
677 1320 729 1390 hie
748 1331 859 1389 eventu
881 1321 939 1389 init
955 1321 1202 1411 comprobatum.
1220 1319 1346 1409 Saepis-

174 1443 248 1510 sime
263 1455 365 1512 autem
384 1444 561 1534 prodigium
577 1442 654 1512 illud
670 1442 817 1533 deinceps
833 1443 930 1512 inisse
947 1444 1130 1534 repetitum,
1148 1463 1187 1511 ex
1202 1444 1273 1511 hot.
1292 1443 1343 1510 X:

175 1569 230 1646 ld;
246 1568 350 1635 XIX:
367 1571 404 1650 6,
419 1578 450 1636 et
465 1570 479 1636 l
495 1570 568 1636 Cor.
587 1570 648 1637 Xll
664 1579 695 1637 et
709 1569 787 1637 XlV
800 1570 974 1639 certissimo
990 1569 1158 1658 colligitur.
1177 1570 1213 1637 ln
1229 1567 1345 1658 quibus

174 1689 247 1758 loeis
267 1692 334 1759 sine
355 1692 459 1760 addito
487 1715 604 1768 narrare
630 1704 683 1762 ant
709 1692 821 1784 ἑτεραις
849 1694 1034 1784 simpliciter
1059 1690 1163 1758 ialam
1189 1690 1346 1782 γλωσσαις

176 1812 239 1881 ideo
267 1814 337 1882 dici
357 1815 495 1897 ridetur,
525 1817 628 1905 quid,
658 1836 754 1906 quum
783 1817 959 1906 prodigium
992 1816 1070 1886 illud
1096 1814 1347 1905 frequentissime

175 1937 340 2020 accideret,
358 1939 498 2030 adeoque
521 1941 612 2030 quale
635 1952 717 2009 esset
738 1943 831 2029 vulgo
854 1942 1057 2024 innotuisset,
1075 1939 1154 2009 nibil
1171 1959 1250 2029 opus
1265 1946 1350 2006 esset

177 2081 237 2128 rem
265 2062 440 2131 distinctius
461 2064 648 2151 significare.
670 2064 851 2152 Prodigium
874 2075 976 2134 autom
1003 2084 1137 2154 quanam
1161 2063 1193 2131 in
1216 2082 1250 2129 re
1273 2082 1349 2129 eou-

176 2184 300 2267 stiterit,
318 2187 422 2254 Lucae
442 2188 577 2254 narratio
600 2186 691 2255 docet
712 2187 877 2276 perspicue
895 2209 904 2251 :
923 2187 1020 2255 luisse
1040 2206 1152 2277 nempe
1173 2206 1213 2252 ex
1232 2183 1348 2252 Christi

176 2307 333 2398 discipulis
360 2333 398 2376 eor
425 2310 567 2378 Galilaea
592 2315 759 2392 oriundis,
783 2313 837 2400 qui
858 2311 977 2400 Spiritu
1000 2312 1113 2380 Sancto
1135 2311 1265 2400 repleti,
1287 2308 1348 2376 Dei

176 2427 276 2496 laudes
303 2430 497 2499 celebrarent
524 2435 645 2515 linquis
671 2444 701 2498 et
727 2436 913 2516 lioquuruur
940 2436 1084 2499 dialectis
1106 2442 1248 2513 utentes,
1271 2451 1351 2516 quos

177 2576 342 2642 uumquour
363 2559 493 2640 [aarum
520 2560 632 2625 edocti.
660 2558 752 2645 Quod
777 2578 839 2646 quo
869 2557 1053 2646 explicatius
1077 2556 1116 2624 ab
1140 2556 1350 2643 Historiogra-

178 2676 235 2765 pho
261 2678 415 2761 refertur,
443 2699 480 2747 eo
508 2683 605 2768 magis
630 2701 679 2748 me
703 2682 829 2749 miseret
855 2702 983 2762 eornm,
1012 2682 1066 2771 qui
1095 2679 1228 2771 prodigii
1257 2679 1351 2748 huius

178 2801 391 2870 sublimitatem
414 2803 453 2870 ad
473 2803 518 2869 rei
542 2803 703 2871 cuiusdam
725 2805 860 2891 vulgaris
879 2815 909 2871 et
925 2803 1121 2892 quotidianae
1143 2802 1349 2870 humilitatem

178 2922 347 3013 deprimere
369 2936 532 2994 conantur.
552 2927 687 2996 lstornm
709 2927 779 2994 aliis
799 2926 915 2995 locutio
935 2924 1091 3017 γλωσσαις
1113 2923 1216 2991 ialam
1239 2923 1352 3014 ἑτεραις

179 3061 221 3116 est
238 3073 318 3117 nova
333 3054 481 3137 antiquos
497 3053 674 3134 Prophetas
689 3055 926 3137 interpretandi
941 3054 1048 3136 rutio;
1064 3051 1133 3119 aliis
1150 3053 1238 3137 loqui
1249 3053 1352 3136 plara·
1442 3074 1445 3080 ·

179 3179 258 3244 sibus
278 3178 510 3245 obscurioribus
530 3188 559 3243 et
579 3180 739 3261 insolitis,
765 3181 877 3264 quidus
896 3181 1060 3263 permixta
1083 3187 1184 3244 esseru
1201 3179 1352 3243 vocabulo

181 3321 215 3365 en
241 3304 361 3385 linquis
384 3303 580 3385 pereqrirtis.
605 3299 667 3369 Sed
695 3300 888 3369 deliramenti
916 3303 977 3369 iam
1004 3302 1079 3369 satis
1106 3312 1163 3370 est.
1193 3301 1242 3368 De
1270 3300 1352 3372 dono

181 3423 347 3511 linguarum
370 3426 544 3514 ceterisque
565 3423 805 3492 charismatibus
826 3425 954 3493 uberius
976 3425 1162 3515 disputaturi
1190 3444 1298 3492 sumus
1319 3425 1350 3491 in

181 3547 426 3637 interpretatione
442 3547 590 3637 epistolae
606 3548 721 3638 prioris
734 3548 773 3616 ad
789 3547 967 3618 Corinthios
982 3548 1022 3618 ad
1037 3551 1114 3639 Cap.
1133 3551 1195 3618 Xll
1212 3559 1243 3617 et
1257 3549 1352 3631 XIV,

182 3690 272 3757 quum
287 3672 331 3741 ibi
348 3672 415 3740 eins
430 3673 621 3761 quaestionis
637 3673 765 3763 propria
780 3674 874 3742 veluti
891 3674 981 3743 sedes
997 3676 1050 3743 sit.

224 3917 275 3987 ll.
300 3920 396 3986 Stans
411 3929 517 3985 autern
538 3917 671 3997 Petras,
689 3927 778 4010 oet).
803 3919 990 3988 Miracnlum
1010 3939 1084 4007 ergo
1107 3917 1190 3986 istud
1212 3914 1352 3986 nonnulli
1424 3996 1428 4004 ¹

182 4039 374 4123 deridebant;
397 4045 508 4109 Petrus
530 4053 638 4108 autera
666 4037 729 4130 (de)
753 4040 830 4109 illud
857 4041 1069 4108 uindicaturus
1093 4049 1159 4121 est,
1184 4050 1214 4107 et
1236 4038 1349 4120 simul,

182 4176 331 4254 tamquam
358 4165 474 4233 Christi
503 4165 534 4232 in
562 4165 655 4231 terris
682 4165 819 4231 vicarius
846 4176 877 4232 et
903 4165 1025 4232 visibile
1053 4176 1145 4254 eaput
1172 4163 1363 4252 Ecclesiae,

181 4285 274 4374 legem
297 4286 503 4375 evangelicam
526 4286 647 4376 primus
670 4285 851 4354 solemniter
874 4288 1138 4377 promulgaturus.
1167 4287 1275 4374 ltaque
1290 4287 1350 4352 Pe·

180 4418 242 4478 trus
255 4412 371 4484 σταθεις
382 4411 547 4500 (Partieip.
563 4414 640 4478 Aor.
655 4410 682 4476 l.
697 4410 832 4490 Passim,
847 4430 941 4477 sensu
953 4410 1076 4490 Medio;
1092 4409 1140 4477 Cl.
1151 4410 1209 4478 Gr.
1220 4430 1252 4498 p.
1267 4407 1350 4496 966)
