3074 5054
175 356 239 424 168
521 359 654 427 ACTUS
682 358 1013 440 decertaturum,

173 544 278 614 iacobi
304 547 436 635 posteris
457 547 560 636 graeci
584 548 628 615 iili
652 549 835 639 interpretes
856 557 905 638 (ex
926 551 940 616 1
961 549 1097 639 Paralip.
1119 551 1192 631 Vll)
1214 549 1342 616 addide-

174 682 247 740 rum
263 672 399 761 quinque
421 673 545 763 losepbi
568 686 693 764 nepotes
712 701 720 742 ε
738 674 870 754 Machir‚
888 675 1020 752 Galadd
1038 675 1191 742 Sntalaiim
1203 726 1212 756 ,
1225 677 1341 754 Ta'am,

176 812 206 868 et
226 800 343 881 Ed0m;
359 820 420 888 quo
445 800 543 879 iacto,
565 802 596 868 in
621 802 819 870 subducenda
842 805 900 886 (vs.
919 801 978 889 27)
1001 821 1119 869 summa
1141 822 1197 891 pro
1217 813 1343 887 septua-

173 911 265 1009 9into
280 922 477 990 scribendum
494 924 571 1012 ipsis
586 936 652 992 erat
666 928 1027 1012 septuopiota-quioque.
1046 926 1146 1010 Quam
1163 926 1344 993 recensendi

177 1046 345 1126 rationem,
363 1056 469 1135 utpote
492 1067 531 1113 ex
554 1048 642 1119 LXX
667 1047 754 1114 virali
777 1048 919 1114 versione
939 1049 1112 1135 cognitam,
1131 1059 1161 1115 et
1183 1047 1273 1136 vulgo
1297 1069 1345 1114 re-

176 1179 316 1258 ceptam,
334 1188 391 1236 nee
408 1168 531 1250 salsam,
550 1170 723 1260 Stephanus
741 1170 801 1238 boc
817 1171 885 1239 loco
901 1182 1025 1239 secutus
1041 1182 1098 1238 est.

224 1293 265 1360 Ut
286 1291 434 1359 habeatur
455 1312 602 1362 numerus
626 1314 827 1382 personarum
847 1296 1054 1384 septuaginta,
1074 1315 1152 1384 quae
1173 1297 1346 1364 secundum

177 1418 317 1485 codicem
334 1415 521 1485 Hebraieum
545 1417 690 1486 dicuntur
705 1438 777 1486 cum
793 1419 905 1487 Iacobo
922 1440 1076 1487 ruennssnn
1093 1423 1127 1485 in
1143 1421 1343 1504 Aepppturn,

178 1540 375 1630 computandi
391 1551 463 1607 sunt
484 1542 574 1608 etiam
597 1541 729 1631 loseph,
749 1543 801 1631 qui
828 1542 1024 1610 iamdudum
1045 1553 1109 1609 erat
1130 1543 1161 1609 in
1183 1545 1344 1630 Aegypto,

179 1678 209 1734 et
224 1665 348 1755 iosephi
366 1664 422 1732 iiiii
438 1667 596 1734 Manasses
612 1677 643 1733 et
658 1666 825 1756 Ephraim,
845 1668 896 1756 qni
918 1667 1032 1734 ibidem
1048 1677 1134 1733 crant
1150 1667 1223 1733 nati.
1243 1666 1354 1742 Simili,

179 1789 281 1878 aliqua
297 1789 431 1870 ratione,
446 1808 505 1877 qua
520 1788 550 1855 hi
566 1798 627 1855 tres
643 1809 661 1857 a
676 1791 764 1857 Mose
779 1790 944 1878 computati
962 1801 1033 1856 suut
1048 1790 1127 1856 inter
1142 1790 1297 1877 ingressos
1313 1790 1345 1856 in

179 1915 373 2003 Aegyptum,
390 1913 481 1980 etiarn
498 1912 622 2002 Iosepbi
642 1912 687 1980 iili
709 1926 834 2003 nepotes
858 1914 994 2002 quinque
1009 1914 1089 1981 inter
1105 1933 1158 1981 eos
1174 1915 1346 2002 computari

179 2058 283 2128 posse,
297 2036 464 2126 putandum
477 2047 535 2104 est.
549 2037 705 2115 Ceterum,
721 2039 809 2105 LXX
827 2040 1011 2127 interpretes
1029 2049 1144 2104 textum
1159 2037 1348 2105 Hebraicnm

181 2173 353 2251 sequuntur
380 2163 550 2230 Deuteron.
586 2163 618 2228 X
648 2187 656 2228 ε
686 2163 746 2240 22,
772 2162 877 2250 ibique
904 2161 1018 2229 babent
1048 2187 1056 2229 :
1085 2185 1114 2224 εν
1142 2157 1348 2247 ἑβδομηκοντα

182 2286 295 2375 ψυχαις
311 2282 480 2372 κατεβησαν
498 2289 524 2349 οἱ
541 2308 663 2376 πατερες
680 2309 734 2350 σου
750 2309 789 2361 εις
806 2287 977 2375 Αιγυπτον,
997 2286 1028 2353 h.
1048 2307 1076 2352 e.
1097 2291 1131 2353 itt
1147 2290 1349 2370 cepiuupireio

182 2412 344 2479 animabus
361 2413 583 2479 descenderent
594 2420 703 2494 putres
720 2383 767 2476 toi
782 2413 818 2476 in
832 2411 1021 2494 Aeppptum.

228 2660 371 2727 tit-te.
397 2658 742 2739 dedecorauere).
771 2655 820 2721 De
843 2674 901 2721 usu
930 2653 1063 2743 quodam
1093 2652 1267 2722 Verborum
1290 2656 1347 2718 od-

181 2785 325 2850 sceodere
340 2778 428 2869 (aba)
445 2790 474 2846 et
488 2781 670 2845 descendere
685 2776 779 2868 (ruff),
799 2779 947 2846 Hebraeis
966 2777 1131 2868 peculiari,
1149 2777 1218 2844 vide
1239 2797 1347 2866 supra,

182 2925 250 2995 pag.
270 2905 325 2972 8i.
344 2907 386 2970 Et
399 2914 507 2987 potres
522 2906 640 2983 nostri,
658 2902 727 2969 scil.
746 2900 962 2982 Patriarcbae,
980 2901 1084 2968 Iacobi
1102 2900 1178 2980 iiiii3
1197 2911 1226 2966 et
1245 2912 1348 2966 trous-

183 3032 242 3096 toti
257 3041 349 3112 sunt,
370 3027 403 3094 b.
418 3048 447 3094 e.
464 3047 593 3115 corpora
606 3027 769 3095 duodecim
781 3025 1030 3093 patriarcharum
1043 3047 1081 3092 ex
1093 3028 1232 3112 Aegypto
1250 3035 1350 3090 trans·

182 3151 241 3219 lata
257 3150 370 3217 suntin
387 3148 524 3218 Sichem.
542 3148 633 3234 Quod
649 3148 702 3216 hic
717 3149 830 3216 dicitur
848 3151 999 3216 transiere·
1017 3159 1091 3213 sunt
1106 3158 1137 3213 et
1154 3147 1268 3231 positi,
1288 3164 1350 3210 non
1376 3195 1378 3199 ,

183 3287 230 3343 est
246 3275 306 3343 boc
329 3275 501 3342 necessario
523 3274 718 3342 referendum
738 3279 834 3340 etiam
859 3276 898 3341 ad
919 3273 1084 3352 iacobum,
1109 3271 1164 3338 sed
1188 3270 1351 3339 commode

185 3400 293 3468 referri
321 3408 420 3488 potest
440 3398 478 3466 ad
500 3367 581 3465 cotos
607 3400 715 3474 Ioeobe‘
740 3401 834 3483 lilios.
867 3399 985 3464 Horum
1013 3416 1085 3483 ergo
1106 3413 1236 3483 corpora
1259 3392 1311 3460 bie
1333 3413 1352 3458 a

185 3526 339 3616 Stephano
355 3525 500 3593 dicuntur
523 3545 561 3591 ex
581 3526 720 3613 Aegypto
745 3521 887 3591 translata
911 3523 942 3588 in
965 3520 1109 3599 Sichem,
1126 3530 1156 3585 et
1172 3517 1271 3607 posita
1286 3516 1354 3583 sive

186 3650 305 3740 sepulta
327 3649 358 3716 in
379 3669 451 3737 agro
473 3646 671 3716 Sichemitico
691 3647 743 3714 illo
764 3647 802 3714 ab
826 3647 969 3713 Hemoris
993 3644 1065 3711 titiis
1088 3653 1181 3710 emto.
1201 3643 1249 3708 Ex
1270 3640 1352 3708 libro

187 3780 278 3845 lusui
303 3773 400 3865 (Cap.
431 3774 539 3842 XXVI
572 3798 579 3840 :
610 3773 667 3852 52)
695 3772 862 3849 discimus,
892 3770 1016 3860 losepbi
1051 3790 1120 3837 ossa
1147 3769 1178 3834 in
1203 3788 1275 3855 agro
1301 3767 1354 3835 ilio

186 3901 392 3969 Sichemetico
419 3900 538 3989 sepulta
560 3897 674 3979 fuisse3
697 3908 870 3965 ceterorum
898 3915 971 3974 vero
1000 3893 1143 3960 undecim
1164 3889 1355 3980 patriarcha-

187 4044 257 4092 rum
281 4043 350 4091 ossa
374 4021 499 4088 ubinam
523 4021 645 4089 condita
661 4020 792 4100 inerint,
810 4019 841 4085 in
858 4018 946 4085 libris
962 4016 1074 4083 veteris
1089 4016 1277 4082 Testamenti
1294 4034 1356 4080 non

186 4159 456 4227 commemoratur,
475 4147 529 4215 sed
551 4147 647 4214 fuisse
667 4165 703 4212 ea
723 4144 837 4234 pariter
860 4142 996 4210 Sichemi
1021 4141 1051 4206 in
1075 4139 1182 4207 eodem
1208 4138 1261 4205 iilo
1282 4156 1357 4225 agro

185 4272 322 4361 sepulta,
351 4291 369 4339 a
396 4269 549 4360 Stephano
578 4268 630 4336 hic
653 4269 814 4336 discimus.
843 4265 951 4334 Refert
974 4264 1097 4355 quidem
1121 4261 1245 4329 Flavius
1272 4261 1359 4330 iosc-

187 4396 289 4487 pbus‚
313 4395 479 4486 iosepbum
502 4405 683 4484 ceterosque
706 4391 809 4462 lacobi
834 4391 915 4459 tilios
935 4392 965 4457 in
991 4389 1117 4457 Hebron
1142 4387 1237 4456 fuisse
1253 4386 1359 4477 sepui-
