3074 5054
176 377 219 444 86
518 377 654 445 Aenus
676 378 1008 457 apostotorum,

175 568 253 657 ipsis
276 568 444 657 quidquam
468 567 668 636 tribuendum
691 579 772 636 esset
793 571 824 634 in
844 579 963 658 patrato
987 569 1049 638 boe
1070 569 1232 638 miraonlo.
1258 572 1352 638 «No-

175 691 260 771 lunt,
275 691 377 780 inquit
391 690 552 759 Salmeron
578 693 694 774 (Traet.
720 693 831 762 XVlll
848 694 878 760 in
896 693 994 776 Acti,
1013 695 1044 761 in
1057 695 1169 784 seipsis
1184 714 1353 782 agnoscere

175 815 320 884 virtutem
336 814 471 905 aliquam
495 816 682 898 naturalem,
703 828 755 884 aut
778 828 976 907 potestatem,
994 819 1060 886 sive
1075 827 1110 885 ut
1125 819 1244 887 Graeoa
1260 819 1352 886 leotio
1372 797 1374 802 ¹

175 940 285 1021 habet,
304 939 501 1029 religionem,
520 961 577 1009 seu
600 941 758 1029 religionis
775 943 939 1024 meritum,
958 942 998 1010 ob
1023 943 1107 1031 quod
1130 942 1214 1030 digni
1230 954 1350 1024 essent,

175 1067 229 1154 qui
245 1062 477 1133 exaudirentur.
503 1093 517 1124 ν
547 1066 607 1128 Επι
631 1089 748 1152 τουτῳ,
766 1068 804 1131 de
828 1068 885 1133 boe
908 1065 1090 1148 (bierover).
1108 1066 1263 1142 Ατενιζετε
1277 1070 1349 1138 soil.

174 1184 359 1279 οφθαλμους.
378 1187 461 1256 Vide
476 1208 584 1278 supra,
606 1208 676 1277 pag.
695 1191 752 1257 Ἥ.
770 1190 861 1276 Ἡμιν
878 1200 925 1256 est
939 1190 1071 1257 Dativus
1086 1193 1352 1272 directionis,eui

175 1315 347 1397 opponitur
370 1312 574 1402 Partioipium
601 1337 790 1388 πεποιηκοσι.
820 1314 945 1403 Belgioe
967 1324 1069 1382 vertas
1096 1339 1104 1381 :
1130 1319 1178 1382 olo
1200 1318 1353 1405 bebbeodo

175 1438 254 1502 door
280 1458 357 1502 onze
385 1440 491 1521 eiqeue
516 1439 628 1504 broobt
653 1441 812 1522 qemoalct,
842 1442 913 1523 dot,
945 1450 1005 1507 ete.
1035 1439 1191 1507 Potuisset
1214 1441 1354 1509 seribere

176 1560 297 1641 Lucas,
316 1559 419 1628 demto
435 1562 786 1642 terrenorumque
802 1585 975 1654 reportarem
992 1585 1094 1627 αυτον.
1114 1564 1162 1631 De
1178 1563 1283 1632 addito
1299 1564 1353 1633 bio

175 1685 317 1753 Artioulo
333 1709 387 1749 του
404 1685 473 1753 vide
489 1687 547 1754 Gr.
566 1687 584 1776 S
601 1689 662 1768 db,
680 1707 751 1776 pag.
772 1690 856 1768 556,
876 1709 947 1777 sqq.

221 1808 291 1876 Non
316 1807 425 1888 nobis,
451 1809 568 1898 inquit,
593 1809 756 1878 tribuenda
779 1821 826 1877 est
850 1786 928 1877 baeo
950 1810 1085 1892 sanatio,
1111 1810 1167 1878 sed
1190 1812 1275 1893 Deo,
1302 1813 1355 1902 qui

176 1930 230 1997 illo
258 1931 407 1999 miraculo
434 1932 618 2021 glorifieavit
644 1953 768 2001 servum
795 1955 886 2001 suum
914 1937 1034 2015 lesum,
1065 1955 1157 2024 quem
1184 1956 1240 2002 ros
1268 1938 1356 2003 ocei-

178 2054 315 2124 dendnm
337 2055 506 2123 tradidistis
529 2057 628 2124 Pilato
653 2057 711 2138 (νε.
738 2057 895 2139 tet-ltu
915 2058 971 2125 sed
990 2059 1076 2125 Deus
1100 2079 1171 2126 eum
1197 2060 1357 2127 suscitavit

179 2200 198 2247 a
213 2179 362 2258 mortuis,
377 2178 461 2267 quod
477 2199 533 2246 nos
557 2190 706 2247 testamur
730 2182 787 2264 (vs.
805 2182 875 2268 l5);
894 2189 923 2246 et
941 2177 1095 2247 mediante
1119 2179 1180 2247 fide
1203 2191 1308 2248 nostra
1324 2181 1356 2246 in

180 2307 285 2374 lesum
308 2316 466 2396 tamquam
485 2306 636 2374 Messium
663 2307 869 2397 promissum,
897 2307 981 2374 illius
1009 2308 1120 2375 virtute
1147 2307 1276 2375 claudus
1306 2307 1357 2375 bie
1460 2397 1462 2403 ,

181 2440 305 2498 sanatus
322 2439 369 2497 est
386 2438 444 2518 (vs.
466 2426 531 2508 to).
716 2403 723 2409 ⁵

226 2676 281 2742 45.
299 2676 385 2739 Deus
403 2673 583 2754 Abrabam,
602 2670 694 2759 oet).
712 2671 741 2738 A
757 2668 916 2737 benefieiis
933 2687 1004 2757 erga
1018 2668 1118 2757 gentis
1135 2687 1209 2736 suae
1226 2669 1358 2758 patriar·

179 2797 270 2880 obas,
285 2797 443 2864 Israelitae
464 2797 642 2885 frequenter
664 2796 767 2862 Deum
788 2794 834 2861 sio
854 2791 1105 2860 denominabant.
1123 2795 1169 2860 lta
1186 2805 1216 2861 et
1230 2796 1355 2862 Petrus.

179 2924 286 2999 Deus,
305 2921 423 3009 inquit,
442 2941 536 3009 quem
558 2931 662 3010 patres
686 2919 784 2986 nostri
807 2918 989 2995 coluerunt,
1006 2920 1200 3001 qlorificuoit
1217 2940 1359 3002 puerum

179 3069 273 3114 suum
301 3048 411 3112 Iesum
440 3041 578 3134 (εδοξασε
601 3067 652 3108 τον
679 3038 778 3107 nardo
805 3065 897 3106 αυτον
925 3039 1059 3128 Ιησουν).
1087 3042 1274 3110 llliraculum
1298 3042 1358 3111 hoc

179 3168 259 3236 effioi
285 3167 432 3257 nequibat
453 3167 512 3234 nisi
536 3166 640 3233 divina
663 3165 816 3257 potentia3
842 3166 926 3255 atqui
954 3168 1065 3233 Petrus
1087 3165 1163 3233 illud
1186 3178 1359 3255 patraverat

180 3291 320 3360 adhibito
343 3292 468 3359 nomine
490 3293 562 3359 lesu
581 3291 750 3370 Nauarum,
769 3310 861 3379 quem
882 3300 913 3356 et
932 3310 950 3357 a
972 3291 1105 3370 mortuis·
1128 3292 1356 3374 resurrexisse,

182 3427 213 3485 et
237 3417 269 3483 in
293 3418 415 3484 eoelum
442 3415 615 3498 sublatum,
641 3426 672 3482 et
694 3437 711 3482 a
739 3415 856 3483 dextris
883 3416 943 3483 Dei
971 3415 1096 3495 sedere,
1117 3426 1146 3483 et
1168 3417 1357 3505 promissum

183 3540 330 3609 Messiam
354 3559 423 3607 esse
439 3539 539 3629 palam
556 3538 754 3607 annuntiabat
763 3564 772 3621 ;
790 3539 878 3606 Deus
894 3559 986 3627 ergo,
1004 3559 1075 3607 oum
1091 3538 1184 3605 falsae
1200 3539 1358 3607 doetrinae

181 3662 367 3753 patrooinari
385 3672 536 3751 nequeat,
554 3661 738 3729 miraculum
762 3660 823 3729 boo
846 3661 1027 3742 efficiendo,
1045 3681 1081 3728 ea
1097 3661 1200 3728 omnia
1224 3681 1303 3754 quae
1319 3662 1359 3729 de

181 3788 253 3853 lesu
275 3786 433 3854 Nazareno
455 3788 566 3853 Petrus
590 3784 802 3874 praedicabat,
827 3804 899 3851 vera
922 3804 991 3851 esse
1010 3782 1264 3865 confirmaverat,
1281 3804 1359 3852 una·

182 3931 243 3999 que
262 3911 309 3978 sio
333 3913 437 3978 lesum
458 3914 708 3997 qlorilioooerot.
736 3912 805 3978 Non
825 3909 904 3977 dixit
922 3911 1034 3976 Petrus
1053 3931 1103 3971 τον
1131 3910 1193 3972 otoo
1221 3908 1359 3998 (filiorm)

180 4061 293 4118 aaron,
312 4038 366 4106 sed
381 4060 432 4102 τον
457 4034 553 4101 uada
576 4036 742 4127 (puerum)
758 4059 864 4102 αυτου.
882 4034 1009 4102 Scilicet
1028 4035 1160 4102 Messias
1176 4034 1214 4102 ab
1231 4034 1310 4101 isaia
1325 4036 1356 4101 in

179 4160 338 4250 praeclaro
355 4160 408 4229 illo
425 4162 587 4241 vatioinio,
606 4160 689 4249 quod
706 4159 817 4248 legitur
832 4161 909 4249 Cap.
927 4160 1009 4226 Lll:
1031 4161 1216 4226 t5-L111:
1233 4161 1356 4240 l—lb,

179 4285 280 4354 dietus
296 4284 396 4353 luerat
411 4297 481 4375 Ἥ
496 4284 607 4376 (Vulg.
626 4306 633 4348 :
653 4307 761 4352 servolo
776 4306 863 4351 meus
879 4280 988 4373 (Dei);
1008 4285 1099 4350 LXX
1114 4308 1122 4349 :
1137 4280 1242 4368 παις);
1259 4303 1359 4372 eaque

179 4407 429 4477 denominatione
448 4409 540 4477 etiam
562 4411 675 4477 Petrus
697 4408 750 4477 bio
769 4429 845 4477 usus
866 4418 914 4476 est
933 4408 972 4477 ad
991 4411 1095 4479 lesum
1116 4408 1262 4479 Messiam
1279 4407 1359 4476 indi·

179 4534 325 4612 randum·
