3074 5054
177 372 221 439 to
511 375 645 443 ACTUS
680 376 1012 457 APOSTOLORUM,

175 581 269 629 sensu
291 563 420 631 Graecis
441 563 578 651 ignotum
603 575 686 646 erat,
716 566 771 635 sed
801 565 934 633 Hebraei
960 566 1006 633 sio
1030 566 1248 656 loquebantur,
1266 589 1296 634 v.
1314 590 1345 656 g.

174 685 290 753 Genes.
319 685 431 754 XXIV
457 711 465 753 :
490 683 638 772 111ᾛῇ
661 700 732 772 quq:
760 685 875 772 oubam,
906 686 965 755 hoo
982 698 1044 769 est,
1069 699 1099 754 et
1115 691 1261 773 completi
1275 702 1350 755 aaut

173 811 241 874 dies
264 812 333 874 eius
348 813 391 875 od
413 813 627 894 pariendum,
646 809 668 875 i.
688 829 717 876 e.
736 821 861 877 venerat
876 811 904 877 ei
921 822 1043 901 tempus
1060 813 1212 899 pariendi.
1231 815 1350 881 Auctor

174 930 340 1019 vulgatae,
373 930 633 1019 quemadmodum
665 941 694 996 el
725 931 823 1017 Syrus
854 931 1027 1021 interpres,
1060 923 1159 1008 tobim
1188 924 1345 1022 isbal,
1376 971 1379 976 -

172 1051 313 1140 legerunt
336 1054 366 1118 in
391 1051 509 1120 Plurali
528 1079 536 1121 ε
555 1077 608 1127 τας
622 1053 751 1144 ἡμερας,
770 1053 825 1120 sed
841 1052 918 1122 baec
941 1054 1031 1122 leetio
1051 1055 1232 1123 auctoritate
1257 1056 1350 1125 Codi-

176 1197 247 1244 oum
271 1198 332 1244 non
348 1176 485 1245 luleitur.
505 1179 544 1242 ‘H
562 1177 749 1250 Hermaeum
768 1177 824 1242 etsi
844 1177 875 1242 in
898 1197 931 1244 se
953 1177 1148 1245 Adieotiuum
1170 1179 1350 1270 ε11(ἡπεν-

172 1325 297 1376 eaedem
325 1301 394 1369 soil.
423 1302 540 1392 ἥμερα,
569 1304 635 1367 dies
664 1299 975 1390 quinquagesimus),
1005 1302 1035 1366 in
1065 1321 1124 1368 usu
1154 1312 1255 1368 tamen
1285 1303 1349 1371 uim

175 1428 363 1496 Substantiui
389 1428 581 1509 obtinuerat,
611 1438 645 1496 ut
672 1437 755 1517 patet
777 1448 816 1494 ex
842 1425 923 1494 Tob.
950 1428 1004 1495 ll:
1025 1431 1062 1508 l;
1089 1430 1109 1494 1
1134 1427 1348 1495 Maeeebaeor.

174 1555 237 1622 Xll
254 1578 263 1620 ε
279 1556 317 1621 51
331 1602 340 1633 ,
356 1556 411 1622 51.
436 1555 523 1621 Flau
551 1551 677 1642 loseph.
703 1552 832 1640 Antiqq.
851 1552 898 1617 lli
918 1581 925 1617 :
949 1555 1009 1632 l0,
1031 1555 1064 1620 6.
1085 1553 1203 1619 Graeoa
1228 1551 1352 1640 Belgioe

175 1688 276 1744 vertas
295 1697 302 1738 :
321 1679 375 1742 Eu
400 1688 471 1742 toea
493 1679 531 1742 de
552 1678 764 1759 Piulcsterdop
787 1677 917 1740 nervuld
939 1678 1047 1759 werd,
1067 1673 1100 1742 b.
1121 1695 1149 1743 e.
1169 1698 1206 1741 eu
1229 1699 1268 1761 op
1289 1682 1352 1744 deu

174 1804 399 1886 Ptulrsterdop.
418 1841 462 1850 -
479 1801 663 1890 Intelligitur
679 1813 781 1868 autem
801 1803 983 1869 Pentecoste
1008 1801 1206 1869 ludaeorum.
1227 1803 1353 1871 Soilieet

144 2010 145 2013 Ἴ
177 1932 244 1995 dieo
259 1933 538 2015 quinquagesimus
554 1951 572 1996 a
587 1930 723 1997 seeundo
740 1929 791 1996 die
807 1928 967 1997 Pasobatis
989 1927 1111 1996 ludaeis
1127 1939 1192 1995 erat
1207 1928 1303 1996 festus
1320 1929 1350 1995 in

177 2054 360 2121 memoriam
394 2053 593 2142 legislationis
624 2054 806 2133 Sinaitieae3
840 2054 1014 2143 festumque
1046 2052 1123 2121 illud
1153 2055 1351 2121 Penteoostes

178 2196 274 2242 unum
291 2186 356 2242 erat
372 2197 410 2242 ex
427 2177 525 2244 tribus
542 2177 729 2258 maioribus,
747 2176 862 2266 quibus
882 2177 976 2244 adulti
1000 2198 1103 2245 mares
1119 2196 1227 2244 omnes
1243 2178 1353 2244 Hiero·

179 2299 330 2385 solymam
346 2298 431 2366 adire
451 2299 628 2368 debebant.

224 2435 316 2488 erant
343 2421 463 2510 omnes)
491 2424 630 2499 Ἅπαντες
658 2437 688 2492 et
715 2447 822 2499 παντες
845 2424 905 2493 boo
928 2426 1094 2505 differunt,
1117 2425 1202 2514 quod
1226 2426 1355 2501 ἅπαντες

178 2545 324 2613 dicuntur
341 2551 485 2614 universi
508 2569 633 2628 omues,
661 2549 784 2616 nemine
804 2529 951 2638 excepto,
977 2548 1033 2616 sed
1056 2537 1113 2638 per
1133 2572 1240 2623 παντες
1262 2572 1354 2634 saepe

179 2670 378 2759 designantur
393 2684 511 2739 tantum
526 2678 671 2760 plerique
695 2695 821 2757 omnies,
842 2685 875 2740 ut
891 2696 921 2739 ν.
939 2694 970 2760 g.
988 2674 1069 2740 inlra
1085 2694 1131 2739 νε.
1151 2677 1191 2757 7,
1211 2674 1263 2762 qui
1281 2694 1354 2740 eon·

179 2794 324 2882 lerendus
346 2806 393 2861 est
419 2817 489 2863 oum
512 2818 559 2863 νε.
585 2800 637 2866 15.
663 2798 736 2884 Agit
756 2796 794 2863 de
817 2797 876 2864 boo
898 2796 1077 2864 discrimine
1099 2797 1293 2865 Valckenaer
1314 2799 1354 2866 ad

180 2921 265 2990 buno
291 2923 406 2992 locum.
431 2924 578 3000 Ἅπαντες
598 2936 717 3003 autem,
740 2927 793 3014 qui
817 2923 869 2992 bie
891 2924 1048 3006 dicuntur,
1075 2926 1286 3014 intelliguntur
1309 2926 1352 2993 illi

76 3070 78 3075 ’
179 3069 304 3130 ornnes,
324 3069 402 3137 quos
418 3048 695 3138 Historiograpbus
716 3049 805 3116 nobis
827 3047 929 3116 adhuc
945 3048 1091 3116 indicavit
1106 3050 1197 3139 (Cap.
1216 3052 1230 3117 1
1251 3074 1259 3117 :
1281 3049 1351 3140 15),
1422 3112 1425 3120 .

181 3173 301 3240 scilieet
324 3172 519 3241 Christianus
540 3173 593 3240 ille
618 3185 724 3241 coetus
749 3173 910 3240 bominum
932 3175 1058 3241 oireiter
1080 3185 1204 3241 eentum
1232 3174 1351 3262 viginti.

181 3299 221 3365 Et
235 3318 309 3364 uero
333 3297 404 3364 illos
420 3298 549 3372 ἅπαντες
564 3318 625 3363 non
642 3319 710 3365 esse
734 3296 817 3364 solos
835 3297 1020 3386 ApostoloS,
1040 3310 1125 3366 oerto
1143 3298 1298 3386 colligitur
1315 3319 1353 3366 ex

181 3420 383 3510 sequentibus
404 3419 467 3510 (vs.
496 3424 555 3502 tl,
577 3420 645 3508 ld),
671 3421 723 3488 ubi
748 3421 889 3509 Apostoli
912 3419 1142 3508 distinguuntur
1163 3440 1180 3486 a
1203 3419 1352 3509 reliquis,

182 3548 236 3638 qui
258 3559 383 3637 accepto
404 3547 523 3637 Spiritu
546 3548 658 3614 Sancto
680 3546 773 3612 variis
796 3544 889 3612 loouti
918 3556 989 3612 sunt
1010 3546 1140 3632 linguis,
1160 3565 1236 3633 quas
1264 3567 1354 3613 num*-

180 3690 273 3759 quam
293 3669 415 3738 luerent
439 3671 558 3752 edocti3
577 3691 707 3759 eamque
728 3670 1010 3758 interpretationem
1031 3669 1188 3758 postulant
1209 3669 1301 3737 etiam
1317 3691 1354 3738 ea

182 3814 261 3884 quae
277 3795 356 3861 infra
371 3794 433 3885 (vs.
454 3793 512 3884 17)
529 3794 672 3883 leguntur
688 3793 768 3862 diota
785 3814 802 3860 a
818 3794 851 3861 S.
872 3796 978 3861 Petro.

224 3922 353 4005 pariter
377 3924 411 3986 iu
434 3923 540 3986 eodem
563 3917 654 4008 loeo).
674 3921 731 3988 Gr.
751 3913 942 4004 dpodopedor
958 3940 1007 3980 επι
1022 3940 1055 3979 το
1072 3938 1158 3978 aare.
1178 3914 1354 3982 Secundum

179 4043 354 4110 versionem
371 4042 533 4131 Vulgatam
548 4042 730 4130 tautologiae
745 4040 867 4108 videtur
883 4040 997 4120 orati03
1016 4039 1120 4106 malim
1138 4037 1190 4104 hio
1207 4049 1351 4104 vertere:

182 4227 352 4238 -n————-

213 4345 232 4405 ¹l
250 4343 288 4396 Cl.
303 4345 402 4396 Roland
425 4344 565 4411 Antiquitt.
589 4358 685 4408 sacrae,
707 4317 768 4397 bars
788 4347 830 4396 lV.
851 4345 912 4412 Cap·
936 4346 966 4395 ll.
987 4343 1168 4403 dolormann,
1186 4343 1355 4409 Arobeologia

180 4427 285 4483 biblica.
298 4428 313 4497 ἓ
324 4428 368 4481 att
381 4466 388 4493 ,
400 4443 458 4496 sqq.
