3074 5054
458 392 596 460 CAPUT
629 387 712 465 VII,
749 385 870 454 valta.
908 385 1054 454 at-att.
1285 385 1350 451 tto

177 587 293 676 gratia,
312 587 390 653 Luc.
412 583 529 664 1:783
550 582 610 683 ΥΠ
631 601 639 640 =
660 581 722 658 163
747 575 881 646 Iacobl
901 601 909 644 ε
927 575 990 658 at,
1004 586 1035 643 et
1056 575 1089 643 in
1110 574 1252 642 versione
1274 573 1352 662 Sep-

177 708 418 800 tuaginta-viruli
446 705 547 774 uxot.
578 706 623 775 IV
654 728 662 771 :
687 705 727 771 ot
760 711 790 768 et
816 699 912 768 Ruth.
937 701 981 767 I:
1004 702 1037 768 6.
1061 737 1106 749 -
1126 697 1348 766 phavorinus:

177 855 410 919 επισκεπτομαι·
430 854 463 894 το
479 827 706 920 προμηθευομαι
722 849 771 888 και
788 819 920 910 nudarant
936 845 1028 898 τινος.

223 1071 279 1139 at.
297 1070 343 1135 Et
366 1089 438 1134 cam
455 1069 585 1132 viditaet
600 1065 766 1150 quemdam
783 1065 1145 1146 interannuntiantem,
1163 1063 1252 1148 etc).
1271 1060 1353 1128 Vide

178 1195 280 1263 Exod.
304 1197 359 1263 II:
379 1196 441 1273 tt,
466 1168 520 1260 It.
546 1193 608 1258 Pro
637 1200 722 1257 certo
750 1189 837 1278 pouit
857 1186 1049 1277 stephanus,
1070 1208 1153 1271 rem,
1179 1206 1271 1275 quarn
1299 1185 1352 1252 bic

178 1330 344 1400 memorat,
361 1316 556 1385 auditoribus
571 1313 637 1381 suis
658 1333 726 1381 esse
747 1323 866 1394 notam3
882 1333 978 1401 quare
999 1313 1112 1381 omittit
1127 1311 1245 1392 dicere,
1263 1311 1350 1378 illurn

177 1441 375 1532 aduocauerunt
392 1441 487 1510 fuisse
503 1440 692 1516 Israe'litam,
710 1447 741 1504 et
762 1461 813 1502 τον
830 1433 993 1502 αὸικουντα
1012 1437 1109 1506 fuisse
1124 1439 1225 1505 virum
1242 1456 1351 1524 qnem-

178 1567 248 1636 dam
272 1566 471 1655 Aegyptium.
503 1562 675 1651 Aegyptius
701 1561 754 1629 iIIe
782 1562 960 1628 verberabat
986 1560 1072 1651 (aaa
1096 1559 1197 1628 Exod.
1217 1561 1246 1628 II
1265 1584 1273 1626 ε
1293 1557 1351 1648 II)

178 1689 369 1770 IsratiIitam3
394 1707 486 1778 quarn
513 1686 657 1753 ininriam
679 1696 834 1772 tamquam
855 1684 914 1752 sibi
938 1664 1059 1751 illatam¹
1074 1686 1178 1752 Moses
1200 1686 1285 1751 altas
1306 1693 1352 1750 est

180 1809 544 1902 (occaecat-Verbum
556 1809 694 1879 Medium
707 1832 862 1896 αμυνομαι
875 1808 935 1877 hoc
947 1829 1041 1877 sensu
1053 1809 1206 1877 interdum
1214 1810 1353 1874 obsolute

178 1937 272 2027 poni,
286 1936 427 2025 exempla
450 1934 582 2024 probant
602 1933 641 2001 ab
664 1934 800 2000 Henrico
825 1931 981 2020 Stephano
1002 1931 1049 2021 (in
1074 1931 1171 1999 Thes.
1190 1930 1228 1999 ad
1251 1930 1286 1999 b.
1304 1929 1352 2017 v.)

178 2059 281 2127 alluta.
301 2060 450 2132 Εποιησεν
472 2053 638 2134 eademnam,
655 2058 897 2123 vindicationem
911 2057 999 2140 fecit,
1027 2080 1070 2142 τῳ
1097 2077 1351 2141 autoramentum

178 2182 266 2249 tratri
285 2202 342 2249 suo
359 2184 515 2247 intratam
528 2202 624 2265 passo
641 2180 782 2265 (Dativus
798 2178 989 2269 Commodi),
1007 2182 1173 2246 occidendo
1190 2176 1353 2268 (παταξας)

179 2310 275 2374 illam
298 2311 405 2374 virum
432 2306 627 2392 Aeyyptt'ttm
653 2303 720 2394 (τον
740 2303 936 2396 Αιγυπτιον).
962 2304 1102 2373 Verbum
1129 2327 1299 2368 πατασσειν
1321 2304 1353 2370 in

179 2430 311 2499 Graecis
334 2430 504 2519 Scripturis
527 2430 639 2497 veteris
659 2438 689 2495 et
714 2427 785 2495 novi
808 2426 995 2495 Testamenti
1021 2428 1204 2516 plerumque
1228 2427 1353 2515 quidem

179 2554 296 2623 dicitur
318 2553 357 2621 de
379 2557 525 2639 feriendo
541 2565 571 2621 et
586 2554 754 2632 caedendo,
769 2550 824 2619 sed
844 2562 875 2618 et
889 2570 1121 2639 nonnumquam
1134 2553 1171 2616 de
1187 2552 1354 2616 occidendo

180 2676 204 2742 i.
230 2696 261 2744 e.
287 2679 524 2761 iaterficieado,
541 2687 576 2743 ut
589 2678 611 2745 ἢ
626 2674 763 2764 Paralip.
782 2675 950 2741 XXXIII:
972 2676 1016 2742 24
1031 2684 1062 2741 et
1076 2671 1187 2741 Matth.
1212 2672 1322 2741 XXVI
1343 2696 1352 2738 :
1417 2766 1420 2772 .

179 2801 243 2878 513
271 2797 311 2865 ad
339 2818 432 2887 quem
459 2797 585 2867 modurn
613 2795 803 2864 Hebraicum
827 2811 890 2882 aaa
909 2805 940 2863 et
967 2795 1027 2864 hoc
1050 2806 1080 2863 et
1103 2795 1156 2863 ilIo
1181 2793 1352 2883 significatu

179 2922 331 2990 occurrit.

225 3167 283 3234 25.
308 3169 519 3234 Enista‘mabot
541 3179 665 3253 autem,
696 3167 786 3259 eta).
817 3170 865 3235 Ex
891 3178 1068 3254 antegressa
1090 3168 1264 3235 narratione
1287 3167 1352 3258 (m.

179 3293 225 3359 25
251 3302 281 3358 et
296 3290 369 3381 at),
384 3293 642 3381 quemadmodum
668 3303 698 3359 et
721 3314 760 3360 ex
783 3293 887 3361 verbis
910 3292 1011 3360 Exod.
1028 3295 1057 3359 II
1074 3317 1082 3359 :
1102 3295 1139 3360 tt
1160 3292 1353 3381 colligimus,

181 3411 335 3481 Hebraeis
363 3414 425 3481 ianr
455 3415 624 3484 innotuisse
649 3417 720 3505 quis
747 3428 829 3484 esset
849 3419 971 3498 Moses,
996 3426 1158 3505 antequam
1181 3417 1353 3505 Aegyptius

180 3535 236 3602 iIIe
251 3537 290 3604 ab
306 3557 343 3604 eo
360 3535 566 3605 occideretur.
585 3538 863 3628 Appropinquabat
886 3550 987 3606 autem
1005 3550 1146 3628 tempus,
1167 3559 1228 3628 quo
1244 3560 1355 3608 secun«

181 3657 258 3726 dum
282 3659 342 3725 Dei
364 3659 489 3726 effatum
513 3659 623 3749 (supra
647 3681 694 3728 vs.
718 3664 755 3744 6,
770 3658 808 3749 7)
831 3681 907 3749 gens
930 3660 1144 3730 Hebraeorum
1168 3682 1186 3729 e
1209 3663 1356 3730 servitute

182 3794 265 3852 esset
288 3784 464 3867 liberanda3
490 3806 569 3874 quae
593 3783 717 3874 quidem
744 3806 794 3854 res
817 3786 972 3854 neminem
994 3807 1031 3854 ex
1048 3788 1196 3855 Israelitis
1219 3787 1352 3856 latuerit.

184 3909 293 3996 Itaque
309 3911 432 3989 Moses,
446 3906 528 3975 edito
551 3906 603 3975 iIIo
627 3907 783 3986 facinore,
802 3909 1003 3976 existimabat
1020 3911 1191 3994 populares
1210 3932 1284 3976 auos
1305 3913 1359 3990 irc,

184 4032 336 4114 telliqere,
360 4031 481 4113 Deum,
492 4050 554 4114 per
570 4033 671 4115 Ipsina
685 4033 901 4099 ministerittm
920 4028 988 4120 (δια
1007 4054 1107 4122 χειρος
1122 4055 1214 4096 aaron
1235 4065 1277 4092 =
1293 4040 1356 4121 ima

185 4155 332 4220 iamiam
347 4156 500 4220 datarum
516 4150 656 4242 (διδωσιν
669 4155 701 4221 in
718 4155 876 4232 Praesenti
890 4153 929 4222 de
944 4174 997 4236 eo,
1017 4153 1100 4243 quod
1116 4153 1202 4221 brevi
1219 4154 1355 4221 futurum

184 4277 245 4360 est)
262 4279 327 4343 iilis
346 4298 411 4343 aeae
432 4280 566 4344 satutem
581 4276 765 4368 (σωτηριαν,
783 4277 806 4343 i.
822 4298 851 4345 e.
870 4276 1083 4345 liberationem
1105 4278 1278 4358 servitutis,
1298 4296 1358 4366 qua

186 4398 470 4489 opprimebantur),
487 4403 541 4468 aad
561 4403 612 4468 itta·
625 4404 682 4467 boc
702 4422 767 4468 aon
789 4404 1027 4469 iutelleoeerant.
1045 4403 1137 4471 Notat
1155 4399 1207 4469 bio
1223 4400 1329 4468 Estins
1347 4425 1355 4467 ε
