3074 5054
483 421 623 489 carun
657 422 707 503 n,
745 422 880 510 unns
906 424 1053 493 ιιι-ιιι.
1317 431 1360 496 ιι

226 615 317 677 irruto
332 614 415 697 qood
433 613 627 696 irreposcibile
649 622 718 678 erat
740 615 844 679 teceri
866 616 958 679 illum
981 616 1018 679 ch
1035 609 1097 699 eo).
1116 614 1242 682 Scilicet
1257 619 1294 682 ob
1312 619 1361 682 io-

174 739 291 821 serrro,
310 748 360 804 aut
377 759 397 802 c
412 748 532 822 morte,
551 757 609 826 pro
631 737 717 804 varia
739 735 872 804 lectione
894 737 1057 805 Codicum.
1080 740 1142 805 Pro
1167 742 1258 805 iuncta
1278 742 1362 825 quod

176 880 290 947 graece
313 870 360 929 est
375 861 476 925 καθοτι
493 860 574 951 (καθ’
591 865 623 938 ὁ,
642 861 685 948 τι)
699 874 814 944 prout,
833 861 917 951 quod
933 861 1031 950 logice
1049 861 1100 929 hic
1116 863 1197 930 valet
1211 875 1358 948 propter-

178 1007 219 1051 ea
245 988 338 1072 quod.
368 988 410 1055 Ut
438 986 582 1054 Christus
610 991 803 1054 retineretur
831 990 886 1053 suh
911 999 1066 1073 potestate
1093 990 1280 1081 (κρατεισθαι
1313 991 1365 1054 ὑπ’

178 1108 420 1198 avocamentis
437 1111 502 1178 sire
517 1113 656 1195 inferni,
676 1111 745 1178 ideo
768 1110 835 1177 lieri
852 1132 913 1179 non
932 1121 1051 1201 poterat
1066 1110 1137 1200 (ουκ
1152 1135 1186 1186 ην
1204 1110 1360 1200 devoror),

177 1234 254 1322 quia
267 1232 334 1299 ficri
351 1254 412 1301 non
437 1243 558 1324 potest,
576 1246 687 1301 utnon
713 1234 878 1324 impleatur
901 1235 1078 1324 Scriptura;
1094 1235 1179 1324 atqui
1199 1236 1362 1326 Scriptura

178 1353 393 1443 praedixerat,
420 1355 580 1424 Christum
607 1357 638 1423 in
667 1357 761 1424 vitam
786 1377 855 1426 esse
882 1357 1102 1426 revocandum.
1130 1359 1177 1425 Ex
1206 1358 1255 1426 his
1280 1371 1363 1448 patet

178 1499 279 1548 nexus
302 1501 372 1549 cum
397 1482 598 1570 sequentihus
625 1504 632 1545 :
660 1485 767 1549 Dooid
790 1505 858 1550 nuru
881 1487 980 1566 dicit,
1007 1495 1065 1552 etc.

224 1728 279 1794 25.
307 1727 410 1793 David
435 1732 521 1794 euim
537 1731 613 1795 dicit
636 1733 671 1795 in
696 1729 793 1817 eorm).
813 1731 933 1799 Graece
948 1754 988 1805 εις
1004 1754 1114 1808 curor,
1134 1730 1219 1820 quod
1235 1751 1358 1798 sumen-

178 1849 252 1918 dum
277 1861 324 1929 est
347 1853 434 1940 quasi
459 1853 582 1941 Belgiee
606 1853 690 1921 dicas
711 1880 718 1921 :
738 1876 777 1939 op
792 1857 883 1939 hem;
900 1865 929 1922 et
946 1875 1002 1944 per
1018 1854 1078 1922 hoc
1101 1855 1304 1943 significatur,
1323 1876 1359 1923 ea

179 1995 258 2064 quae
269 1988 441 2066 sequuntur
453 1978 546 2045 verba
559 1977 741 2068 prophetica
753 1982 790 2044 de
803 1978 933 2046 Christo
948 2000 1015 2046 esse
1028 1979 1121 2047 dicta.
1137 1981 1252 2061 Locus,
1262 2001 1356 2069 quem

179 2101 289 2166 Petrus
305 2098 356 2167 hic
372 2101 481 2188 allegat
503 2103 535 2168 in
559 2101 827 2170 confirmationem
844 2104 892 2170 sni
915 2104 996 2171 effati
1020 2102 1130 2190 (turta
1147 2107 1229 2190 quod
1246 2108 1361 2188 impos·

178 2222 268 2287 sihile
290 2234 375 2306 erat,
395 2222 485 2312 etc),
509 2222 671 2294 desumtus
693 2237 739 2294 est
763 2248 801 2294 ex
822 2226 947 2294 Psalmo
969 2228 1033 2295 XV
1058 2228 1225 2317 (llehraeis
1246 2226 1359 2317 XVl);

180 2366 313 2435 eumque
328 2347 432 2415 locum
448 2368 509 2415 non
526 2350 631 2438 typico
649 2371 742 2419 sensu
759 2352 814 2418 sed
837 2352 960 2418 litterali
981 2350 1019 2418 ad
1043 2350 1202 2419 Christum
1224 2352 1362 2420 releren-

180 2470 253 2538 dum
277 2491 363 2553 esse,
388 2473 427 2540 ah
451 2471 637 2540 authenticis
658 2475 897 2564 interpretibus,
923 2476 1015 2543 Petro
1039 2473 1098 2542 hoo
1114 2473 1201 2557 loco,
1217 2487 1247 2542 et
1263 2476 1360 2542 Paulo

181 2595 260 2663 infra
286 2598 362 2686 Cap.
391 2598 470 2664 Xlll
499 2623 507 2664 :
537 2601 598 2677 55,
625 2602 688 2680 56,
717 2601 882 2690 perspicue
911 2599 1071 2667 docemur.
1102 2601 1181 2666 Nam
1206 2611 1357 2690 uterque,

180 2721 443 2807 argumentatione
466 2743 559 2803 usus,
576 2722 755 2791 firmissime
780 2725 910 2815 prohat,
932 2745 967 2792 ea
983 2724 1099 2792 Psalmi
1124 2725 1219 2792 verba
1241 2725 1280 2793 ad
1296 2726 1359 2793 Da-

181 2845 280 2913 videm
305 2847 483 2936 neutiquam
505 2868 597 2937 posse
614 2847 723 2915 reterri
740 2900 749 2931 ,
765 2870 862 2939 quum
888 2851 918 2916 in
944 2850 1006 2916 illis
1032 2870 1135 2917 sermo
1163 2851 1202 2917 sit
1222 2851 1261 2919 de
1283 2872 1361 2940 quo·

181 2968 281 3055 piam,
295 2970 349 3058 qui
366 2989 427 3037 non
452 2981 533 3038 esset
559 2983 744 3060 experturus
761 2973 809 3039 sui
826 2973 969 3062 eorporis
994 2976 1249 3056 corruptionem,
1268 2994 1361 3063 quam

182 3103 280 3161 tamen
302 3094 404 3162 David
424 3115 486 3162 non
509 3097 677 3191 effugisset.
697 3099 763 3166 Nee
785 3118 858 3165 uero
880 3097 995 3164 mirum
1019 3097 1114 3164 videri
1137 3096 1247 3177 dehet,
1265 3098 1360 3163 Davi-

182 3215 267 3296 dem,
287 3217 340 3305 qui
357 3218 388 3283 in
401 3220 586 3305 antegressis
603 3219 641 3287 de
658 3240 691 3287 se
707 3219 830 3287 locutus
845 3220 964 3298 fuerat,
979 3219 1011 3286 in
1028 3231 1165 3285 extrema
1183 3218 1227 3285 illi
1244 3218 1359 3286 Psalmi

183 3352 284 3429 parte,
310 3362 390 3432 quae
412 3341 503 3410 hica
530 3345 623 3410 Petro
651 3344 810 3424 recitatur,
837 3345 897 3410 iam
927 3344 1015 3432 quasi
1045 3343 1147 3410 suhito
1175 3341 1358 3432 abreptum,

182 3465 294 3533 Christi
324 3485 488 3554 personam
511 3486 619 3554 agere3
645 3465 677 3533 id
697 3467 800 3547 enim,
825 3476 858 3533 ut
882 3477 965 3534 notat
988 3465 1149 3546 Muisius¹,
1168 3484 1261 3555 saepe
1283 3466 1359 3534 alias

183 3587 251 3656 facit
266 3590 297 3656 in
321 3589 386 3656 suis
409 3589 541 3657 Psalmis
564 3600 726 3674 tamquam
756 3589 883 3656 Christi
913 3601 1018 3674 typus.
1034 3626 1079 3639 -
1095 3590 1215 3657 Graeca
1242 3589 1357 3656 Psalmi

184 3714 290 3794 verba,
316 3733 395 3803 quae
419 3713 471 3780 hic
494 3714 526 3779 in
555 3715 639 3780 Luca
668 3712 829 3801 leguntur,
856 3711 947 3800 plane
974 3712 1162 3779 conueniunt
1189 3733 1262 3780 cum
1290 3714 1358 3779 eius

185 3837 240 3904 loci
256 3838 399 3905 versione
417 3837 717 3927 Septuagintavirali.
743 3837 899 3905 Nimirum
916 3837 1095 3925 Scripturae
1112 3836 1216 3903 locum
1232 3857 1250 3903 a
1265 3838 1359 3904 Petro

185 3960 352 4041 hebraica,
377 3972 430 4028 aut
457 3961 541 4050 quod
567 3961 786 4040 verisimilius,
811 3962 994 4042 Aramaica,
1025 3982 1085 4051 qua
1112 3961 1273 4042 utebatur,
1292 3960 1358 4028 dia-

184 4082 259 4150 lecto
276 4085 455 4166 recitatnm,
474 4087 593 4167 Lucas,
609 4106 706 4174 quum
730 4087 850 4152 Graece
866 4085 1037 4166 scriberet,
1055 4071 1226 4152 secundum
1243 4085 1359 4151 versio—

184 4225 251 4274 nem
267 4207 608 4297 Septuaginta·uiralem
623 4209 811 4298 allegaverit.

214 4472 233 4539 ¹)
250 4472 315 4525 Vide
334 4471 464 4525 Simeonis
480 4472 512 4524 de
523 4471 591 4526 Muis
606 4472 751 4525 Comment.
765 4472 793 4523 in
802 4471 843 4524 Ps.
859 4472 922 4526 XV:
934 4470 976 4522 to.
