3074 5054
498 396 636 465 CAPUT
669 396 719 475 X,
734 394 871 464 'VERS.
912 394 1055 465 l5-20.
1291 396 1352 463 28¹

188 587 215 654 in
230 587 316 655 lluxu
339 599 508 677 perpetuo,
523 587 655 653 Platani
669 586 833 676 aliquoties
849 597 921 654 sunt
935 590 963 650 at
988 607 1112 677 ρεοντες.
1138 585 1200 671 Qui
1224 584 1357 652 animam

186 715 355 779 statuebant
377 732 439 780 nan
464 712 645 780 morituram
672 732 744 779 cum
769 731 919 803 corpora,
946 710 1127 779 dicebantur
1151 713 1179 775 οἱ
1202 710 1358 774 candara-

185 840 326 916 τιζοντες,
350 847 443 904 etc.»

228 1082 283 1148 ld.
309 1081 380 1146 Hae
402 1092 509 1147 antem
530 1085 652 1166 [actam
676 1091 723 1145 ast
740 1101 798 1165 par
815 1091 875 1161 ter,
893 1084 978 1167 etc.).
998 1081 1059 1148 Pra
1077 1103 1125 1144 επι
1141 1102 1206 1169 τρις
1222 1079 1359 1148 scribare

181 1203 333 1292 potuisset
357 1226 434 1296 τρις.
464 1204 571 1292 ltaque
598 1201 734 1271 abundat
757 1203 788 1270 in
816 1203 869 1271 illa
896 1203 1053 1271 locutione
1080 1202 1292 1292 Praepositia,
1325 1210 1361 1268 ut

180 1329 212 1396 in
237 1330 357 1400 Gallico
379 1351 388 1394 τ
404 1333 537 1417 joaqc'd
562 1334 642 1398 trois
663 1335 740 1418 saia,
766 1342 819 1400 aut
842 1332 873 1399 in
896 1332 1087 1400 Nostratium
1106 1357 1114 1399 ι
1133 1343 1178 1398 tat
1192 1335 1261 1397 dria
1277 1335 1361 1398 macl

179 1464 241 1520 tae.
267 1453 385 1521 Sensus
401 1465 448 1522 ast
465 1474 473 1516 z
493 1465 539 1522 ter
555 1455 719 1544 repetitum
736 1456 794 1524 luit
816 1455 894 1525 illud
917 1456 1132 1545 imaginarium
1157 1457 1236 1525 inter
1251 1477 1359 1525 vacem

177 1579 264 1647 illam
292 1591 323 1647 ct
348 1580 474 1647 Petrum
502 1581 709 1670 colloquium3
743 1604 805 1671 quo
833 1583 940 1663 finito,
973 1584 1084 1650 Petrus
1111 1584 1170 1652 sibi
1198 1583 1360 1653 ridebatur

179 1703 288 1771 videre
308 1705 538 1794 receptaculum
563 1704 639 1773 illud
655 1706 775 1774 sustolli
793 1707 824 1774 in
841 1708 962 1774 coelum
987 1707 1134 1776 unacum
1157 1708 1358 1790 animalibus,

180 1847 262 1916 quae
289 1828 477 1896 continebat.
497 1867 541 1878 —-
564 1831 659 1911 Puta,
685 1829 754 1897 ideo
782 1830 858 1898 illud
889 1830 986 1899 luisse
1013 1841 1060 1898 ter
1088 1835 1269 1922 repetitum,
1298 1852 1360 1921 qua

181 1951 277 2020 altius
300 1952 385 2019 Petri
409 1952 511 2020 animo
535 1973 585 2021 res
609 1952 840 2021 informaretur.

233 2200 286 2266 l7.
311 2201 359 2264 Et
385 2202 461 2265 dom
487 2203 574 2264 intra
601 2221 634 2264 aa
660 2201 850 2287 haesitaret,
883 2196 974 2284 etc).
1004 2200 1088 2264 Dum
1116 2199 1246 2279 Petrus,
1276 2197 1361 2265 finita

182 2322 320 2400 exstasi,
345 2321 385 2389 ad
407 2342 441 2389 se
462 2342 624 2399 reversus,
649 2322 762 2388 dubias
783 2325 927 2388 baararat
951 2325 987 2387 in
1008 2323 1174 2387 statuenda
1190 2325 1277 2405 apud
1293 2324 1362 2386 ani-

182 2468 273 2512 mam
289 2467 382 2512 auom
403 2445 449 2536 (aa
473 2444 569 2532 ἑαυτῳ
595 2443 743 2538 diacope.
769 2446 845 2516 Vid.
873 2468 905 2536 p.
930 2445 989 2533 ⁶27)
1007 2445 1081 2535 quid
1104 2444 1163 2511 sibi
1183 2445 1291 2524 vellet,
1310 2455 1362 2512 ant

181 2575 275 2643 ouius
290 2573 413 2642 tandem
429 2576 473 2642 rei
490 2576 610 2664 signum
632 2586 713 2642 essct
728 2577 828 2640 acaum
846 2576 928 2640 illaad
951 2576 1033 2658 qood
1048 2576 1178 2639 vidisset
1193 2574 1240 2661 (ra
1258 2575 1360 2662 ὁραμα

182 2705 200 2765 ὁ
225 2694 312 2788 ada),
330 2718 419 2780 ecce,
445 2700 502 2765 viri
526 2699 589 2777 illi,
617 2719 695 2788 quas
717 2698 880 2765 Cornelius
903 2696 1114 2785 ablegaverat,
1126 2698 1306 2780 percantati
1326 2698 1364 2760 da

181 2827 278 2891 doma
299 2824 440 2892 Simonis
461 2820 710 2914 (διερωτησαντες
729 2846 781 2899 την
803 2845 899 2887 aratam
923 2819 1090 2909 Σιμωνος),
1114 2821 1153 2889 ad
1173 2821 1286 2888 ostium
1309 2840 1362 2888 co-

181 2949 271 3017 riarii
295 2947 465 3016 adstabant.
484 2985 527 2996 -
540 2948 659 3016 Graeca
674 2946 820 3034 Syntaxis
840 2972 848 3013 :
868 2944 907 3021 ὡς
929 2941 1163 3034 διηπορει-και
1188 2940 1272 3023 adon,
1291 2964 1363 3011 ana-

182 3072 342 3143 coluthica
369 3085 432 3156 est,
461 3084 496 3142 ut
521 3094 615 3163 supra
641 3074 717 3163 Gap.
737 3075 751 3139 l
771 3096 779 3139 :
800 3077 854 3142 l0.
880 3109 924 3120 —
944 3073 1070 3138 Poterat
1095 3090 1209 3157 anceps
1237 3067 1363 3136 haerere

183 3200 314 3278 Petrus,
343 3208 446 3265 utrum
475 3195 534 3263 bac
560 3196 677 3264 visione
706 3195 896 3264 indicaretur
922 3192 1067 3260 abolitam
1095 3210 1163 3258 essa
1195 3189 1293 3278 legem
1326 3188 1364 3255 do

185 3320 369 3389 discrimine
397 3320 539 3388 ciborum
569 3318 780 3399 observanda,
805 3338 844 3385 an
868 3337 942 3383 vera
965 3314 1049 3382 aliud
1078 3313 1153 3404 quid
1176 3313 1218 3380 ibi
1243 3312 1361 3380 lateret.

234 3567 288 3634 l8.
314 3568 361 3633 Et
387 3587 458 3632 aum
485 3579 662 3646 vacassent,
688 3568 775 3648 etc).
811 3567 930 3633 Graece
949 3587 956 3630 :
977 3587 1027 3626 και
1046 3586 1235 3656 φωνησαντες
1250 3564 1365 3652 (ayant

183 3694 269 3774 cria,
292 3693 406 3769 laalai).
434 3693 516 3759 Com
543 3696 782 3777 iaaalamasaant,
812 3691 1041 3778 interrogarunt
1068 3709 1159 3768 eum,
1186 3689 1239 3777 qui
1268 3688 1365 3754 incla-

185 3816 344 3886 mantibus
366 3815 582 3899 responderat,
606 3834 644 3881 an
668 3815 732 3883 illic
756 3825 837 3883 asset
859 3812 994 3903 bospitio
1018 3823 1166 3901 exceptus
1187 3812 1299 3901 aliquis
1314 3811 1364 3879 Si-

186 3963 280 4025 mon,
299 3952 502 4030 cognamento
518 3943 642 4009 Petrus.

236 4191 382 4258 tta-ao.
402 4190 497 4255 Petra
513 4198 618 4254 autam
638 4191 794 4273 capitanata
808 4191 847 4254 da
863 4190 998 4272 cisione,
1018 4186 1105 4270 etc).
1121 4187 1240 4250 lnterea
1255 4184 1367 4250 Petrus

188 4313 293 4383 adbuc
324 4317 459 4381 multum
486 4336 587 4380 sacam
620 4316 775 4399 capitabat
801 4316 838 4379 da
866 4315 925 4378 illa
952 4315 1071 4378 visione
1098 4305 1367 4399 (dreadapaapavaa

190 4438 288 4529 περι),
318 4436 394 4527 quid
422 4458 456 4505 ea
484 4439 544 4506 sibi
574 4439 677 4506 vellet.
706 4438 800 4506 Prius
826 4448 927 4504 autem
955 4454 1047 4525 quam
1075 4433 1118 4503 illi
1147 4453 1164 4500 a
1189 4431 1366 4501 domesticis
