3074 5054
464 397 602 468 carun
637 398 735 484 xxi,
774 395 895 468 vaus.
933 394 1081 468 aa-aa.
1294 398 1360 472 sia

176 604 292 684 patrata
316 592 358 660 ibi
383 591 478 659 caede
502 591 735 680 pr·oianaretur;
759 592 800 658 ob
824 611 915 680 quam
942 610 1067 659 oausam
1092 596 1199 659 statim
1221 591 1360 682 (ευθεως)

176 739 300 808 quaque
315 738 351 786 ac
370 717 486 786 Paulus
511 727 686 806 protractus
705 726 787 783 esset
804 726 891 783 extra
909 716 1078 805 tempium,
1104 736 1122 784 a
1147 717 1263 785 Levitis
1279 718 1360 785 iani·

177 843 295 911 toribus
317 845 441 909 clausae
462 853 538 908 sunt
561 845 646 927 sores
673 844 782 925 tempii
804 838 1011 924 (εκλεισθησαν
1037 844 1069 903 αἱ
1093 839 1207 934 bopsi).
1239 844 1360 910 interea

176 988 248 1035 vero
265 968 338 1036 dum
356 987 426 1034 eum
443 971 590 1033 continuo
614 968 830 1050 percutientes
846 965 900 1053 (oi.
921 986 967 1032 vs.
990 964 1050 1053 52)
1069 964 1212 1034 occidere
1230 985 1362 1057 quaera-

177 1092 265 1172 bant,
286 1092 325 1159 ad
342 1091 505 1160 Claudium
526 1092 653 1179 Lysiam
666 1091 748 1172 (vide
766 1093 842 1181 Cap.
863 1092 975 1158 XXlll
996 1114 1004 1158 ε
1024 1093 1094 1177 bb),
1112 1090 1288 1159 Tribunum
1303 1097 1358 1179 (τῳ

176 1214 344 1306 χιλιαρχῳ,
370 1216 475 1283 Dativ.
501 1215 696 1296 directionis)
713 1216 871 1282 Romanae
895 1213 1055 1294 cohortis,
1074 1214 1105 1280 in
1122 1233 1194 1280 arce
1211 1212 1357 1290 Antonia,

178 1341 291 1429 templo
319 1340 480 1428 contigua,
511 1338 716 1419 habitantem,
746 1341 903 1406 indicium
928 1317 1076 1424 pervenit
1104 1335 1211 1423 (ανεΕη
1238 1335 1358 1431 φασις),

178 1466 259 1554 quod
287 1477 347 1533 teta
376 1465 484 1532 civitas
512 1464 730 1551 liiiirosoiyma
757 1475 836 1531 esset
863 1467 1021 1531 coercitatn
1047 1462 1268 1552 (συγκεχυται).
1296 1461 1358 1548 Qui

177 1592 280 1656 stetim
297 1585 502 1672 (εξαυτηςπεξ
515 1611 607 1663 αυτης
624 1613 675 1662 της
691 1586 801 1677 ὠρας),
820 1588 973 1657 adiunctis
989 1587 1049 1655 sibi
1076 1586 1227 1654 militibus
1244 1598 1274 1654 et
1290 1606 1363 1654 ceb-

179 1713 369 1794 turionibm,
388 1713 528 1782 decurrit
551 1714 587 1778 in
613 1734 663 1778 eos
687 1716 742 1802 (εντ’
768 1711 899 1792 esrom).
927 1712 967 1778 Hi
992 1731 1066 1778 vero
1091 1733 1191 1796 qecrcrn
1212 1713 1366 1777 vidissent

179 1835 314 1928 (cicerae)
332 1837 491 1905 tribunum
507 1858 579 1905 oum
601 1836 751 1904 militibus
774 1849 1006 1919 accurrentem,
1028 1850 1227 1905 cessaverunt
1249 1859 1364 1922 perea-

180 1972 242 2026 tere
259 1962 445 2050 (ennuouero
461 1983 631 2035 τυπτοντες.
657 1961 728 2028 vide
744 1962 821 2051 Cap.
842 1964 893 2031 V:
914 1963 969 2045 Η)
985 1962 1129 2030 Paulum.

224 2204 370 2272 53-36.
399 2205 428 2269 T
427 2227 488 2270 une
505 2206 654 2271 accedens
669 2206 830 2270 Tribunus
848 2205 1060 2288 apprehendit
1077 2226 1146 2271 curn
1155 2255 1167 2288 ,
1187 2201 1274 2283 eta).
1290 2207 1363 2273 Tri-

183 2328 283 2396 bunus
306 2339 407 2396 autem
429 2351 526 2413 quant
550 2331 836 2414 appropinquasset
860 2328 1017 2416 (εγγισας),
1042 2327 1173 2395 Paulum
1198 2327 1366 2398 satellitum

181 2475 307 2522 suorum
326 2454 498 2522 ministerio
513 2456 726 2538 apprehendit
742 2447 940 2539 (sociabere),
957 2452 1109 2541 iussitque
1123 2454 1232 2520 vinciri
1247 2455 1365 2521 catenis

182 2577 319 2656 duabus,
350 2588 421 2666 puta
450 2577 592 2645 manibus
616 2588 646 2644 et
673 2576 823 2667 pedibuS,
850 2577 890 2644 ita
916 2589 1016 2644 tamen
1040 2586 1074 2644 ut
1097 2576 1200 2644 adhue
1220 2577 1366 2646 incedere

184 2712 286 2789 posset
298 2699 351 2790 (ci.
366 2721 413 2767 vs.
430 2699 495 2780 bi).
512 2701 632 2766 Interea
644 2699 683 2767 ab
696 2699 887 2766 adstantibus
906 2699 1125 2765 sciscitabatur
1140 2698 1359 2785 (encaeniare),

184 2825 323 2913 quisnam
352 2824 405 2891 iiie
428 2835 511 2891 esset
532 2838 561 2892 et
589 2824 665 2913 quid
692 2824 880 2892 admisisset.
904 2826 1025 2913 Nempe
1047 2823 1180 2893 habebat
1203 2824 1364 2892 Tribunus

182 2945 312 3012 Paulum
337 2964 393 3033 pro
412 2944 551 3013 malefico
569 2945 693 3034 aliquo,
723 2946 752 3012 in
777 2966 869 3036 quem
893 2946 981 3035 plebs
1006 2966 1068 3013 non
1093 2947 1160 3014 sine
1181 2966 1274 3014 causa
1297 2966 1365 3016 sae·

184 3068 272 3134 viret.
290 3069 395 3153 Quum
412 3079 514 3135 autem
532 3071 567 3134 in
592 3068 779 3136 tumultuosa
805 3073 863 3135 itin
884 3071 977 3136 turba
994 3069 1034 3151 (εν
1051 3093 1094 3156 τῳ
1112 3067 1208 3158 opio)
1226 3068 1365 3137 adibam

182 3191 313 3260 Tribuni
338 3193 549 3282 quaestionem
570 3195 627 3258 otii
650 3196 742 3259 atiud
757 3196 836 3279 qnid
852 3197 1105 3279 vociferarentur
1120 3191 1225 3281 (aiios
1242 3190 1320 3257 aiio
1337 3218 1366 3257 τι

183 3313 300 3407 eicon),
327 3338 428 3406 neque
452 3317 496 3395 is,
515 3317 551 3382 ob
567 3339 639 3384 eum
665 3321 836 3384 tremebunt
853 3313 916 3407 (δια
933 3340 983 3382 τον
1006 3315 1160 3409 inpubes),
1178 3330 1299 3386 certum
1314 3318 1364 3408 (ro

183 3440 330 3534 ασφαλες)
353 3462 541 3530 cognoscere
565 3454 689 3532 posset,
713 3444 804 3511 iussit
830 3443 984 3525 Paulum,
1011 3446 1132 3514 vinetus
1153 3457 1186 3514 ut
1207 3444 1260 3514 hio
1282 3457 1364 3527 erat,

182 3567 307 3635 dualia
330 3579 432 3634 castra
453 3567 510 3656 (εις
532 3590 585 3637 την
610 3562 829 3657 παρεμὸολην).
855 3569 960 3653 Quum
984 3588 1057 3636 vero
1079 3573 1216 3636 venisset
1240 3577 1364 3661 (εγενετο

182 3693 259 3758 Aer.
279 3692 300 3756 2
316 3689 414 3777 med.)
431 3694 473 3756 ad
487 3694 607 3774 prodas
626 3693 738 3777 quibus
754 3692 1001 3757 adscendebatur
1018 3696 1052 3757 in
1068 3715 1174 3759 arcem
1190 3695 1366 3760 Antoniano

182 3813 246 3901 (ear
261 3837 330 3888 τους
353 3809 558 3900 αναὲατμους.
577 3814 646 3882 vide
672 3814 719 3881 Fl.
746 3813 872 3905 loseph.
899 3816 937 3881 B.
963 3816 995 3880 J·
1020 3814 1091 3883 Lib.
1110 3817 1140 3885 V
1160 3836 1168 3879 t
1187 3815 1237 3904 8),
1263 3819 1365 3885 evenit

184 3948 217 4003 ut
232 3934 376 4003 manibus
392 3947 568 4025 portaretur
585 3958 602 4002 a
625 3936 775 4004 militibus
799 3939 835 4003 ob
853 3941 1007 4021 impetam
1022 3938 1132 4003 turbae
1145 3934 1209 4021 (δια
1224 3959 1277 4013 την
1294 3934 1367 4023 βιαν

183 4084 236 4124 του
256 4057 378 4146 oxion).
404 4058 629 4148 Insequebatur
656 4060 739 4126 enim
768 4059 958 4127 tumultuans
982 4063 1039 4127 iiio
1061 4061 1167 4150 populi
1192 4063 1365 4129 multitudo

184 4187 233 4275 (eo
249 4179 373 4268 πληθος)
390 4183 562 4250 vociferans
582 4205 590 4246 ε
609 4184 699 4253 Tolle
715 4203 785 4250 eum
804 4182 842 4250 de
858 4183 981 4251 mediet
1203 4264 1206 4269 p

231 4307 264 4373 ln
280 4304 435 4372 locutione
455 4329 520 4370 εστι
543 4329 730 4386 nenorosus,
755 4315 789 4373 ut
807 4316 837 4372 et
858 4327 953 4395 supra
966 4307 1025 4391 (us.
1044 4309 1099 4390 29)
1122 4307 1153 4374 in
1169 4331 1246 4382 ησαν
1271 4305 1365 4403 ἑωρα-

185 4450 267 4502 κοτες
282 4440 330 4496 est
345 4428 542 4517 periphrasis
560 4429 654 4498 Vcrbi
673 4428 750 4495 finiti
768 4430 981 4518 perverbum
997 4430 1229 4501 substantivum
1246 4445 1277 4502 et
1292 4436 1367 4501 Par·

1208 4563 1245 4621 55
