<?xml version="1.0" encoding="UTF-8"?>
<!DOCTYPE html PUBLIC "-//W3C//DTD XHTML 1.0 Transitional//EN"
    "http://www.w3.org/TR/xhtml1/DTD/xhtml1-transitional.dtd">
<html xmlns="http://www.w3.org/1999/xhtml" xml:lang="en" lang="en">
 <head>
  <title>
</title>
<meta http-equiv="Content-Type" content="text/html;charset=utf-8" />
  <meta name='ocr-system' content='tesseract 3.04.00' />
  <meta name='ocr-capabilities' content='ocr_page ocr_carea ocr_par ocr_line ocrx_word'/>
</head>
<body>
  <div class='ocr_page' id='page_1' title='image "./commentariusina00beelgoog/commentariusina00beelgoog_0524.png"; bbox 0 0 3074 5054; ppageno 0'>
   <div class='ocr_carea' id='block_1_1' title="bbox 477 391 1364 480">
    <p class='ocr_par' dir='ltr' id='par_1_1' title="bbox 477 391 1364 480">
     <span class='ocr_line' id='line_1_1' title="bbox 477 391 1364 480; baseline -0.006 -16"><span class='ocrx_word' id='word_1_1' title='bbox 477 396 616 464; x_wconf 80' lang='lat' dir='ltr'><strong>CAPUT</strong></span> <span class='ocrx_word' id='word_1_2' title='bbox 650 395 732 480; x_wconf 90' lang='lat' dir='ltr'><em>XX,</em></span> <span class='ocrx_word' id='word_1_3' title='bbox 770 391 892 464; x_wconf 84' lang='lat' dir='ltr'>VERS.</span> <span class='ocrx_word' id='word_1_4' title='bbox 932 393 1076 461; x_wconf 72' lang='lat' dir='ltr'><em>le-lo.</em></span> <span class='ocrx_word' id='word_1_5' title='bbox 1298 391 1364 459; x_wconf 71' lang='lat'><em>485</em></span> 
     </span>
    </p>
   </div>
   <div class='ocr_carea' id='block_1_2' title="bbox 182 579 1362 1907">
    <p class='ocr_par' dir='ltr' id='par_1_2' title="bbox 182 579 1362 1043">
     <span class='ocr_line' id='line_1_2' title="bbox 231 579 1361 669; baseline -0.011 -16"><span class='ocrx_word' id='word_1_6' title='bbox 231 586 283 655; x_wconf 86' lang='lat' dir='ltr'><em>lt.</em></span> <span class='ocrx_word' id='word_1_7' title='bbox 311 585 390 652; x_wconf 85' lang='lat' dir='ltr'><em>Cnnn</em></span> <span class='ocrx_word' id='word_1_8' title='bbox 414 597 518 652; x_wconf 82' lang='lat' dir='ltr'><em>aretem</em></span> <span class='ocrx_word' id='word_1_9' title='bbox 535 590 727 652; x_wconf 86' lang='lat' dir='ltr'><em>convenisset</em></span> <span class='ocrx_word' id='word_1_10' title='bbox 742 606 798 650; x_wconf 86' lang='lat' dir='ltr'><em>nos</em></span> <span class='ocrx_word' id='word_1_11' title='bbox 817 587 852 650; x_wconf 87' lang='lat' dir='ltr'><em>in</em></span> <span class='ocrx_word' id='word_1_12' title='bbox 867 584 988 668; x_wconf 82' lang='lat' dir='ltr'><em>Asson,</em></span> <span class='ocrx_word' id='word_1_13' title='bbox 1007 587 1094 669; x_wconf 80' lang='lat' dir='ltr'><em>etc).</em></span> <span class='ocrx_word' id='word_1_14' title='bbox 1109 579 1215 668; x_wconf 77' lang='lat' dir='ltr'><em>Pergit</em></span> <span class='ocrx_word' id='word_1_15' title='bbox 1231 582 1333 648; x_wconf 84' lang='lat' dir='ltr'><em>Lucas</em></span> <span class='ocrx_word' id='word_1_16' title='bbox 1352 599 1361 641; x_wconf 74' lang='grc' dir='ltr'><strong><em>ε</em></strong></span> 
     </span>
     <span class='ocr_line' id='line_1_3' title="bbox 182 701 1362 797; baseline -0.006 -22"><span class='ocrx_word' id='word_1_17' title='bbox 182 709 260 775; x_wconf 80' lang='lat' dir='ltr'><em>Cum</em></span> <span class='ocrx_word' id='word_1_18' title='bbox 283 717 385 775; x_wconf 88' lang='lat' dir='ltr'><em>aulem</em></span> <span class='ocrx_word' id='word_1_19' title='bbox 413 709 529 774; x_wconf 80' lang='lat' dir='ltr'><strong><em>Assum</em></strong></span> <span class='ocrx_word' id='word_1_20' title='bbox 552 707 609 797; x_wconf 84' lang='grc' dir='ltr'>(εις</span> <span class='ocrx_word' id='word_1_21' title='bbox 635 730 687 783; x_wconf 80' lang='grc' dir='ltr'><em>την</em></span> <span class='ocrx_word' id='word_1_22' title='bbox 715 704 831 787; x_wconf 79' lang='grc' dir='ltr'>Ασσον)</span> <span class='ocrx_word' id='word_1_23' title='bbox 861 725 918 772; x_wconf 91' lang='lat' dir='ltr'><em>nos</em></span> <span class='ocrx_word' id='word_1_24' title='bbox 944 704 1158 784; x_wconf 89' lang='lat' dir='ltr'><em>convenisset,</em></span> <span class='ocrx_word' id='word_1_25' title='bbox 1183 701 1237 769; x_wconf 92' lang='lat' dir='ltr'><em>illo</em></span> <span class='ocrx_word' id='word_1_26' title='bbox 1262 701 1306 769; x_wconf 89' lang='lat' dir='ltr'><em>ibi</em></span> <span class='ocrx_word' id='word_1_27' title='bbox 1329 701 1362 768; x_wconf 90' lang='lat' dir='ltr'><em>in</em></span> 
     </span>
     <span class='ocr_line' id='line_1_4' title="bbox 183 821 1362 919; baseline -0.004 -24"><span class='ocrx_word' id='word_1_28' title='bbox 183 830 336 918; x_wconf 78' lang='lat' dir='ltr'><em>navigium</em></span> <span class='ocrx_word' id='word_1_29' title='bbox 354 841 490 919; x_wconf 88' lang='lat' dir='ltr'><em>recepto,</em></span> <span class='ocrx_word' id='word_1_30' title='bbox 505 831 566 898; x_wconf 77' lang='lat' dir='ltr'><em>und</em></span> <span class='ocrx_word' id='word_1_31' title='bbox 582 830 722 897; x_wconf 87' lang='lat' dir='ltr'><em>venimus</em></span> <span class='ocrx_word' id='word_1_32' title='bbox 740 831 917 913; x_wconf 76' lang='lat' dir='ltr'><em>Mytilenen</em></span> <span class='ocrx_word' id='word_1_33' title='bbox 933 827 988 916; x_wconf 85' lang='grc' dir='ltr'>(εις</span> <span class='ocrx_word' id='word_1_34' title='bbox 1003 823 1188 905; x_wconf 72' lang='lat' dir='ltr'><em>Martinam,</em></span> <span class='ocrx_word' id='word_1_35' title='bbox 1206 821 1258 911; x_wconf 78' lang='lat' dir='ltr'><em>aij</em></span> <span class='ocrx_word' id='word_1_36' title='bbox 1277 823 1362 890; x_wconf 86' lang='lat' dir='ltr'><em>kwa-</em></span> 
     </span>
     <span class='ocr_line' id='line_1_5' title="bbox 185 953 551 1043; baseline -0.005 -19"><span class='ocrx_word' id='word_1_37' title='bbox 185 975 252 1024; x_wconf 90' lang='lat' dir='ltr'><em>men</em></span> <span class='ocrx_word' id='word_1_38' title='bbox 269 977 353 1021; x_wconf 88' lang='lat' dir='ltr'><em>naar</em></span> <span class='ocrx_word' id='word_1_39' title='bbox 370 953 551 1043; x_wconf 70' lang='lat' dir='ltr'><em>Mytilene).</em></span> 
     </span>
    </p>

    <p class='ocr_par' dir='ltr' id='par_1_3' title="bbox 182 1074 1361 1907">
     <span class='ocr_line' id='line_1_6' title="bbox 225 1074 1361 1167; baseline -0.008 -18"><span class='ocrx_word' id='word_1_40' title='bbox 225 1082 298 1148; x_wconf 90' lang='lat' dir='ltr'><em>Vox</em></span> <span class='ocrx_word' id='word_1_41' title='bbox 313 1077 504 1166; x_wconf 68' lang='lat' dir='ltr'><em>copdallia</em></span> <span class='ocrx_word' id='word_1_42' title='bbox 527 1080 617 1147; x_wconf 89' lang='lat' dir='ltr'><em>etiam</em></span> <span class='ocrx_word' id='word_1_43' title='bbox 642 1081 850 1146; x_wconf 75' lang='lat' dir='ltr'><em>intransitive</em></span> <span class='ocrx_word' id='word_1_44' title='bbox 869 1087 1054 1167; x_wconf 90' lang='lat' dir='ltr'><em>usurpatur;</em></span> <span class='ocrx_word' id='word_1_45' title='bbox 1072 1086 1138 1144; x_wconf 93' lang='lat' dir='ltr'><em>tum</em></span> <span class='ocrx_word' id='word_1_46' title='bbox 1163 1094 1236 1141; x_wconf 88' lang='lat' dir='ltr'><em>vero</em></span> <span class='ocrx_word' id='word_1_47' title='bbox 1257 1074 1361 1141; x_wconf 88' lang='lat' dir='ltr'><em>iuncta</em></span> 
     </span>
     <span class='ocr_line' id='line_1_7' title="bbox 183 1200 1359 1288; baseline -0.006 -18"><span class='ocrx_word' id='word_1_48' title='bbox 183 1203 291 1272; x_wconf 86' lang='lat' dir='ltr'><em>Dativo</em></span> <span class='ocrx_word' id='word_1_49' title='bbox 303 1206 464 1270; x_wconf 86' lang='lat' dir='ltr'><em>societatis</em></span> <span class='ocrx_word' id='word_1_50' title='bbox 473 1204 781 1273; x_wconf 86' lang='lat' dir='ltr'><em>valelGerrnanienm</em></span> <span class='ocrx_word' id='word_1_51' title='bbox 794 1207 853 1269; x_wconf 87' lang='lat' dir='ltr'><em>mit</em></span> <span class='ocrx_word' id='word_1_52' title='bbox 860 1202 1033 1288; x_wconf 85' lang='lat' dir='ltr'><em>jemanden</em></span> <span class='ocrx_word' id='word_1_53' title='bbox 1045 1200 1359 1282; x_wconf 71' lang='lat' dir='ltr'><em>consummentrellen.</em></span> 
     </span>
     <span class='ocr_line' id='line_1_8' title="bbox 184 1325 1359 1419; baseline -0.01 -20"><span class='ocrx_word' id='word_1_54' title='bbox 184 1330 374 1419; x_wconf 88' lang='lat' dir='ltr'><em>Praepositio</em></span> <span class='ocrx_word' id='word_1_55' title='bbox 399 1352 439 1404; x_wconf 83' lang='grc' dir='ltr'><em>εις</em></span> <span class='ocrx_word' id='word_1_56' title='bbox 456 1330 498 1410; x_wconf 85' lang='lat' dir='ltr'><em>(in</em></span> <span class='ocrx_word' id='word_1_57' title='bbox 515 1352 556 1404; x_wconf 85' lang='grc' dir='ltr'><em>εις</em></span> <span class='ocrx_word' id='word_1_58' title='bbox 571 1327 750 1409; x_wconf 80' lang='grc' dir='ltr'>τονΑσσον)</span> <span class='ocrx_word' id='word_1_59' title='bbox 763 1327 816 1396; x_wconf 91' lang='lat' dir='ltr'><em>bic</em></span> <span class='ocrx_word' id='word_1_60' title='bbox 828 1329 1019 1397; x_wconf 76' lang='lat' dir='ltr'><em>construitur</em></span> <span class='ocrx_word' id='word_1_61' title='bbox 1035 1346 1107 1393; x_wconf 90' lang='lat' dir='ltr'><em>cum</em></span> <span class='ocrx_word' id='word_1_62' title='bbox 1120 1325 1215 1394; x_wconf 91' lang='lat' dir='ltr'><em>verbo</em></span> <span class='ocrx_word' id='word_1_63' title='bbox 1231 1326 1359 1410; x_wconf 82' lang='lat' dir='ltr'><em>quietis,</em></span> 
     </span>
     <span class='ocr_line' id='line_1_9' title="bbox 183 1448 1361 1541; baseline -0.005 -22"><span class='ocrx_word' id='word_1_64' title='bbox 183 1463 214 1520; x_wconf 92' lang='lat' dir='ltr'><em>ut</em></span> <span class='ocrx_word' id='word_1_65' title='bbox 235 1472 331 1541; x_wconf 90' lang='lat' dir='ltr'><em>supra</em></span> <span class='ocrx_word' id='word_1_66' title='bbox 346 1454 422 1541; x_wconf 75' lang='lat' dir='ltr'><em>Capi.</em></span> <span class='ocrx_word' id='word_1_67' title='bbox 443 1453 506 1519; x_wconf 91' lang='lat' dir='ltr'><em>Xll</em></span> <span class='ocrx_word' id='word_1_68' title='bbox 527 1478 535 1519; x_wconf 75' lang='grc' dir='ltr'>ι</span> <span class='ocrx_word' id='word_1_69' title='bbox 555 1455 616 1532; x_wconf 80' lang='grc'><em>19;</em></span> <span class='ocrx_word' id='word_1_70' title='bbox 635 1452 749 1520; x_wconf 82' lang='lat' dir='ltr'><em>videsis</em></span> <span class='ocrx_word' id='word_1_71' title='bbox 766 1472 845 1540; x_wconf 85' lang='lat' dir='ltr'><em>quoe</em></span> <span class='ocrx_word' id='word_1_72' title='bbox 870 1451 912 1520; x_wconf 92' lang='lat' dir='ltr'><em>ibi</em></span> <span class='ocrx_word' id='word_1_73' title='bbox 937 1472 972 1518; x_wconf 87' lang='lat' dir='ltr'><em>ea</em></span> <span class='ocrx_word' id='word_1_74' title='bbox 997 1450 1036 1518; x_wconf 92' lang='lat' dir='ltr'><em>de</em></span> <span class='ocrx_word' id='word_1_75' title='bbox 1059 1470 1093 1516; x_wconf 87' lang='lat' dir='ltr'><em>re</em></span> <span class='ocrx_word' id='word_1_76' title='bbox 1111 1448 1297 1516; x_wconf 85' lang='lat' dir='ltr'><em>notavimus.</em></span> <span class='ocrx_word' id='word_1_77' title='bbox 1318 1484 1361 1498; x_wconf 89' lang='lat'><em>-</em></span> 
     </span>
     <span class='ocr_line' id='line_1_10' title="bbox 182 1569 1357 1663; baseline -0.003 -23"><span class='ocrx_word' id='word_1_78' title='bbox 182 1572 285 1640; x_wconf 81' lang='lat' dir='ltr'><em>dacer</em></span> <span class='ocrx_word' id='word_1_79' title='bbox 300 1575 389 1655; x_wconf 89' lang='lat' dir='ltr'><em>urbs,</em></span> <span class='ocrx_word' id='word_1_80' title='bbox 406 1575 445 1642; x_wconf 88' lang='lat' dir='ltr'><em>ad</em></span> <span class='ocrx_word' id='word_1_81' title='bbox 462 1595 547 1642; x_wconf 87' lang='lat' dir='ltr'><em>mare</em></span> <span class='ocrx_word' id='word_1_82' title='bbox 558 1577 696 1663; x_wconf 79' lang='lat' dir='ltr'><em>Aegeum</em></span> <span class='ocrx_word' id='word_1_83' title='bbox 712 1577 783 1653; x_wconf 89' lang='lat' dir='ltr'><em>sita,</em></span> <span class='ocrx_word' id='word_1_84' title='bbox 799 1595 908 1642; x_wconf 82' lang='lat' dir='ltr'><em>norem</em></span> <span class='ocrx_word' id='word_1_85' title='bbox 926 1572 1111 1641; x_wconf 79' lang='lat' dir='ltr'><em>milliaribus</em></span> <span class='ocrx_word' id='word_1_86' title='bbox 1123 1591 1141 1638; x_wconf 91' lang='lat' dir='ltr'><em>a</em></span> <span class='ocrx_word' id='word_1_87' title='bbox 1154 1569 1277 1638; x_wconf 79' lang='lat' dir='ltr'><em>Troade</em></span> <span class='ocrx_word' id='word_1_88' title='bbox 1293 1569 1357 1637; x_wconf 90' lang='lat' dir='ltr'><em>dis·</em></span> 
     </span>
     <span class='ocr_line' id='line_1_11' title="bbox 182 1691 1359 1780; baseline -0.004 -17"><span class='ocrx_word' id='word_1_89' title='bbox 182 1695 272 1764; x_wconf 86' lang='lat' dir='ltr'><em>tabat.</em></span> <span class='ocrx_word' id='word_1_90' title='bbox 291 1735 336 1747; x_wconf 93' lang='lat'>-</span> <span class='ocrx_word' id='word_1_91' title='bbox 348 1695 520 1779; x_wconf 81' lang='grc' dir='ltr'>Μιτυληνη,</span> <span class='ocrx_word' id='word_1_92' title='bbox 539 1717 614 1780; x_wconf 87' lang='lat' dir='ltr'><em>seu,</em></span> <span class='ocrx_word' id='word_1_93' title='bbox 632 1709 666 1765; x_wconf 92' lang='lat' dir='ltr'><em>ut</em></span> <span class='ocrx_word' id='word_1_94' title='bbox 689 1699 805 1766; x_wconf 89' lang='lat' dir='ltr'><em>rectius</em></span> <span class='ocrx_word' id='word_1_95' title='bbox 829 1696 989 1774; x_wconf 77' lang='lat' dir='ltr'><em>scribitur,</em></span> <span class='ocrx_word' id='word_1_96' title='bbox 1008 1691 1183 1774; x_wconf 76' lang='lat' dir='ltr'><em>Mardara,</em></span> <span class='ocrx_word' id='word_1_97' title='bbox 1201 1703 1267 1760; x_wconf 87' lang='lat' dir='ltr'><em>erat</em></span> <span class='ocrx_word' id='word_1_98' title='bbox 1282 1692 1359 1761; x_wconf 88' lang='lat' dir='ltr'><em>urbs</em></span> 
     </span>
     <span class='ocr_line' id='line_1_12' title="bbox 183 1817 585 1907; baseline 0.007 -24"><span class='ocrx_word' id='word_1_99' title='bbox 183 1817 297 1886; x_wconf 89' lang='lat' dir='ltr'><em>insulae</em></span> <span class='ocrx_word' id='word_1_100' title='bbox 314 1817 406 1886; x_wconf 84' lang='lat' dir='ltr'><em>Lesbi</em></span> <span class='ocrx_word' id='word_1_101' title='bbox 425 1818 585 1907; x_wconf 89' lang='lat' dir='ltr'><em>primaria.</em></span> 
     </span>
    </p>
   </div>
   <div class='ocr_carea' id='block_1_3' title="bbox 177 2050 1360 2886">
    <p class='ocr_par' dir='ltr' id='par_1_4' title="bbox 180 2050 1360 2639">
     <span class='ocr_line' id='line_1_13' title="bbox 226 2050 1360 2146; baseline -0.009 -20"><span class='ocrx_word' id='word_1_102' title='bbox 226 2059 279 2126; x_wconf 79' lang='lat' dir='ltr'><em>ld.</em></span> <span class='ocrx_word' id='word_1_103' title='bbox 306 2059 351 2123; x_wconf 86' lang='lat' dir='ltr'><em>Et</em></span> <span class='ocrx_word' id='word_1_104' title='bbox 368 2061 441 2124; x_wconf 90' lang='lat' dir='ltr'><em>inde</em></span> <span class='ocrx_word' id='word_1_105' title='bbox 464 2061 670 2143; x_wconf 77' lang='lat' dir='ltr'><em>navipcntes,</em></span> <span class='ocrx_word' id='word_1_106' title='bbox 689 2059 779 2146; x_wconf 77' lang='lat' dir='ltr'><em>etc).</em></span> <span class='ocrx_word' id='word_1_107' title='bbox 801 2060 828 2127; x_wconf 82' lang='lat' dir='ltr'><strong>A</strong></span> <span class='ocrx_word' id='word_1_108' title='bbox 848 2059 996 2145; x_wconf 78' lang='lat' dir='ltr'><em>Mytilene</em></span> <span class='ocrx_word' id='word_1_109' title='bbox 1013 2058 1113 2123; x_wconf 84' lang='lat' dir='ltr'><em>enecti</em></span> <span class='ocrx_word' id='word_1_110' title='bbox 1136 2050 1360 2139; x_wconf 80' lang='grc' dir='ltr'>(αποπλευσαν-</span> 
     </span>
     <span class='ocr_line' id='line_1_14' title="bbox 181 2176 1359 2272; baseline 0.001 -30"><span class='ocrx_word' id='word_1_111' title='bbox 181 2179 251 2269; x_wconf 77' lang='grc' dir='ltr'>τες),</span> <span class='ocrx_word' id='word_1_112' title='bbox 266 2184 410 2266; x_wconf 83' lang='lat' dir='ltr'><em>sequenti</em></span> <span class='ocrx_word' id='word_1_113' title='bbox 425 2184 473 2248; x_wconf 89' lang='lat' dir='ltr'><em>dle</em></span> <span class='ocrx_word' id='word_1_114' title='bbox 489 2184 540 2271; x_wconf 79' lang='lat' dir='ltr'><em>(ep</em></span> <span class='ocrx_word' id='word_1_115' title='bbox 556 2205 695 2272; x_wconf 76' lang='lat' dir='ltr'><em>carena-p.</em></span> <span class='ocrx_word' id='word_1_116' title='bbox 712 2182 793 2250; x_wconf 90' lang='lat' dir='ltr'><em>Vide</em></span> <span class='ocrx_word' id='word_1_117' title='bbox 808 2181 847 2249; x_wconf 87' lang='lat' dir='ltr'><em>ad</em></span> <span class='ocrx_word' id='word_1_118' title='bbox 863 2183 940 2270; x_wconf 87' lang='lat' dir='ltr'><em>Cap.</em></span> <span class='ocrx_word' id='word_1_119' title='bbox 959 2182 1038 2251; x_wconf 86' lang='lat' dir='ltr'><em>XVI</em></span> <span class='ocrx_word' id='word_1_120' title='bbox 1055 2206 1062 2248; x_wconf 94' lang='lat'><strong>:</strong></span> <span class='ocrx_word' id='word_1_121' title='bbox 1083 2176 1141 2266; x_wconf 86' lang='lat' dir='ltr'><em>ll)</em></span> <span class='ocrx_word' id='word_1_122' title='bbox 1158 2176 1359 2268; x_wconf 86' lang='lat' dir='ltr'><em>pervenimus</em></span> 
     </span>
     <span class='ocr_line' id='line_1_15' title="bbox 181 2300 1358 2394; baseline 0 -26"><span class='ocrx_word' id='word_1_123' title='bbox 181 2314 285 2369; x_wconf 87' lang='lat' dir='ltr'><em>contra</em></span> <span class='ocrx_word' id='word_1_124' title='bbox 309 2302 441 2370; x_wconf 88' lang='lat' dir='ltr'><em>insulam</em></span> <span class='ocrx_word' id='word_1_125' title='bbox 464 2303 594 2384; x_wconf 90' lang='lat' dir='ltr'><em>Cbium;</em></span> <span class='ocrx_word' id='word_1_126' title='bbox 624 2305 710 2372; x_wconf 87' lang='lat' dir='ltr'><em>tertia</em></span> <span class='ocrx_word' id='word_1_127' title='bbox 731 2317 831 2372; x_wconf 90' lang='lat' dir='ltr'><em>antem</em></span> <span class='ocrx_word' id='word_1_128' title='bbox 857 2305 907 2372; x_wconf 87' lang='lat' dir='ltr'><em>die</em></span> <span class='ocrx_word' id='word_1_129' title='bbox 927 2314 975 2394; x_wconf 81' lang='grc' dir='ltr'><em>(τῃ</em></span> <span class='ocrx_word' id='word_1_130' title='bbox 999 2301 1030 2367; x_wconf 83' lang='lat' dir='ltr'><em>de</em></span> <span class='ocrx_word' id='word_1_131' title='bbox 1055 2300 1153 2393; x_wconf 81' lang='grc' dir='ltr'>ἑτερᾳ)</span> <span class='ocrx_word' id='word_1_132' title='bbox 1178 2300 1358 2390; x_wconf 88' lang='lat' dir='ltr'><em>appulimus</em></span> 
     </span>
     <span class='ocr_line' id='line_1_16' title="bbox 181 2423 1357 2520; baseline 0.002 -32"><span class='ocrx_word' id='word_1_133' title='bbox 181 2423 418 2520; x_wconf 72' lang='grc' dir='ltr'>(παρεβαλομεν)</span> <span class='ocrx_word' id='word_1_134' title='bbox 437 2427 474 2494; x_wconf 87' lang='lat' dir='ltr'><em>nd</em></span> <span class='ocrx_word' id='word_1_135' title='bbox 499 2427 625 2495; x_wconf 80' lang='lat' dir='ltr'><em>Samum</em></span> <span class='ocrx_word' id='word_1_136' title='bbox 650 2428 800 2509; x_wconf 89' lang='lat' dir='ltr'><em>insulam;</em></span> <span class='ocrx_word' id='word_1_137' title='bbox 821 2439 851 2495; x_wconf 90' lang='lat' dir='ltr'><em>et</em></span> <span class='ocrx_word' id='word_1_138' title='bbox 866 2427 1017 2516; x_wconf 80' lang='lat' dir='ltr'><em>Trogyllii</em></span> <span class='ocrx_word' id='word_1_139' title='bbox 1043 2446 1111 2493; x_wconf 89' lang='lat' dir='ltr'><em>eam</em></span> <span class='ocrx_word' id='word_1_140' title='bbox 1135 2436 1257 2493; x_wconf 91' lang='lat' dir='ltr'><em>noctem</em></span> <span class='ocrx_word' id='word_1_141' title='bbox 1274 2446 1357 2491; x_wconf 87' lang='lat' dir='ltr'><em>eorn-</em></span> 
     </span>
     <span class='ocr_line' id='line_1_17' title="bbox 180 2536 998 2639; baseline 0.001 -24"><span class='ocrx_word' id='word_1_142' title='bbox 180 2553 296 2616; x_wconf 88' lang='lat' dir='ltr'><em>nornti</em></span> <span class='ocrx_word' id='word_1_143' title='bbox 312 2548 503 2636; x_wconf 78' lang='grc' dir='ltr'>(μειναντες),</span> <span class='ocrx_word' id='word_1_144' title='bbox 523 2536 671 2639; x_wconf 88' lang='lat' dir='ltr'><em>postridie</em></span> <span class='ocrx_word' id='word_1_145' title='bbox 687 2551 828 2619; x_wconf 90' lang='lat' dir='ltr'><em>venimus</em></span> <span class='ocrx_word' id='word_1_146' title='bbox 844 2550 998 2618; x_wconf 87' lang='lat' dir='ltr'><em>Miletum.</em></span> 
     </span>
    </p>

    <p class='ocr_par' dir='ltr' id='par_1_5' title="bbox 177 2669 1356 2886">
     <span class='ocr_line' id='line_1_18' title="bbox 221 2669 1354 2762; baseline -0.001 -24"><span class='ocrx_word' id='word_1_147' title='bbox 221 2672 292 2738; x_wconf 84' lang='lat' dir='ltr'><em>Vox</em></span> <span class='ocrx_word' id='word_1_148' title='bbox 316 2669 526 2762; x_wconf 64' lang='lat' dir='ltr'><em>capabiliter</em></span> <span class='ocrx_word' id='word_1_149' title='bbox 552 2672 604 2741; x_wconf 83' lang='lat' dir='ltr'><em>bie</em></span> <span class='ocrx_word' id='word_1_150' title='bbox 626 2677 828 2741; x_wconf 85' lang='lat' dir='ltr'><em>intransitive</em></span> <span class='ocrx_word' id='word_1_151' title='bbox 851 2673 1018 2742; x_wconf 85' lang='lat' dir='ltr'><em>adhibetur</em></span> <span class='ocrx_word' id='word_1_152' title='bbox 1033 2673 1175 2762; x_wconf 83' lang='lat' dir='ltr'><em>valetque</em></span> <span class='ocrx_word' id='word_1_153' title='bbox 1190 2674 1354 2752; x_wconf 75' lang='lat' dir='ltr'><em>accedere,</em></span> 
     </span>
     <span class='ocr_line' id='line_1_19' title="bbox 177 2795 1356 2886; baseline 0.004 -29"><span class='ocrx_word' id='word_1_154' title='bbox 177 2795 282 2859; x_wconf 86' lang='lat' dir='ltr'><em>venire</em></span> <span class='ocrx_word' id='word_1_155' title='bbox 302 2795 355 2860; x_wconf 91' lang='lat' dir='ltr'><em>ad.</em></span> <span class='ocrx_word' id='word_1_156' title='bbox 379 2795 592 2882; x_wconf 80' lang='lat' dir='ltr'><em>Trcgyllium,</em></span> <span class='ocrx_word' id='word_1_157' title='bbox 611 2796 686 2864; x_wconf 90' lang='lat' dir='ltr'><em>urbs</em></span> <span class='ocrx_word' id='word_1_158' title='bbox 702 2809 732 2864; x_wconf 90' lang='lat' dir='ltr'><em>et</em></span> <span class='ocrx_word' id='word_1_159' title='bbox 748 2797 996 2886; x_wconf 80' lang='lat' dir='ltr'><em>promontorium</em></span> <span class='ocrx_word' id='word_1_160' title='bbox 1019 2795 1136 2876; x_wconf 84' lang='lat' dir='ltr'><em>ioniae,</em></span> <span class='ocrx_word' id='word_1_161' title='bbox 1155 2795 1356 2884; x_wconf 80' lang='lat' dir='ltr'><em>quadraginta</em></span> 
     </span>
    </p>
   </div>
   <div class='ocr_carea' id='block_1_4' title="bbox 178 2917 1357 3130">
    <p class='ocr_par' dir='ltr' id='par_1_6' title="bbox 178 2917 1357 3130">
     <span class='ocr_line' id='line_1_20' title="bbox 178 2917 1357 3002; baseline 0 -17"><span class='ocrx_word' id='word_1_162' title='bbox 178 2919 310 2986; x_wconf 86' lang='lat' dir='ltr'><em>stadiisa</em></span> <span class='ocrx_word' id='word_1_163' title='bbox 327 2920 420 2987; x_wconf 87' lang='lat' dir='ltr'><em>Samo</em></span> <span class='ocrx_word' id='word_1_164' title='bbox 437 2920 628 2988; x_wconf 78' lang='lat' dir='ltr'><em>distabat-</em></span> <span class='ocrx_word' id='word_1_165' title='bbox 639 2921 777 3002; x_wconf 88' lang='lat' dir='ltr'><em>Miletus,</em></span> <span class='ocrx_word' id='word_1_166' title='bbox 793 2922 868 2990; x_wconf 88' lang='lat' dir='ltr'><em>urbs</em></span> <span class='ocrx_word' id='word_1_167' title='bbox 882 2921 1049 3000; x_wconf 87' lang='lat' dir='ltr'><em>maritima,</em></span> <span class='ocrx_word' id='word_1_168' title='bbox 1064 2918 1183 2987; x_wconf 85' lang='lat' dir='ltr'><em>iacebat</em></span> <span class='ocrx_word' id='word_1_169' title='bbox 1197 2918 1227 2984; x_wconf 88' lang='lat' dir='ltr'><em>in</em></span> <span class='ocrx_word' id='word_1_170' title='bbox 1241 2917 1357 2985; x_wconf 85' lang='lat' dir='ltr'><em>linibus</em></span> 
     </span>
     <span class='ocr_line' id='line_1_21' title="bbox 179 3040 1352 3130; baseline 0 -23"><span class='ocrx_word' id='word_1_171' title='bbox 179 3041 281 3108; x_wconf 81' lang='lat' dir='ltr'><em>lauriae</em></span> <span class='ocrx_word' id='word_1_172' title='bbox 294 3054 323 3109; x_wconf 89' lang='lat' dir='ltr'><em>et</em></span> <span class='ocrx_word' id='word_1_173' title='bbox 338 3043 459 3109; x_wconf 84' lang='lat' dir='ltr'><em>Cariae.</em></span> <span class='ocrx_word' id='word_1_174' title='bbox 475 3041 522 3108; x_wconf 86' lang='lat' dir='ltr'><em>Cl.</em></span> <span class='ocrx_word' id='word_1_175' title='bbox 539 3043 663 3110; x_wconf 86' lang='lat' dir='ltr'><em>Gellaril</em></span> <span class='ocrx_word' id='word_1_176' title='bbox 677 3046 776 3113; x_wconf 86' lang='lat' dir='ltr'><em>Notlt.</em></span> <span class='ocrx_word' id='word_1_177' title='bbox 792 3045 858 3112; x_wconf 87' lang='lat' dir='ltr'><em>arb.</em></span> <span class='ocrx_word' id='word_1_178' title='bbox 877 3048 980 3130; x_wconf 80' lang='lat' dir='ltr'><em>antiq.</em></span> <span class='ocrx_word' id='word_1_179' title='bbox 998 3043 1069 3111; x_wconf 88' lang='lat' dir='ltr'><em>Lib.</em></span> <span class='ocrx_word' id='word_1_180' title='bbox 1090 3043 1153 3119; x_wconf 90' lang='lat' dir='ltr'><em>ill,</em></span> <span class='ocrx_word' id='word_1_181' title='bbox 1168 3040 1187 3129; x_wconf 67' lang='lat' dir='ltr'>S</span> <span class='ocrx_word' id='word_1_182' title='bbox 1202 3042 1259 3121; x_wconf 86' lang='grc'><em>98,</em></span> <span class='ocrx_word' id='word_1_183' title='bbox 1277 3041 1352 3109; x_wconf 85' lang='grc'>108.</span> 
     </span>
    </p>
   </div>
   <div class='ocr_carea' id='block_1_5' title="bbox 175 3267 1355 4232">
    <p class='ocr_par' dir='ltr' id='par_1_7' title="bbox 175 3267 1355 4232">
     <span class='ocr_line' id='line_1_22' title="bbox 223 3267 1355 3365; baseline -0.003 -21"><span class='ocrx_word' id='word_1_184' title='bbox 223 3280 276 3346; x_wconf 77' lang='grc'><em>16.</em></span> <span class='ocrx_word' id='word_1_185' title='bbox 302 3279 522 3363; x_wconf 83' lang='lat' dir='ltr'><em>Proposuerat</em></span> <span class='ocrx_word' id='word_1_186' title='bbox 540 3283 624 3346; x_wconf 83' lang='lat' dir='ltr'><em>etnim</em></span> <span class='ocrx_word' id='word_1_187' title='bbox 642 3267 763 3348; x_wconf 84' lang='lat' dir='ltr'><em>Paulus</em></span> <span class='ocrx_word' id='word_1_188' title='bbox 782 3283 1026 3365; x_wconf 81' lang='lat' dir='ltr'><em>transnacipare</em></span> <span class='ocrx_word' id='word_1_189' title='bbox 1049 3273 1355 3364; x_wconf 79' lang='lat' dir='ltr'><em>(praeternavipare)</em></span> 
     </span>
     <span class='ocr_line' id='line_1_23' title="bbox 177 3400 1354 3492; baseline 0.003 -29"><span class='ocrx_word' id='word_1_190' title='bbox 177 3402 350 3484; x_wconf 81' lang='lat' dir='ltr'><em>presnnn,</em></span> <span class='ocrx_word' id='word_1_191' title='bbox 366 3403 454 3484; x_wconf 84' lang='lat' dir='ltr'><em>etc).</em></span> <span class='ocrx_word' id='word_1_192' title='bbox 475 3403 566 3469; x_wconf 80' lang='lat' dir='ltr'><em>Asiae</em></span> <span class='ocrx_word' id='word_1_193' title='bbox 582 3403 666 3470; x_wconf 85' lang='lat' dir='ltr'><em>littus</em></span> <span class='ocrx_word' id='word_1_194' title='bbox 684 3403 979 3492; x_wconf 78' lang='lat' dir='ltr'><em>praeterlegentibus</em></span> <span class='ocrx_word' id='word_1_195' title='bbox 996 3402 1084 3490; x_wconf 91' lang='lat' dir='ltr'><em>prius</em></span> <span class='ocrx_word' id='word_1_196' title='bbox 1101 3400 1227 3489; x_wconf 88' lang='lat' dir='ltr'><em>quidem</em></span> <span class='ocrx_word' id='word_1_197' title='bbox 1244 3419 1354 3467; x_wconf 87' lang='lat' dir='ltr'><em>occur-</em></span> 
     </span>
     <span class='ocr_line' id='line_1_24' title="bbox 176 3520 1350 3614; baseline 0.003 -28"><span class='ocrx_word' id='word_1_198' title='bbox 176 3520 261 3588; x_wconf 87' lang='lat' dir='ltr'><em>rebat</em></span> <span class='ocrx_word' id='word_1_199' title='bbox 277 3522 421 3610; x_wconf 84' lang='lat' dir='ltr'><em>Ephesus</em></span> <span class='ocrx_word' id='word_1_200' title='bbox 442 3544 534 3613; x_wconf 83' lang='lat' dir='ltr'><em>qnum</em></span> <span class='ocrx_word' id='word_1_201' title='bbox 552 3525 695 3604; x_wconf 90' lang='lat' dir='ltr'><em>Miletus;</em></span> <span class='ocrx_word' id='word_1_202' title='bbox 713 3526 768 3592; x_wconf 88' lang='lat' dir='ltr'><em>sed</em></span> <span class='ocrx_word' id='word_1_203' title='bbox 784 3529 961 3592; x_wconf 86' lang='lat' dir='ltr'><em>decreverat</em></span> <span class='ocrx_word' id='word_1_204' title='bbox 979 3526 1121 3614; x_wconf 80' lang='grc' dir='ltr'>(κεκρικει</span> <span class='ocrx_word' id='word_1_205' title='bbox 1138 3525 1246 3612; x_wconf 88' lang='lat' dir='ltr'><em>Plusq.</em></span> <span class='ocrx_word' id='word_1_206' title='bbox 1265 3523 1350 3590; x_wconf 88' lang='lat' dir='ltr'><em>Peri.</em></span> 
     </span>
     <span class='ocr_line' id='line_1_25' title="bbox 176 3645 1354 3738; baseline 0.004 -29"><span class='ocrx_word' id='word_1_207' title='bbox 176 3645 242 3710; x_wconf 91' lang='lat' dir='ltr'><em>sine</em></span> <span class='ocrx_word' id='word_1_208' title='bbox 257 3645 353 3712; x_wconf 88' lang='lat' dir='ltr'><em>altero</em></span> <span class='ocrx_word' id='word_1_209' title='bbox 370 3647 561 3735; x_wconf 81' lang='lat' dir='ltr'><em>Augmento‚</em></span> <span class='ocrx_word' id='word_1_210' title='bbox 579 3660 613 3715; x_wconf 93' lang='lat' dir='ltr'><em>ut</em></span> <span class='ocrx_word' id='word_1_211' title='bbox 635 3669 728 3738; x_wconf 89' lang='lat' dir='ltr'><em>supra</em></span> <span class='ocrx_word' id='word_1_212' title='bbox 746 3651 822 3738; x_wconf 86' lang='lat' dir='ltr'><em>Cap.</em></span> <span class='ocrx_word' id='word_1_213' title='bbox 841 3650 919 3717; x_wconf 88' lang='lat' dir='ltr'><em>XlV</em></span> <span class='ocrx_word' id='word_1_214' title='bbox 939 3669 947 3711; x_wconf 76' lang='grc' dir='ltr'>ε</span> <span class='ocrx_word' id='word_1_215' title='bbox 966 3648 1022 3730; x_wconf 68' lang='lat' dir='ltr'><em>Mi)</em></span> <span class='ocrx_word' id='word_1_216' title='bbox 1037 3649 1151 3715; x_wconf 88' lang='lat' dir='ltr'><em>Paulus</em></span> <span class='ocrx_word' id='word_1_217' title='bbox 1164 3657 1354 3732; x_wconf 88' lang='lat' dir='ltr'><em>praeterna-</em></span> 
     </span>
     <span class='ocr_line' id='line_1_26' title="bbox 175 3766 1354 3860; baseline 0.003 -28"><span class='ocrx_word' id='word_1_218' title='bbox 175 3769 281 3851; x_wconf 84' lang='lat' dir='ltr'><em>oipare</em></span> <span class='ocrx_word' id='word_1_219' title='bbox 305 3766 550 3858; x_wconf 74' lang='lat' dir='ltr'><em>(reperierant)</em></span> <span class='ocrx_word' id='word_1_220' title='bbox 566 3769 743 3859; x_wconf 83' lang='lat' dir='ltr'><em>Eplrcsum3</em></span> <span class='ocrx_word' id='word_1_221' title='bbox 759 3772 852 3860; x_wconf 90' lang='lat' dir='ltr'><em>idque</em></span> <span class='ocrx_word' id='word_1_222' title='bbox 868 3772 982 3839; x_wconf 80' lang='lat' dir='ltr'><em>lecerat</em></span> <span class='ocrx_word' id='word_1_223' title='bbox 997 3771 1029 3839; x_wconf 90' lang='lat' dir='ltr'><em>in</em></span> <span class='ocrx_word' id='word_1_224' title='bbox 1046 3792 1116 3839; x_wconf 91' lang='lat' dir='ltr'><em>enm</em></span> <span class='ocrx_word' id='word_1_225' title='bbox 1134 3771 1246 3852; x_wconf 88' lang='lat' dir='ltr'><em>linem,</em></span> <span class='ocrx_word' id='word_1_226' title='bbox 1263 3780 1299 3835; x_wconf 90' lang='lat' dir='ltr'><em>ut</em></span> <span class='ocrx_word' id='word_1_227' title='bbox 1314 3792 1354 3836; x_wconf 90' lang='lat' dir='ltr'><em>ne</em></span> 
     </span>
     <span class='ocr_line' id='line_1_27' title="bbox 176 3894 1354 3986; baseline 0.002 -27"><span class='ocrx_word' id='word_1_228' title='bbox 176 3914 236 3979; x_wconf 80' lang='lat' dir='ltr'><em>que</em></span> <span class='ocrx_word' id='word_1_229' title='bbox 258 3897 348 3958; x_wconf 82' lang='lat' dir='ltr'><em>nendo</em></span> <span class='ocrx_word' id='word_1_230' title='bbox 373 3898 464 3978; x_wconf 79' lang='grc' dir='ltr'><strong>(ὅπως</strong></span> <span class='ocrx_word' id='word_1_231' title='bbox 488 3894 546 3982; x_wconf 80' lang='grc' dir='ltr'><em>μη)</em></span> <span class='ocrx_word' id='word_1_232' title='bbox 570 3897 632 3960; x_wconf 89' lang='lat' dir='ltr'><em>sibi</em></span> <span class='ocrx_word' id='word_1_233' title='bbox 655 3900 810 3962; x_wconf 77' lang='lat' dir='ltr'><em>caeciderat</em></span> <span class='ocrx_word' id='word_1_234' title='bbox 832 3898 962 3986; x_wconf 77' lang='lat' dir='ltr'><em>(pennum</em></span> <span class='ocrx_word' id='word_1_235' title='bbox 986 3900 1081 3982; x_wconf 84' lang='grc' dir='ltr'>αυτῳ)</span> <span class='ocrx_word' id='word_1_236' title='bbox 1106 3908 1230 3979; x_wconf 84' lang='lat' dir='ltr'><em>ternpus</em></span> <span class='ocrx_word' id='word_1_237' title='bbox 1252 3907 1354 3962; x_wconf 88' lang='lat' dir='ltr'><em>terere</em></span> 
     </span>
     <span class='ocr_line' id='line_1_28' title="bbox 175 4015 1350 4109; baseline 0.004 -28"><span class='ocrx_word' id='word_1_238' title='bbox 175 4015 438 4108; x_wconf 80' lang='grc' dir='ltr'>(χρονοτριβησαι)</span> <span class='ocrx_word' id='word_1_239' title='bbox 454 4022 488 4085; x_wconf 91' lang='lat' dir='ltr'><em>in</em></span> <span class='ocrx_word' id='word_1_240' title='bbox 504 4021 606 4101; x_wconf 84' lang='lat' dir='ltr'><em>Asin,·</em></span> <span class='ocrx_word' id='word_1_241' title='bbox 620 4019 653 4086; x_wconf 88' lang='lat' dir='ltr'><em>b.</em></span> <span class='ocrx_word' id='word_1_242' title='bbox 673 4041 702 4086; x_wconf 90' lang='lat' dir='ltr'><em>e.</em></span> <span class='ocrx_word' id='word_1_243' title='bbox 719 4041 756 4086; x_wconf 90' lang='lat' dir='ltr'><em>ne</em></span> <span class='ocrx_word' id='word_1_244' title='bbox 773 4020 889 4088; x_wconf 89' lang='lat' dir='ltr'><em>diutius</em></span> <span class='ocrx_word' id='word_1_245' title='bbox 905 4033 1068 4109; x_wconf 81' lang='lat' dir='ltr'><em>cogeretur</em></span> <span class='ocrx_word' id='word_1_246' title='bbox 1085 4021 1198 4088; x_wconf 89' lang='lat' dir='ltr'><em>morari</em></span> <span class='ocrx_word' id='word_1_247' title='bbox 1215 4019 1246 4087; x_wconf 88' lang='lat' dir='ltr'><em>in</em></span> <span class='ocrx_word' id='word_1_248' title='bbox 1263 4019 1350 4087; x_wconf 79' lang='lat' dir='ltr'><em>Asia.</em></span> 
     </span>
     <span class='ocr_line' id='line_1_29' title="bbox 176 4141 1352 4232; baseline 0.003 -25"><span class='ocrx_word' id='word_1_249' title='bbox 176 4141 378 4210; x_wconf 86' lang='lat' dir='ltr'><em>Praevidebat</em></span> <span class='ocrx_word' id='word_1_250' title='bbox 401 4144 482 4210; x_wconf 90' lang='lat' dir='ltr'><em>enirn</em></span> <span class='ocrx_word' id='word_1_251' title='bbox 504 4144 570 4211; x_wconf 86' lang='lat' dir='ltr'><em>lore</em></span> <span class='ocrx_word' id='word_1_252' title='bbox 587 4156 636 4222; x_wconf 91' lang='lat' dir='ltr'><em>ut,</em></span> <span class='ocrx_word' id='word_1_253' title='bbox 656 4144 682 4211; x_wconf 92' lang='lat' dir='ltr'><em>si</em></span> <span class='ocrx_word' id='word_1_254' title='bbox 700 4143 859 4229; x_wconf 87' lang='lat' dir='ltr'><em>Ephesum</em></span> <span class='ocrx_word' id='word_1_255' title='bbox 884 4145 1029 4223; x_wconf 85' lang='lat' dir='ltr'><em>adiisset,</em></span> <span class='ocrx_word' id='word_1_256' title='bbox 1046 4144 1087 4211; x_wconf 89' lang='lat' dir='ltr'><em>ibi</em></span> <span class='ocrx_word' id='word_1_257' title='bbox 1106 4143 1239 4224; x_wconf 87' lang='lat' dir='ltr'><em>diutius,</em></span> <span class='ocrx_word' id='word_1_258' title='bbox 1259 4163 1352 4232; x_wconf 87' lang='lat' dir='ltr'><em>quam</em></span> 
     </span>
    </p>
   </div>
   <div class='ocr_carea' id='block_1_6' title="bbox 81 4264 1349 4356">
    <p class='ocr_par' dir='ltr' id='par_1_8' title="bbox 81 4264 1349 4356">
     <span class='ocr_line' id='line_1_30' title="bbox 81 4264 1349 4356; baseline 0.006 -27"><span class='ocrx_word' id='word_1_259' title='bbox 81 4283 83 4286; x_wconf 87' lang='lat'>·</span> <span class='ocrx_word' id='word_1_260' title='bbox 175 4264 285 4345; x_wconf 88' lang='lat' dir='ltr'><em>uellet,</em></span> <span class='ocrx_word' id='word_1_261' title='bbox 302 4286 320 4332; x_wconf 87' lang='lat' dir='ltr'><em>a</em></span> <span class='ocrx_word' id='word_1_262' title='bbox 336 4265 521 4334; x_wconf 86' lang='lat' dir='ltr'><em>Christianis</em></span> <span class='ocrx_word' id='word_1_263' title='bbox 545 4266 745 4334; x_wconf 88' lang='lat' dir='ltr'><em>detineretur.</em></span> <span class='ocrx_word' id='word_1_264' title='bbox 765 4268 858 4355; x_wconf 82' lang='lat' dir='ltr'><em>Atqui</em></span> <span class='ocrx_word' id='word_1_265' title='bbox 878 4267 1002 4349; x_wconf 76' lang='lat' dir='ltr'><em>timebat</em></span> <span class='ocrx_word' id='word_1_266' title='bbox 1019 4288 1136 4335; x_wconf 86' lang='lat' dir='ltr'><em>moram</em></span> <span class='ocrx_word' id='word_1_267' title='bbox 1162 4267 1349 4356; x_wconf 76' lang='lat' dir='ltr'><em>longiorem,</em></span> 
     </span>
    </p>
   </div>
   <div class='ocr_carea' id='block_1_7' title="bbox 175 4386 1351 4480">
    <p class='ocr_par' dir='ltr' id='par_1_9' title="bbox 175 4386 1351 4480">
     <span class='ocr_line' id='line_1_31' title="bbox 175 4386 1351 4480; baseline 0.005 -28"><span class='ocrx_word' id='word_1_268' title='bbox 175 4386 321 4454; x_wconf 89' lang='lat' dir='ltr'><em>nimirum</em></span> <span class='ocrx_word' id='word_1_269' title='bbox 347 4409 518 4477; x_wconf 88' lang='lat' dir='ltr'><em>properans</em></span> <span class='ocrx_word' id='word_1_270' title='bbox 541 4389 810 4477; x_wconf 76' lang='lat' dir='ltr'><em>Hierosolymam,</em></span> <span class='ocrx_word' id='word_1_271' title='bbox 831 4401 865 4457; x_wconf 90' lang='lat' dir='ltr'><em>ut</em></span> <span class='ocrx_word' id='word_1_272' title='bbox 883 4391 983 4458; x_wconf 86' lang='lat' dir='ltr'><em>Lucas</em></span> <span class='ocrx_word' id='word_1_273' title='bbox 1000 4389 1106 4457; x_wconf 88' lang='lat' dir='ltr'><em>dicere</em></span> <span class='ocrx_word' id='word_1_274' title='bbox 1124 4390 1224 4480; x_wconf 80' lang='lat' dir='ltr'><em>pergit</em></span> <span class='ocrx_word' id='word_1_275' title='bbox 1241 4409 1249 4453; x_wconf 75' lang='grc' dir='ltr'><strong><em>ε</em></strong></span> <span class='ocrx_word' id='word_1_276' title='bbox 1268 4391 1351 4458; x_wconf 90' lang='lat' dir='ltr'><em>Pro·</em></span> 
     </span>
    </p>
   </div>
   <div class='ocr_carea' id='block_1_8' title="bbox 0 0 1542 5054">
    <p class='ocr_par' dir='ltr' id='par_1_10' title="bbox 0 0 1542 5054">
     <span class='ocr_line' id='line_1_32' title="bbox 0 0 1542 5054; baseline 0 3"><span class='ocrx_word' id='word_1_277' title='bbox 0 0 1542 5054; x_wconf 95' lang='lat' dir='ltr'><em> </em></span> 
     </span>
    </p>
   </div>
  </div>
 </body>
</html>
