3074 5054
520 947 962 1078 accurentium

726 1241 752 1278 m

378 1428 565 1519 turus
634 1429 1100 1517 trosrutuuuu.

612 1712 870 1741 mooe-›m‹

481 2207 517 2262 1.
540 2209 593 2263 tra
614 2204 735 2263 huius
754 2204 852 2263 libr!
870 2204 997 2262 titulo.

200 2394 316 2462 Varius
348 2407 394 2462 est
423 2397 455 2462 in
486 2397 579 2464 variis
607 2397 775 2465 Codioibus
807 2397 900 2464 huius
932 2395 1001 2463 iibri
1036 2396 1155 2464 titulus,
1188 2397 1266 2464 Nam
1298 2407 1328 2463 et

154 2499 278 2591 πραξεις
303 2525 361 2566 των
390 2502 567 2569 artemium
596 2504 638 2571 ibi
663 2504 862 2585 inscribitur,
887 2515 917 2570 ct
938 2509 971 2566 αἱ
999 2500 1119 2596 πραξεις
1145 2528 1203 2567 των
1231 2527 1328 2567 αποσ-

153 2607 269 2687 reiut,
296 2621 326 2676 et
346 2610 450 2674 nouae
473 2610 685 2701 auappeirorou
708 2610 829 2702 πραξεις
849 2609 1045 2690 αποστολων,
1071 2623 1102 2679 et
1123 2609 1243 2702 πραξεις
1266 2634 1327 2675 των

154 2717 251 2806 ἁγιων
286 2716 481 2796 accercitur,
521 2742 743 2811 oupypaparoat
776 2722 833 2783 ὑπο
869 2719 974 2786 Λουκᾶ
1011 2743 1065 2783 του
1099 2716 1324 2808 ευαγγελιστου.

154 2823 317 2902 Ceterum,
339 2824 471 2892 Codices
492 2837 522 2891 et
539 2827 710 2894 Versiones
734 2827 876 2915 antiquae
904 2846 1011 2894 omnes
1036 2826 1067 2892 in
1092 2824 1171 2892 libro
1200 2825 1260 2891 hoe
1283 2825 1330 2891 in«

154 2929 320 2997 scribendo
348 2930 496 2999 haetenus
524 2933 657 3000 intense
678 2933 797 3000 similes
824 2944 914 3013 sunt,
944 2932 1027 3022 quod
1050 2932 1081 2998 in
1105 2931 1214 3020 quovis
1242 2930 1330 2998 titulo

155 3036 297 3123 leguntur
320 3038 413 3106 verba
441 3038 517 3105 haee
540 3064 548 3106 ε
572 3040 670 3105 Actus
696 3040 931 3124 Apostolorum.
958 3040 1046 3124 Quae
1073 3037 1166 3104 verba
1193 3049 1228 3104 ut
1254 3039 1329 3104 sim·

156 3143 362 3232 plicissimum
390 3145 511 3214 titulum
539 3147 601 3214 iam
629 3147 805 3228 continent,
836 3148 876 3213 ita
903 3157 933 3213 et
960 3145 1207 3234 antiquissimam
1235 3145 1328 3211 huius

156 3249 229 3317 iibri
256 3253 489 3341 inscriptionem
512 3253 624 3335 fuisse,
651 3254 740 3321 facile
765 3253 964 3321 crediderim.
995 3249 1125 3338 Πραξεις
1146 3264 1247 3320 autem
1270 3275 1328 3316 των

155 3355 333 3421 annotatus
354 3360 566 3447 intelliguntur
588 3383 639 3426 rea
659 3373 762 3445 postue
782 3361 820 3428 ab
844 3360 966 3427 iisdem.
990 3360 1107 3428 Eodem
1133 3380 1227 3426 sensu
1246 3359 1329 3447 apud

155 3464 395 3553 Xenophontem
411 3465 543 3556 (Cyrop.
560 3468 573 3532 1
589 3493 596 3534 :
612 3464 648 3550 ὅ)
664 3465 785 3557 rapotae
801 3468 904 3556 Kopov
921 3478 994 3534 sunt
1008 3489 1059 3531 res
1075 3491 1094 3532 o
1108 3465 1194 3549 Cyro
1210 3476 1325 3548 postue.

157 3570 269 3637 Utrum
289 3592 362 3639 roro
384 3573 546 3662 inscriptio
570 3573 647 3641 haee
672 3570 825 3664 :apaten
846 3598 905 3637 των
928 3572 1123 3648 onomaton,
1147 3583 1327 3660 argumento

156 3676 250 3746 huius
266 3679 337 3746 iibri
353 3680 532 3760 conveniat,
550 3700 681 3760 neo-ne,
698 3671 781 3748 infra
797 3679 1020 3770 disputabitur.

436 3950 472 4007 a.
495 3952 549 4008 ne
569 3949 775 4047 tarnenna
795 3913 916 4047 nurpe
936 3951 1046 4010 riori.

203 4141 349 4208 Sanctum
375 4142 491 4207 Lucam
523 4125 766 4228 Evangelistam
799 4140 857 4207 suh
888 4141 978 4207 ouius
1010 4142 1134 4208 nomine
1166 4141 1216 4208 irio
1248 4141 1328 4209 iiber

156 4247 267 4326 fertur,
286 4267 392 4314 revera
407 4249 474 4314 eius
497 4247 568 4314 libri
587 4267 656 4315 esse
672 4258 849 4326 auctorem,
867 4249 1055 4335 argumentis
1071 4247 1220 4337 probatur
1236 4269 1328 4338 quam

157 4355 362 4423 firmissimis
