3074 5054
490 387 628 457 cueur
663 388 742 472 vu,
781 386 903 456 vuus
943 391 1042 458 r-e.
1298 389 1362 455 rae
1470 433 1473 440 .

503 643 679 719 CAPUT
731 642 1034 719 streitruit.

180 841 371 892 Aueuumruu.
385 842 406 890 A
418 854 520 892 summo
531 840 678 903 sacerdote,
692 839 955 908 Synedriipraeside,
970 841 1147 905 interrogatus
1157 839 1316 906 Stephanus,
1329 852 1363 890 au

211 925 310 976 crimen
319 925 451 976 obiectum
460 929 627 989 agnosceret,
641 924 698 976 tuse
708 925 729 976 is
740 938 844 976 causam
854 937 929 976 suarn
941 927 1060 990 perorat,
1073 938 1112 975 vs.
1127 924 1217 974 t—tt.
1229 921 1270 974 Ad
1282 921 1361 972 fiuem

213 1013 300 1060 tamen
309 1010 453 1060 orationem
462 1023 536 1060 suam
546 1009 689 1074 perducere
699 1010 806 1076 nequit3
820 1023 881 1060 nam
891 1022 974 1074 quum
984 1007 1150 1072 Synedristas
1159 1009 1310 1072 ceterosque
1319 1007 1363 1072 qui

210 1091 321 1143 aderant
330 1090 513 1144 vehementius
529 1093 667 1156 obiurgare
679 1093 821 1158 coepisset,
834 1092 877 1142 isti
890 1091 1003 1156 amplius
1014 1103 1069 1141 non
1080 1091 1212 1142 sustinent
1223 1089 1363 1148 dicentem,

210 1175 258 1226 sed
269 1175 422 1227 obturantes
431 1188 507 1227 aures
524 1189 584 1227 suas
602 1175 753 1241 insanisque
765 1173 996 1227 vociferationibus
1007 1174 1163 1234 clamantes,
1175 1172 1293 1224 certatim
1305 1183 1364 1222 om·

211 1273 259 1310 nes
274 1258 401 1324 impetum
418 1260 447 1309 in
463 1273 523 1310 eum
543 1258 658 1320 iaciunt,
677 1259 842 1323 eiectamque
859 1260 934 1309 extra
945 1257 1077 1309 civitatem
1095 1257 1226 1322 lapidibus
1237 1255 1362 1307 obruunt,

211 1340 263 1402 Qut
276 1341 339 1392 dum
352 1341 470 1408 undique
479 1343 636 1406 percutitur,
651 1355 735 1406 genua
748 1341 832 1407 ponit,
845 1339 914 1392 etad
926 1341 1042 1405 Magistri
1054 1340 1094 1391 sui
1109 1339 1270 1404 exemplum,
1282 1339 1363 1390 Deum

211 1437 260 1490 pro
277 1423 487 1476 interlectoribus
498 1425 553 1476 suis
565 1437 660 1489 magno
671 1424 767 1476 affectu
779 1427 914 1490 precatuS,
928 1424 1061 1490 exspiret,
1075 1438 1114 1474 vs.
1129 1423 1237 1474 st-ee.

227 1601 258 1664 l.
285 1599 367 1664 Turn
391 1593 451 1685 (rie)
471 1596 637 1686 Caiaphas,
664 1618 805 1665 summus
829 1595 978 1664 sacerdos
995 1599 1025 1686 (ὁ
1044 1593 1221 1689 αρχιερευς),
1240 1590 1366 1684 praeses

177 1719 342 1808 Synedrii,
358 1721 549 1810 Stephanum
567 1723 736 1808 interrogat
751 1745 758 1786 :
774 1722 861 1788 Nora
877 1722 969 1800 liaeo,
986 1721 1103 1808 inquit,
1123 1724 1168 1785 ito
1183 1741 1214 1785 ee
1230 1719 1367 1785 boboni?

177 1842 212 1911 h.
229 1865 257 1911 e.
275 1864 401 1910 vera-ue
418 1854 508 1925 sunt,
528 1865 606 1932 quae
623 1844 678 1911 tibi
703 1843 917 1911 obiiciuntur?
933 1842 1091 1910 Particula
1107 1840 1142 1906 a¹
1161 1841 1298 1909 adhibita
1315 1840 1367 1908 hir·

176 1979 226 2034 est
248 1968 279 2033 in
303 1968 542 2055 interrogatione
564 1971 704 2052 directo,
723 1980 868 2057 utsupra
886 1969 900 2033 l
916 1987 924 2028 :
942 1971 983 2047 6,
1001 1978 1031 2033 et
1047 1967 1127 2034 infra
1144 1968 1224 2034 ΧΙΧ
1242 1986 1250 2027 :
1270 1968 1304 2034 Ξ.
1322 2003 1366 2012 -

176 2091 326 2179 Sequitur
345 2092 406 2158 iam
424 2093 522 2160 oratio
540 2092 708 2183 Stephani3
725 2093 756 2158 in
774 2113 834 2181 qua
852 2091 1008 2180 quoduam
1026 2091 1119 2158 fuerit
1145 2091 1276 2160 dicentis
1288 2111 1361 2173 pro·

174 2219 335 2302 positum,
355 2215 468 2284 dicturi
486 2238 593 2284 sumus
610 2217 648 2284 ad
665 2217 781 2284 calcem
800 2216 893 2284 huius
910 2216 1036 2304 capitis.

226 2455 258 2519 2.
292 2455 360 2518 Viri
382 2456 517 2537 fratres,
544 2467 575 2520 et
602 2452 745 2538 Patres).
776 2452 893 2521 Blanda
922 2453 1161 2543 compellatione
1190 2465 1369 2543 praesentes

177 2596 288 2643 omnes
312 2575 493 2665 alloquitur,
512 2575 633 2644 iudices
649 2598 740 2657 suos,
762 2598 938 2645 assessores
960 2576 1123 2666 Synedrii,
1141 2579 1275 2661 Patres,
1296 2579 1367 2644 reli-

177 2719 260 2786 quos
287 2718 361 2765 vero
388 2703 508 2784 fratres
534 2719 659 2767 vocans.
695 2702 780 2765 Deos
807 2704 932 2785 gloriae
954 2699 985 2789 (ὁ
1014 2697 1089 2773 Θεος
1115 2722 1167 2774 της
1195 2696 1307 2784 doing),
1332 2710 1366 2766 ut

179 2821 296 2889 Psalm.
316 2822 430 2888 XXIX
449 2847 456 2888 ε
476 2824 495 2889 5
512 2823 622 2912 (Vulg.
641 2825 797 2916 XXVlll)
815 2830 908 2911 *tinen
922 2824 961 2902 iu
978 2827 1063 2890 Dece
1078 2826 1200 2908 gloriae
1216 2824 1281 2889 sive
1297 2846 1366 2890 rna-

179 2951 323 3031 testatis,
349 2949 435 3014 Deus
457 2948 714 3036 gloriosissimus.
740 2949 825 3041 Ωφθη
846 2955 922 3017 Αον.
949 2953 963 3016 l
989 2952 1077 3017 Pass.
1102 2959 1284 3033 conspectos
1304 2951 1368 3033 soit

177 3098 224 3160 τῳ
252 3096 346 3164 πατρι
374 3094 432 3162 pro
460 3075 518 3137 ὑπο
546 3098 599 3137 του
628 3098 753 3165 πατρος.
785 3075 867 3143 Vide
895 3095 992 3164 supra
1008 3074 1046 3141 ad
1063 3076 1140 3163 Cap.
1160 3076 1188 3140 ll
1208 3099 1216 3139 :
1236 3077 1268 3141 5.
1290 3072 1368 3139 Cum

179 3205 262 3260 esset
290 3198 325 3259 ν’νν
352 3195 588 3279 Mesopotamia
593 3247 606 3279 ,
638 3198 758 3264 scilicet
787 3198 818 3263 in
852 3199 900 3264 Ur
924 3197 1159 3263 Chaldaeorum
1186 3195 1300 3285 (niues
1316 3211 1368 3256 aas

177 3318 299 3386 Genes.
329 3319 392 3386 Xll
412 3341 420 3381 :
440 3321 501 3401 28,
530 3323 599 3408 dl),
626 3342 707 3412 quae
731 3323 807 3391 urbs
836 3323 894 3390 sita
919 3333 984 3388 erat
1009 3322 1040 3387 in
1065 3320 1290 3411 Mesopotamia
1314 3319 1368 3387 bo·

179 3442 286 3524 reali',
316 3454 346 3510 et
374 3456 438 3512 tum
465 3445 529 3535 (Cf.
560 3467 607 3514 vs.
639 3447 675 3533 l)
704 3469 721 3514 a
749 3454 849 3535 nuans,
877 3447 943 3514 sive
970 3445 1134 3523 Chaldaeis
1162 3444 1366 3512 incolebatur.

184 3605 349 3616 ..-..---.

216 3690 236 3753 ¹)
255 3689 320 3741 Van.
356 3705 427 3741 uuor.
462 3691 520 3743 Vox
556 3699 616 3765 αρα
645 3695 704 3758 post
731 3700 756 3739 ει
804 3690 908 3743 loviano
917 3692 976 3756 post
987 3693 1096 3741 mortem
1106 3688 1199 3740 luliani
1211 3687 1370 3750 describens,

180 3787 239 3826 non
258 3773 354 3837 legitur
376 3775 403 3824 iu
423 3773 486 3825 Aac
507 3775 638 3841 variisque
659 3775 757 3827 Minus·
802 3774 900 3826 rastelli
925 3774 1021 3826 Persici
1048 3774 1087 3824 Ur
1109 3773 1270 3824 mentionem
1292 3771 1369 3832 tacit,

180 3859 264 3921 culis;
279 3872 327 3910 nec
343 3859 475 3924 iuterpres
491 3862 579 3911 noster
595 3873 652 3911 eam
664 3860 756 3924 legisse
802 3858 904 3910 Nisibin
918 3859 986 3909 inter
999 3863 1024 3910 et
1036 3858 1131 3921 Tigrim
1144 3857 1186 3908 siti
1196 3855 1276 3922 (apud
1288 3855 1372 3906 d'An-

180 3940 298 3992 videtur.
310 3941 355 3992 Est
366 3941 474 3992 fortisan
485 3942 687 4007 interrogativae
696 3943 756 3994 Par·
802 3942 904 3993 villium
916 3943 969 4003 60⁰,
981 3943 1012 3991 li
1021 3941 1104 4006 long,
1116 3942 1169 4002 36⁰,
1181 3939 1291 4005 ilatit.),
1303 3939 1373 4004 quod

182 4021 280 4074 ticulae
304 4033 328 4072 ει
350 4024 493 4088 glossema,
518 4024 587 4089 quod
610 4024 706 4076 deiude
728 4025 754 4074 in
802 4024 944 4082 Abrahami
968 4025 1054 4076 locum
1075 4024 1188 4075 natalem
1212 4022 1291 4073 luisse
1313 4021 1371 4073 ideo

182 4108 287 4156 textum
300 4106 443 4172 irrepserit.
802 4109 942 4160 verisimile
954 4113 1007 4169 est,
1023 4109 1084 4174 quia
1093 4107 1146 4160 Ura
1159 4108 1186 4158 in
1198 4105 1370 4158 Palaestinam

218 4188 239 4254 ¹)
256 4188 362 4241 Constat
379 4189 428 4242 boc
447 4205 479 4242 ex
492 4192 631 4244 Ammiano
643 4191 755 4243 Marcel·
802 4191 960 4256 profecturi,
984 4191 1059 4243 facile
1084 4195 1111 4242 et
1135 4191 1234 4256 absque
1259 4189 1369 4252 longiori

183 4272 250 4334 lino,
263 4272 351 4323 XXV:
373 4275 398 4334 8,
420 4273 462 4339 (al.
480 4272 531 4339 id),
544 4275 607 4340 qui,
626 4274 756 4325 referente
801 4279 910 4330 circuito
937 4279 1029 4330 Carras
1047 4277 1111 4350 (Πη
1141 4277 1218 4342 Vulg.
1249 4275 1369 4340 Charon)

185 4353 299 4406 Gesenio
317 4355 354 4420 (in
372 4355 446 4407 Thes
468 4357 543 4421 Ling.
567 4357 631 4408 Heb.
648 4357 680 4407 ad
698 4369 754 4407 voc.
802 4362 913 4413 transire
933 4365 1071 4427 poterant,
1092 4361 1119 4411 id
1140 4361 1209 4427 quod
1229 4360 1368 4412 Abrahami

186 4435 260 4498 stu),
279 4435 390 4487 reditum
416 4436 525 4488 ROfflilssi
552 4437 683 4489 exercitus
706 4436 756 4488 sub
803 4445 927 4496 familiam
948 4445 1038 4497 iecisse
1060 4444 1171 4509 legimus
1189 4441 1282 4497 Genes.
1304 4444 1338 4496 xt
1361 4457 1366 4491 z
