3074 5054
473 399 613 466 CAPUT
648 397 748 478 Xlll,
786 394 907 464 Vnus.
946 394 1090 461 tt-tt.
1293 392 1359 459 5511

179 593 209 657 in
233 589 292 658 bac
308 610 343 657 re
358 589 534 679 promiscue
550 589 748 657 adhibentur.
765 585 915 675 Exempla
931 585 1004 653 dant
1021 582 1204 651 Kuiuoelius
1221 591 1251 648 et
1266 581 1358 648 Wet-

178 714 295 781 stenius
316 710 367 797 (ad
384 711 417 780 b.
443 713 491 802 1.).
506 751 550 762 -
567 712 659 780 Brevi
685 731 741 801 per
764 710 873 778 urbem
891 708 1127 798 percrebuerat,
1146 706 1290 774 doctores
1306 724 1359 772 ex·

179 847 299 918 ternos,
330 837 461 904 Paulum
495 848 526 904 et
557 835 747 916 Barnabam,
777 834 830 923 qui
851 817 966 923 'nuper
992 835 1029 900 eb
1063 831 1275 912 advenissent,
1305 829 1359 896 illo

180 959 305 1028 sabbato
330 960 423 1028 verba
446 959 582 1028 lecturos
606 959 644 1026 ad
665 958 827 1048 populum.
848 959 955 1045 ltaque
971 976 1008 1024 ec
1025 956 1075 1024 die
1092 976 1153 1024 non
1171 954 1276 1023 ludaei
1294 965 1360 1022 tan·

180 1094 288 1151 tumet
304 1084 467 1172 proselyti,
486 1104 593 1151 uerum
610 1083 701 1150 etiam
718 1081 857 1151 Gentiles
874 1100 984 1169 magno
1005 1099 1135 1148 numero
1152 1088 1360 1147 convenerant

180 1202 304 1295 (σχεδον
320 1229 407 1270 nacor
422 1207 440 1280 ἡ
456 1202 567 1285 nolae),
585 1206 719 1274 audituri
732 1188 865 1272 'vertam
883 1207 955 1272 Dei.
970 1243 1015 1254 -
1031 1205 1079 1272 Ex
1095 1226 1152 1272 aaa
1168 1213 1270 1270 menie
1286 1202 1360 1270 His·

182 1331 397 1422 toriograpbus
421 1344 526 1401 noster
549 1334 721 1402 doctrinam
738 1353 831 1421 quam
848 1331 989 1422 Apostoli
1015 1330 1221 1422 praedicaturi
1238 1341 1359 1411 essent,

181 1459 307 1525 terbum
324 1459 404 1539 net,
422 1480 473 1521 τον
495 1455 584 1546 λογον
607 1481 661 1521 του
685 1454 765 1522 &aaut
786 1466 887 1524 vocal.
906 1454 1021 1523 Confer
1036 1456 1118 1524 dicta
1134 1454 1173 1522 ad
1187 1474 1236 1522 vs.
1255 1456 1288 1521 7.

224 1703 281 1770 lb.
310 1702 455 1768 Videntes
482 1712 588 1768 catena
617 1705 724 1768 trabae
751 1704 866 1770 Iudaei
874 1754 883 1785 ,
913 1706 1025 1788 repleti
1051 1714 1125 1769 sant
1150 1706 1236 1786 zelo,
1267 1697 1358 1786 etc).

186 1825 286 1893 ludaei
310 1824 402 1912 rulgb
427 1835 515 1892 erant
530 1825 561 1891 in
578 1824 653 1892 salsa
670 1824 723 1893 illa
738 1825 903 1914 opinione,
922 1837 955 1893 ut
971 1825 1152 1907 crederent,
1171 1825 1360 1914 promissum

187 1950 329 2018 blessiam
351 1949 389 2017 ad
410 1949 549 2020 Gentiles
572 1949 700 2016 minime
724 1949 896 2037 pertinere,
918 1961 1080 2017 venturum
1104 1952 1179 2016 verb
1196 1969 1264 2017 esse
1286 1948 1362 2016 solis

187 2074 318 2142 ludaeis.
346 2074 393 2142 llli
411 2096 483 2163 crgo
503 2097 575 2141 cana
597 2078 744 2141 viderent
758 2069 896 2160 (ιὸοντες)
913 2073 1088 2156 bominum,
1110 2075 1275 2142 maximam
1292 2094 1363 2162 par·

188 2208 243 2265 tem
269 2199 438 2267 Gentilium
462 2194 588 2288 (σχεδον
612 2222 698 2263 nara
714 2199 731 2272 ἡ
748 2196 846 2272 πολις.
867 2219 913 2265 us.
934 2201 1005 2287 11),
1024 2209 1238 2286 congregatam
1255 2197 1360 2266 multi-

189 2324 320 2392 tudinem
336 2325 415 2410 (τους
432 2323 567 2411 opicae),
593 2325 644 2392 cui
669 2324 784 2392 Paulus
808 2324 1014 2392 annunciabat
1038 2324 1167 2392 salutem
1187 2346 1243 2413 per
1259 2327 1362 2391 lesum

189 2449 330 2518 Messium
364 2449 587 2531 obtinendam,
620 2451 817 2514 aenenreator
854 2451 1015 2533 inedipnati
1051 2459 1126 2515 sant
1153 2446 1365 2537 (επλησθησαν

189 2572 303 2663 talou),
322 2585 352 2641 et
374 2576 629 2640 contradicebant
653 2573 702 2642 bis
727 2593 808 2662 quae
832 2573 1013 2642 dicebantur
1035 2593 1052 2641 a
1073 2575 1188 2654 Paulo,
1208 2585 1363 2662 tamquam

190 2697 260 2766 lalsb
279 2698 362 2766 dicta
377 2718 413 2765 ea
428 2698 636 2779 traducentes,
655 2701 771 2765 additia
791 2703 888 2765 etiarn
904 2702 1055 2766 conviciis
1068 2696 1281 2786 (αντιλεγοντες
1297 2705 1362 2762 aaut

190 2817 459 2914 βλασφημουντες).

230 3067 285 3133 to.
317 3067 403 3132 Tarm
427 3077 609 3134 constanter
625 3069 793 3152 dixerant,
814 3069 902 3154 ete.).
922 3069 1038 3137 Sensus
1055 3080 1102 3138 est
1121 3095 1128 3137 :
1149 3072 1244 3136 libere
1259 3081 1365 3138 antem

191 3187 481 3280 (παρρησιασαμενοι
506 3186 557 3271 δε,
576 3190 639 3257 uid.
667 3211 762 3280 supra
786 3192 824 3258 ad
841 3194 917 3281 Gap.
944 3193 987 3260 lX
1009 3219 1017 3259 ε
1039 3190 1094 3271 nt)
1111 3194 1226 3262 Paulus
1243 3206 1272 3262 et
1288 3197 1365 3262 Bar-

191 3312 300 3393 nabas,
326 3313 457 3380 istorum
480 3314 525 3380 ira
550 3312 628 3380 nibil
653 3315 770 3395 territi,
788 3313 934 3383 dixerunt
954 3341 961 3382 :
980 3316 1081 3386 Vobis
1098 3316 1237 3383 omnium
1254 3315 1365 3404 primis

191 3434 376 3505 debebamus
403 3457 441 3503 ex
464 3438 592 3504 Domini
617 3450 783 3527 praecepto
813 3440 902 3523 (Luc.
932 3440 1040 3509 XXlV
1067 3459 1074 3501 :
1099 3436 1157 3524 17)
1185 3436 1365 3527 praedicare

191 3559 406 3647 Euangelium3
421 3571 513 3648 atquo
537 3559 611 3627 huic
627 3560 769 3629 mandato
794 3560 1076 3650 obtemperavimus
1100 3567 1207 3650 (supra
1223 3581 1270 3628 rs.
1293 3557 1363 3645 11),

191 3700 372 3771 eramusque
397 3681 490 3749 lrodie
513 3683 610 3770 parati
635 3682 771 3749 officium
790 3670 871 3750 illud
886 3682 1016 3750 ulterius
1034 3682 1196 3771 persequi;
1216 3682 1362 3770 quoniam

191 3825 260 3874 uero
287 3806 417 3874 verbum
444 3806 504 3873 Dei
534 3806 720 3896 repudiatis,
750 3817 780 3874 et
804 3818 906 3874 restro
936 3807 1016 3875 lacto
1041 3806 1101 3874 boc
1128 3807 1189 3896 ipsi
1214 3806 1253 3874 de
1277 3806 1366 3876 vobis

191 3929 338 4000 iudicium
355 3932 454 4013 fertis,
470 3932 613 4020 indignos
627 3953 680 3999 uos
697 3952 765 4000 esse
781 3942 905 3999 aeterna
916 3932 978 3998 rita
994 3950 1051 4019 per
1064 3933 1167 3998 lesum
1185 3928 1364 4010 obtinenda,

191 4075 278 4138 ecce,
297 4057 386 4126 uobis
403 4057 538 4138 relictis,
556 4056 596 4124 ad
612 4056 751 4126 Gentiles
768 4077 824 4124 nos
841 4055 1068 4124 convertimus!

196 4249 364 4262 *οὐ

221 4366 241 4432 11
257 4367 322 4418 Vna.
351 4379 421 4416 urar.
447 4365 528 4416 Voces
551 4349 754 4439 αντιλεγοντες
777 4374 828 4412 και
852 4376 905 4415 non
928 4363 1053 4429 leguntur
1076 4364 1102 4415 in
1127 4362 1207 4416 cocu.
1236 4364 1313 4428 ABG,
1338 4368 1368 4417 ut

191 4449 280 4499 necin
299 4448 378 4500 uariis
395 4447 556 4500 Minusculis.
