3074 5054
433 366 573 435 curun
605 366 767 451 xxvm,
804 364 926 434 vans.
966 367 1064 434 r-o.
1274 368 1341 436 sas

48 600 53 610 .
164 552 295 620 excitato
310 573 329 620 e
343 556 508 623 sarmentis
526 560 675 640 prodiret
694 553 906 637 (εξελθουσα),
929 565 961 622 et
981 555 1086 623 manni
1105 555 1173 624 eius
1192 555 1341 625 mordens

161 675 344 746 adhaereret
357 677 480 766 (raduine
495 681 565 748 scil.
585 678 707 762 ἑαυτην,
722 685 767 763 zp'
780 682 899 746 nechite
912 681 1008 762 zion).

206 801 349 866 Barbari
362 804 402 890 (oi
417 797 579 892 depeepee)
597 801 649 869 llic
665 800 861 891 appellantur
876 800 1134 889 Carthaginenses
1148 801 1214 869 siue
1225 802 1336 880 Poeni,

163 923 216 1010 qui
239 923 376 990 Melitam
400 943 437 990 eo
462 934 619 1013 tempore,
647 924 795 992 Romanis
819 923 939 1011 legibus
967 922 1117 1003 subiecti,
1145 922 1334 993 habitabant.

162 1045 210 1114 llll
225 1048 300 1113 vero
315 1045 377 1114 dici
395 1057 536 1135 poterent
552 1042 702 1136 βαρὸαροι
718 1046 915 1126 cinctione,
937 1066 999 1134 qua
1020 1047 1133 1115 Graeci
1155 1047 1292 1136 primdm
1308 1057 1340 1114 et

161 1169 272 1237 deinde
285 1170 416 1236 Romani
433 1190 542 1236 omnes
558 1191 610 1236 eas
625 1180 732 1257 gentes
748 1169 900 1236 bardores
915 1169 1073 1259 appellare
1088 1169 1241 1252 solebant,
1258 1190 1338 1260 quae

160 1312 222 1360 non
248 1303 351 1359 essent
376 1295 514 1361 Graecae
539 1303 592 1360 aut
618 1295 787 1362 Romanae.
814 1291 952 1359 Wolfius
976 1291 1007 1358 in
1033 1291 1126 1358 Curis
1145 1291 1185 1360 ad
1202 1291 1235 1359 ln.
1254 1292 1277 1359 l.
1293 1329 1338 1342 -

159 1417 209 1484 ne
230 1417 384 1485 locutione
405 1440 440 1480 oo
464 1441 515 1491 την
534 1440 690 1503 reponem
710 1415 783 1484 uide
805 1435 901 1504 supra
923 1416 963 1483 ad
984 1417 1062 1505 Cap.
1085 1416 1167 1483 XlX
1191 1440 1200 1482 ε
1220 1418 1275 1484 ll.
1289 1453 1334 1465 -

159 1541 334 1606 Keeamem
349 1561 421 1609 oum
437 1541 563 1607 notione
578 1542 733 1626 remocior
749 1559 819 1606 raro
836 1540 985 1606 occurrit.
1004 1538 1086 1608 Vide
1105 1540 1204 1606 Henr.
1222 1538 1332 1628 Steph.

159 1664 192 1731 in
210 1667 369 1733 Thesauro
385 1665 424 1732 ad
441 1664 473 1732 l.
494 1687 524 1731 v.

204 1889 305 1956 t—e.
337 1889 378 1955 tu
398 1910 472 1955 cero
500 1890 668 1973 viderunt,
697 1886 789 1974 etc).
820 1888 862 1955 Ut
881 1906 956 1953 vero
983 1885 1129 1954 viderunt
1150 1888 1335 1953 Melitenses

158 2009 201 2099 (oi
221 2006 398 2100 βαρὸαροι),
416 2021 595 2077 venenatam
618 2011 675 2101 (cf.
694 2031 741 2078 vs.
760 2008 797 2096 6)
819 2012 953 2075 bestium
975 2009 1023 2095 (ro
1047 2007 1163 2100 θηριον)
1187 2007 1227 2074 de
1243 2027 1337 2076 manu

160 2132 227 2200 eins
251 2132 455 2222 pendentem,
485 2132 628 2200 dicebant
651 2133 732 2199 inter
755 2153 789 2199 se
812 2158 821 2200 :
846 2135 992 2218 Profecto
1012 2130 1154 2212 (παντως)
1181 2129 1337 2199 homicida

160 2257 273 2347 aliquis
289 2267 335 2325 est
352 2256 445 2325 homo
462 2257 539 2338 iste,
557 2277 649 2345 quem
666 2277 707 2324 en
719 2257 813 2324 undis
828 2267 990 2324 servotum
1011 2252 1224 2343 (διασωθεντα)
1242 2253 1336 2321 ultrix

158 2382 282 2446 iustitio
304 2380 333 2469 (ἡ
350 2376 433 2464 dean)
456 2379 560 2445 vivere
588 2400 649 2446 non
675 2384 750 2447 sivit
769 2378 912 2461 (eiecerit
941 2377 1057 2446 Paulus
1084 2399 1157 2462 erpo
1181 2376 1247 2463 (peu
1269 2375 1337 2464 oon)

158 2500 295 2589 viperam
316 2504 452 2567 excessit
472 2497 679 2592 (αποτιναξας)
701 2501 732 2567 in
756 2501 876 2588 ignem,
899 2498 1040 2588 nihilque
1059 2499 1131 2566 mali
1148 2519 1259 2588 passus
1275 2509 1333 2566 est.

157 2623 205 2690 illi
218 2635 324 2690 cutem
335 2621 391 2704 (es)
404 2628 624 2708 exspectabant
634 2620 858 2716 (npooedonoe)
867 2626 950 2707 sore,
961 2633 997 2688 ut
1003 2642 1041 2689 ex
1048 2641 1155 2690 morsu
1167 2622 1334 2711 serpentis,

119 2806 123 2813 .
156 2766 274 2813 veneno
290 2747 410 2835 dilapso
424 2767 481 2836 per
496 2768 610 2827 venas,
629 2759 693 2815 toto
709 2765 842 2835 corpore
859 2748 1083 2811 ietteemeseeret
1095 2744 1199 2826 (auron
1216 2742 1335 2831 pellem

157 2868 380 2958 sepeponere),
402 2879 471 2950 aut,
500 2871 528 2936 vi
558 2871 666 2937 veneni
696 2870 780 2937 recto
809 2876 988 2956 penetrante
1014 2866 1053 2934 ad
1076 2887 1145 2947 cor,
1168 2870 1334 2952 derepente

156 3003 299 3058 mortuus
318 2995 495 3059 concideret
517 2992 727 3073 (nannetensem
756 3014 840 3082 upum
864 2986 990 3079 νεκρον).
1017 2989 1078 3075 Qui
1102 3008 1175 3056 cum
1196 2990 1254 3053 din
1273 2992 1333 3075 (επι

156 3112 250 3202 πολυ)
280 3126 496 3198 exspectarent
526 3112 794 3207 (προσδοκωντων.
835 3112 985 3200 Particip.
1024 3110 1217 3200 lmperfecti)
1249 3110 1334 3179 vide-

155 3245 286 3323 rentque
301 3235 379 3302 nihil
395 3236 467 3302 mali
484 3235 527 3301 illi
544 3236 703 3314 accidere,
721 3239 845 3302 mutatui
861 3236 1021 3301 sententiat
1043 3229 1334 3322 (μεταὸαλλομενοι)

155 3356 316 3436 dicebant,
333 3355 426 3423 deum
443 3357 620 3444 qnempiam
637 3357 725 3423 illum
742 3377 811 3425 esse
827 3357 886 3425 sub
902 3357 1007 3445 specle
1023 3354 1170 3424 humana.

201 3480 349 3560 Παντως,
372 3485 528 3566 profecto,
551 3491 585 3547 ut
606 3483 684 3548 Luc.
710 3482 769 3562 lv,
792 3484 849 3550 ⁶23.
874 3519 918 3530 -
939 3481 1056 3548 Dicunt
1073 3505 1170 3546 ειασεν
1187 3482 1218 3548 in
1241 3484 1335 3560 noe..

156 3605 229 3693 quia
257 3608 323 3671 inm
348 3608 476 3671 illatum
497 3604 641 3672 videbant
669 3625 807 3673 morsum
836 3610 971 3672 letalem.
997 3644 1040 3655 -
1060 3605 1267 3696 Πιμπρασθαι
1291 3616 1338 3674 est

156 3732 302 3806 incendi,
321 3740 351 3796 et
367 3729 441 3797 hinc
456 3729 548 3797 etiam
564 3753 602 3796 ec
616 3734 874 3816 inflammatione
891 3735 1110 3800 intumescere.
1134 3731 1337 3799 Dioscorides

121 3892 126 3899 ,
155 3853 227 3920 Lib.
247 3851 406 3941 V1(apud
424 3852 642 3921 Sulcerumad
659 3875 729 3922 voc.
747 3851 946 3944 πιμπραμαι)
966 3879 974 3921 :
991 3855 1061 3929 Τοις
1082 3850 1115 3918 δε
1137 3855 1194 3918 ὑπο
1217 3850 1336 3939 εχιὸνης

155 3971 309 4059 δηχθεισιν
327 3971 404 4039 ordei
420 3998 472 4037 και
494 3979 539 4064 ep'
557 3977 658 4040 innuen
676 3999 710 4040 ro
728 3991 822 4063 cmpo‘t
845 3973 1030 4068 Eupatorem,
1050 3976 1083 4044 h.
1102 3997 1132 4044 e.
1151 3979 1221 4055 lte,
1239 3979 1297 4061 qni
1315 4000 1335 4043 tt

155 4101 268 4181 uipera
282 4101 387 4163 morsi
400 4108 488 4180 suut,
503 4117 617 4181 corpus
631 4108 728 4164 tumet
745 4109 775 4164 et
790 4101 989 4165 uehementer
1000 4102 1174 4166 crescit-
1187 4099 1248 4163 Επι
1261 4097 1338 4164 nolu

155 4219 225 4285 scil.
243 4215 419 4305 duncrnptct,
438 4230 586 4309 utsupra
603 4241 672 4309 pag.
695 4223 774 4290 573.
793 4217 1045 4286 Μεταὸαλλεσθαι
1060 4221 1118 4288 scil
1135 4244 1186 4295 την
1200 4244 1336 4311 pumpnu,

156 4354 190 4410 ut
203 4345 298 4427 plene
317 4343 397 4412 dixit
417 4345 467 4412 Fl.
495 4345 647 4434 losephus
668 4343 815 4434 (Antiqq.
841 4343 911 4412 Lib.
936 4347 1033 4430 Xlll,
1060 4347 1137 4436 Cap.
1167 4347 1225 4426 20,
1254 4346 1338 4436 apud

158 4465 290 4534 Kuinoel
307 4465 346 4532 ud
363 4464 396 4533 h.
413 4463 449 4546 Ι.)
469 4491 477 4532 :
495 4462 749 4533 Meretelieeeee
765 4448 892 4558 pompose
904 4488 1053 4541 εποιησεν.
