3074 5054
175 332 241 450 εει
535 357 669 446 uerus
709 376 1038 458 uncsruuuuuu,

173 580 295 650 autam,
311 568 519 659 =apprehensa
548 587 640 635 manu
668 567 892 647 adolescentis,
923 569 1052 634 secessit
1074 588 1146 634 cnm
1168 587 1204 635 eo
1223 569 1359 636 seorsim

173 690 255 782 (κατ’
274 688 382 782 idrus),
401 711 535 780 eumque
551 701 749 780 percontatus
765 703 824 770 ast,
843 690 950 758 dicens
971 716 978 757 ε
998 691 1158 777 Quidem,
1177 692 1262 781 quod
1279 693 1358 760 mihi

173 814 420 884 renunciandum
456 814 575 882 habes?
605 787 745 881 Cuiiiie
774 838 782 880 ε
812 813 923 882 Judaci
952 818 1037 881 iuter
1064 837 1096 879 se
1124 820 1360 883 constituerunt

176 938 359 1030 (συνεθεντο)
372 951 408 1007 ut
424 952 451 1007 te
468 950 618 1022 reparent
634 940 701 1028 (του
717 961 867 1029 ερωτησαι
884 935 945 1025 σε),
961 937 1092 1006 Panium
1106 950 1138 1008 ut
1150 962 1223 1007 crus
1235 943 1359 1032 (uuptcu

174 1064 271 1153 Adv.)
288 1065 319 1130 in
341 1062 528 1150 synedrium
549 1067 714 1131 deduceres
729 1064 919 1152 (καταγαγῃς
935 1082 973 1128 ex
990 1081 1061 1130 arce
1077 1063 1245 1151 Antonia),
1263 1066 1360 1150 quasi

174 1187 247 1277 (ὡς)
262 1188 380 1278 aliquid
397 1192 515 1255 certius
531 1192 574 1272 (τι
591 1184 816 1280 ακριὸεστερον)
834 1191 1026 1275 inquisituri
1048 1191 1085 1254 de
1102 1191 1156 1255 ido
1173 1186 1359 1278 (petianese

176 1312 376 1376 πυνθανεσθαι
398 1336 465 1404 περι
488 1316 612 1400 αυτου).
635 1314 684 1380 Tu
702 1313 795 1400 igitur
818 1312 900 1394 (ουν,
921 1333 1018 1401 quum
1036 1312 1096 1380 hoc
1116 1313 1216 1396 scias)
1239 1334 1277 1381 ne
1295 1313 1371 1381 iliis

175 1438 378 1527 obsequaris;
396 1436 581 1505 insidiantur
596 1437 680 1505 enim
697 1437 763 1504 eius
779 1437 859 1505 ritae
881 1438 939 1504 viri
962 1458 1000 1504 ex
1024 1438 1069 1506 eis
1091 1438 1257 1529 plusquam
1281 1459 1358 1528 qua-

176 1560 334 1650 draginta,
359 1565 414 1648 qur·
433 1564 562 1647 quidem
584 1560 718 1649 (οἰτιιες)
735 1559 925 1629 devoverunt
940 1581 991 1642 se,
1011 1572 1045 1628 nt
1060 1581 1118 1628 nec
1133 1560 1360 1628 manducarent

176 1705 234 1753 nec
254 1684 396 1755 biberent
418 1684 517 1752 donec
539 1705 608 1752 eum
632 1683 844 1752 interfecerint
865 1682 1066 1774 (αιελωσιν);
1091 1696 1121 1752 et
1138 1685 1198 1751 iam
1217 1705 1302 1753 nunc
1318 1684 1358 1753 ad

176 1806 238 1875 hoc
253 1807 373 1876 facinus
391 1808 487 1897 parati
505 1819 589 1887 sunt,
608 1819 822 1897 exspectantes
837 1811 1051 1894 sncieudcutc
1068 1812 1358 1893 repromissionem

175 1933 240 2020 (την
261 1956 321 1996 aare
346 1957 401 1997 σου
429 1929 627 2023 επαγγελιαν)
652 1932 689 2001 de
714 1933 810 2001 Paulo
835 1932 874 2000 ab
898 1953 969 2000 arce
993 1933 1126 1999 Antonia
1152 1932 1182 1998 in
1207 1933 1359 2000 conclave

177 2055 321 2145 Synedrii
339 2056 534 2126 deducendo.

223 2179 349 2245 Auoueu
365 2193 429 2273 (ιε.
451 2183 506 2269 16)
530 2179 569 2248 de
584 2183 792 2265 rescisceudc,
812 2185 1034 2266 cupreosceudc,
1054 2201 1116 2271 quo
1133 2201 1228 2249 sensu
1244 2180 1360 2267 legitur

178 2325 302 2396 quoque
326 2305 357 2370 in
382 2305 441 2394 Ep.
461 2302 499 2371 ad
524 2303 640 2393 Ephes.
668 2307 744 2394 Cap.
766 2307 778 2371 Ι
799 2330 807 2372 :
829 2308 945 2373 1δ.-
968 2294 1027 2380 Tun
1052 2296 1259 2395 παρεμὸοληι.
1284 2303 1358 2370 vide

177 2450 271 2519 supra
285 2427 322 2496 ad
336 2430 412 2518 Cap.
425 2429 506 2496 XXl
522 2454 530 2496 ε
546 2430 601 2496 dd.
616 2466 660 2476 -
676 2429 749 2491 ‘Eua
762 2426 821 2510 (rs.
840 2428 892 2510 17)
909 2451 966 2519 pro
983 2454 1065 2508 τινα,
1080 2440 1113 2496 nt
1126 2430 1203 2495 Luc.
1218 2428 1248 2497 V
1264 2452 1272 2494 r
1293 2428 1355 2507 17;

177 2556 242 2622 XX
262 2579 269 2620 :
291 2556 322 2621 i.
338 2589 382 2602 -
398 2554 446 2619 De
463 2551 557 2619 verbu
573 2575 670 2643 apem,
689 2553 773 2642 quud
790 2554 820 2620 in
838 2553 896 2622 leuc
912 2556 1059 2643 pericopa
1083 2554 1200 2643 pluries
1216 2552 1358 2621 occurrit

177 2699 247 2746 cum
266 2676 534 2766 Reduplicatiune,
548 2676 619 2744 vide
635 2676 673 2744 ad
686 2678 761 2767 Cap.
777 2678 807 2746 V
822 2705 830 2745 ι
846 2682 955 2748 27.-
971 2681 1051 2773 Kue'
1070 2675 1163 2759 dtur,
1181 2681 1354 2763 priuatim,

177 2804 327 2885 seorsim;
357 2811 458 2866 mente
485 2800 693 2889 supplendum
721 2802 843 2870 ridetur
869 2827 980 2868 οικιαν.
995 2842 1039 2852 -
1055 2804 1115 2866 Teu
1138 2825 1290 2893 spurcum
1311 2815 1358 2870 est

178 2925 353 2993 definitivus
375 2926 466 3009 fieris.
492 2923 574 2993 Vide
590 2926 648 2993 Gr.
668 2946 737 3014 pag.
758 2929 835 2996 558.
856 2924 887 3008 β.
905 2966 948 2975 -
964 2929 988 2991 T
992 2953 1000 2991 ι
1017 2923 1241 3017 ακριὲεστερον,
1262 2927 1357 2993 Com·

179 3023 354 3140 paradeus,
385 3049 476 3115 tacito
503 3047 600 3115 altero
629 3050 869 3137 comparationis
901 3049 1061 3130 membru,
1091 3061 1125 3116 ut
1152 3068 1248 3137 supra
1275 3050 1354 3138 Cap.

179 3173 272 3241 XVI!
290 3198 297 3238 :
313 3174 368 3240 Ὦ.
388 3172 437 3245 Mu
455 3171 576 3260 πεισθῃς
592 3172 722 3252 (Passiv.
739 3176 815 3241 Aur.
831 3175 934 3258 (iuni.)
951 3198 1065 3250 αυτοις,
1082 3171 1115 3240 h.
1130 3192 1159 3240 a.
1175 3173 1225 3235 ὑπ’
1239 3196 1353 3236 αυτων.

179 3317 211 3385 q.
231 3293 263 3362 d.
282 3318 321 3362 ue
342 3298 567 3381 persuadearis
583 3296 620 3361 ud
636 3299 714 3363 attis.
729 3336 773 3346 -
791 3296 918 3372 Πλειους
941 3320 1189 3386 τεσσαρακοντα,
1210 3307 1357 3386 utsupra

178 3421 255 3512 Cap.
274 3421 320 3491 lV
338 3447 345 3487 :
365 3424 421 3490 Ἠ.
437 3459 480 3470 -
498 3421 645 3488 infinitivi
668 3445 772 3514 perpetu
793 3433 823 3489 et
842 3445 932 3499 πιειν,
956 3432 990 3488 ut
1011 3442 1057 3488 ιε.
1080 3422 1132 3488 12.
1149 3457 1194 3468 —-
1211 3417 1282 3483 Λπο
1300 3443 1357 3483 σου

180 3565 239 3612 nun
258 3556 303 3611 est
320 3543 516 3634 Periphrasis
535 3545 691 3626 Geritivi,
715 3545 769 3612 sed
792 3544 984 3632 significetur
1003 3546 1196 3629 promissum
1213 3542 1246 3633 (ἡ
1263 3565 1357 3633 ency-

177 3666 277 3759 yeiur)
294 3667 378 3756 quud
398 3671 434 3733 ub
459 3671 513 3735 itio
538 3668 749 3758 proiecturum
773 3669 950 3758 sperabant.
976 3670 1120 3735 Ceterum
1144 3665 1254 3734 confer
1278 3686 1357 3754 quae

136 3869 139 3873 ,
180 3803 280 3866 notata
297 3790 421 3860 suntad
438 3812 485 3860 vs.
506 3794 561 3875 tn,
581 3795 622 3860 15
639 3803 670 3859 et
687 3795 728 3861 id
745 3793 973 3860 antecedentes.

224 4017 370 4082 22-26.
398 4016 552 4081 Tribunus
570 4016 684 4099 icitur,
704 4022 792 4103 ctu).
811 4015 916 4102 Pergit
932 4016 1032 4082 Lucas
1053 4040 1060 4082 :
1078 4014 1239 4082 Tribunus
1256 4017 1358 4100 ipitur

179 4137 247 4228 (cuv
262 4141 423 4223 perpeutis
440 4137 470 4204 in
487 4136 666 4224 narrando),
685 4137 734 4205 his
750 4136 877 4219 auditis,
896 4137 1122 4206 adulescentem
1139 4157 1157 4203 a
1173 4157 1207 4204 se
1223 4135 1354 4218 dimisit,

178 4274 345 4349 postquem
363 4263 389 4329 ei
403 4266 616 4348 praecepisset
633 4259 879 4356 (παραγγειλας),
895 4282 932 4330 ue
944 4263 1090 4352 cuiquam
1106 4261 1224 4329 diceret
1236 4283 1270 4331 se
1282 4261 1359 4330 haec

178 4387 223 4454 iili
242 4399 314 4457 nota
329 4387 452 4457 facisse.
477 4389 618 4491 Cumque
635 4390 677 4454 ud
692 4410 724 4454 ee
739 4399 877 4455 vocasset
900 4385 1218 4478 (προσκαλεσαμενος)
1243 4387 1358 4457 Tribu-
