3074 5054
473 391 610 458 CAPUT
645 390 742 469 XXI,
781 391 901 458 Vuus.
940 393 1086 459 est-ns.
1301 392 1359 456 titt

182 577 225 644 de
240 579 357 645 rituum
374 577 584 645 Mossicorum
604 577 819 644 observatione
837 590 908 667 post
928 578 1087 647 Christum
1103 599 1240 669 passum.
1261 582 1361 668 Ergo,

179 701 359 790 improbata
375 700 434 768 hue
451 701 480 767 in
507 721 540 766 re
557 701 703 789 opinione
727 702 761 769 S.
784 701 987 788 Hiironymi,
1005 703 1040 770 S.
1056 704 1174 769 Ductor
1199 703 1245 770 sio
1260 702 1365 770 dicere

178 825 285 911 pergit
302 824 458 904 (Summae
477 825 509 904 l,
530 827 564 890 2.
583 825 624 909 Q.
654 826 737 904 tus,
759 826 827 891 Art.
850 823 905 905 bi:
933 824 1224 904 «convenientius,
1244 825 1362 912 inquit,

176 950 387 1030 Anapustinus
410 952 564 1014 distinavit
587 952 651 1014 tria
672 960 816 1032 tempora
841 971 850 1010 :
878 971 979 1016 unum
1002 953 1127 1035 viridem
1150 960 1223 1016 onte
1249 949 1367 1015 Christi

170 1074 380 1155 passionem,
401 1075 435 1137 in
454 1094 513 1158 quo
539 1073 654 1155 leyalia
678 1094 777 1157 neque
792 1085 882 1140 erant
898 1077 1084 1158 mortifera,
1103 1096 1201 1159 neque
1216 1087 1364 1156 mortua,-

176 1199 278 1261 aliud
301 1207 406 1262 autem
425 1207 498 1280 post
522 1209 641 1280 tempus
661 1199 827 1280 Evanyelii
848 1201 1022 1282 dividenti,
1039 1202 1074 1263 in
1090 1220 1149 1284 quo
1167 1202 1278 1283 levalia
1292 1211 1367 1266 svnt

176 1329 313 1384 ntortua
331 1332 360 1385 et
372 1324 538 1405 mortifera
544 1346 559 1404 5
580 1324 706 1387 tertium
731 1333 836 1387 autern
860 1334 907 1388 est
933 1334 1055 1406 tempus
1076 1325 1235 1400 medium,
1254 1326 1368 1390 scilicet

178 1466 205 1507 a
233 1445 381 1524 passione
410 1442 533 1508 Christi
559 1463 656 1527 vasque
688 1445 729 1508 ad
756 1445 1005 1527 divulqationem
1034 1445 1223 1526 Evanpelii5
1247 1447 1281 1508 in
1309 1465 1369 1529 quo

180 1567 303 1648 lepolia
324 1568 451 1650 viridem
471 1569 605 1650 fuerunt
630 1577 775 1650 marisca,
799 1571 876 1651 quia
901 1589 999 1652 oreque
1021 1570 1087 1633 vim
1111 1570 1252 1653 aliquam
1278 1570 1369 1634 hube-

179 1689 278 1769 baut,
299 1710 397 1773 oreque
424 1692 537 1774 aliquis
561 1711 598 1754 ea
624 1691 789 1755 obseroure
814 1693 992 1771 tenebatur,
1017 1713 1079 1757 raon
1105 1702 1211 1756 tomen
1235 1694 1369 1775 [evertunt

182 1815 375 1897 nnortifera5
389 1815 464 1898 quia
482 1816 547 1892 illi,
574 1817 630 1897 qni
649 1817 793 1879 conversi
809 1825 901 1881 eraut
924 1817 964 1879 ud
989 1814 1151 1880 Christum
1165 1835 1202 1878 erc
1217 1814 1366 1893 Iudaeis,

178 1949 337 2021 poterant
357 1939 412 2002 illu
434 1939 546 2020 lepalia
568 1940 652 2004 licite
674 1941 858 2022 observare,
874 1940 1042 2005 dummodo
1065 1961 1129 2005 non
1150 1942 1194 2004 sic
1212 1950 1369 2022 ponerent

185 2066 326 2145 spemin
344 2065 405 2142 eis,
423 2065 506 2147 qrrod
524 2085 560 2127 ea
576 2073 766 2146 reputarent
783 2066 841 2129 sibi
856 2068 1034 2130 necessaria
1052 2067 1257 2144 adsalutem,
1278 2067 1369 2148 quasi

186 2188 255 2251 sine
284 2187 429 2270 lepalibus
452 2188 530 2269 sides
556 2184 678 2252 Christi
706 2189 881 2269 iustificare
914 2209 979 2252 nvn
1006 2199 1122 2271 posset.
1153 2188 1215 2252 His
1244 2199 1366 2263 autem,

189 2313 245 2395 qui
260 2310 520 2376 convertebantur
543 2331 581 2374 eu
598 2308 782 2375 Gentilitate
799 2312 840 2374 nd
866 2310 1044 2394 Christum,
1065 2332 1128 2376 non
1153 2313 1259 2375 inerat
1275 2330 1370 2374 causa

188 2443 224 2497 nt
243 2454 281 2496 eu
303 2431 516 2498 observarent.
539 2434 584 2498 Et
605 2436 673 2498 ideo
695 2434 817 2500 Paulus
844 2437 1042 2501 circumcidit
1067 2434 1287 2512 Timotheum,
1313 2434 1369 2516 quvi

190 2577 227 2622 en
249 2567 353 2622 matre
376 2558 496 2621 Iudaea
515 2560 640 2640 venitus
663 2568 751 2636 erot;
771 2560 880 2624 Titum
903 2570 1026 2640 autem,
1052 2559 1109 2641 qui
1132 2579 1169 2620 en
1194 2554 1367 2620 Gentilibus

189 2692 282 2746 rietus
300 2690 385 2760 erat,
400 2682 622 2745 circumcidere
640 2684 753 2746 noluit.
773 2684 851 2747 Ideo
868 2694 972 2748 aretem
988 2684 1091 2747 noluit
1109 2680 1251 2764 Spiritus
1268 2679 1368 2745 Sanc·

190 2812 238 2869 tus
263 2805 427 2868 utstatim
453 2802 648 2868 inhiberetur
670 2805 739 2886 his,
759 2806 814 2888 qui
829 2826 867 2867 eve
894 2805 1070 2869 Gentilibus
1094 2803 1365 2880 convertebantur,

190 2928 362 2993 observatio
394 2929 559 3009 lepaliurn,
588 2929 669 2991 sicut
705 2927 903 2992 inhibebatur
936 2929 1003 3010 his,
1034 2929 1088 3010 qui
1119 2948 1157 2990 eor
1192 2925 1369 2991 Gentilibus

190 3051 468 3130 convertebantur,
495 3047 690 3114 Gentilitatis
715 3053 817 3134 ritus,
844 3061 880 3115 ut
901 3053 1055 3135 quaedam
1077 3051 1263 3133 differentia
1285 3052 1370 3114 inter

189 3177 245 3240 bos
260 3177 342 3239 ritus
366 3174 598 3238 ostenderetur.
617 3174 703 3239 Nam
729 3173 928 3239 Gentilitatis
946 3176 1030 3237 ritus
1048 3173 1275 3256 repudiabatur
1292 3182 1370 3236 tum-

190 3320 283 3384 qaam
309 3300 439 3363 enerviuo
464 3297 594 3362 illicitus
621 3307 649 3361 et
672 3319 692 3361 a
717 3299 783 3361 Deo
805 3317 927 3379 semper
946 3297 1125 3380 prohibitus
1132 3322 1147 3379 ;
1165 3299 1249 3362 ritus
1265 3306 1369 3391 autem

191 3423 281 3507 Lenis
304 3421 438 3486 cessabat
465 3431 622 3504 tanrquem
643 3423 791 3503 irrrpletus
814 3440 874 3502 per
900 3419 1021 3485 Christi
1041 3424 1243 3504 passionem,
1263 3430 1370 3503 utpote

192 3547 291 3612 aDeo
307 3549 341 3611 in
356 3547 496 3628 daurom
514 3544 640 3610 Christi
656 3547 835 3610 institutus.

236 3777 352 3842 27-99.
368 3775 453 3840 Deam
471 3785 575 3840 autem
595 3784 710 3857 septem
726 3776 791 3838 dies
811 3782 1122 3850 corvsumvvarentur,
1140 3770 1229 3860 etc.).
1252 3772 1371 3839 Graece

193 3896 244 3964 hic
268 3897 409 3964 dicitur:
432 3919 529 3982 qurum
558 3909 661 3961 autern
684 3901 830 3981 scutrarum
854 3907 932 3962 esset
955 3906 990 3961 ut
1014 3906 1132 3978 septem
1156 3898 1205 3961 illi
1231 3898 1298 3960 dies
1326 3893 1371 3976 (αἱ

193 4019 268 4085 ἑπτα
290 4020 417 4111 buenni)
438 4025 626 4106 finirentur.
649 4022 765 4089 Sensus
790 4033 835 4088 est
854 4042 861 4083 :
882 4022 986 4106 Quum
1012 4021 1139 4086 instaret
1161 4019 1231 4086 [inis
1252 4029 1371 4106 septem

192 4144 318 4212 illorum
343 4144 476 4212 dierum.
503 4184 548 4194 -
571 4144 786 4233 Intelliguntur
809 4158 929 4224 sutem,
956 4155 990 4212 ut
1015 4146 1075 4212 iarn
1102 4145 1280 4224 innuimus,
1305 4142 1372 4210 dies

192 4271 392 4337 stirsesuis
408 4270 601 4358 septidusni‚
621 4290 713 4358 quem
729 4270 844 4338 Paulus
860 4271 991 4338 voverit.
1006 4270 1064 4336 His
1081 4291 1154 4359 ergo
1167 4269 1277 4338 diebus
1294 4289 1373 4359 pene

193 4393 344 4482 euplum,
365 4393 489 4473 accidit,
507 4403 541 4460 ui
558 4395 674 4459 Iudaei
690 4393 808 4458 Asiutti
825 4391 868 4481 (oi
886 4417 945 4457 erro
964 4417 1013 4467 της
1036 4388 1135 4468 Aaron
1156 4389 1303 4476 leviaret)
1320 4394 1375 4478 qui
