3074 5054
181 397 247 463 320
529 390 664 458 AC'l'US
703 389 1038 470 APOSTOLORUM,

180 583 452 654 administrabatur
474 583 676 650 frumentum.
696 584 804 670 ltaque
827 581 866 648 ab
894 580 1006 649 inlesto
1030 580 1165 647 Herodis
1186 580 1290 647 animo
1313 600 1367 647 an·

178 719 278 767 nonae
294 699 456 789 penuriam
473 696 532 764 sibi
551 696 740 763 metuebant.

225 941 371 1007 21-22.
398 939 523 1004 Stotnto
547 948 653 1003 cotem
679 938 751 1015 die3
776 933 867 1020 etc).
891 935 1016 1000 Flavius
1039 934 1192 1024 Iosephus
1215 933 1365 1023 (Autiqq.

181 1062 251 1128 Lib.
276 1063 374 1142 XlX‚
393 1063 469 1150 Cap.
489 1062 565 1128 Vlll
586 1081 593 1122 :
614 1059 649 1144 i)
671 1070 791 1137 narrat,
811 1058 967 1125 Herodem
992 1070 1065 1126 tunc
1089 1059 1239 1147 temporis
1256 1059 1368 1124 Caesa-

182 1205 266 1252 ream
289 1186 466 1274 perexisse,
492 1196 525 1251 ut
554 1184 618 1251 illic
643 1182 818 1272 spectacula
843 1182 949 1249 ederet
970 1184 1000 1249 in
1027 1183 1176 1250 honorem
1202 1182 1366 1261 Caesaris3

181 1308 317 1376 secundo
356 1319 458 1375 autem
490 1306 739 1397 spectaculorum
778 1305 829 1372 die
861 1306 1022 1393 repentino
1058 1317 1237 1395 correptum
1269 1305 1368 1372 fuisse

181 1431 309 1508 morbo,
333 1452 371 1497 ex
394 1452 456 1519 quo
482 1430 589 1518 quinto
612 1439 682 1517 post
704 1428 754 1495 die
776 1439 917 1495 mortuus
941 1430 992 1496 sit.
1020 1432 1128 1517 ltaque
1150 1440 1272 1495 ototrrto
1297 1431 1367 1494 dier

179 1553 289 1643 (τακτη
305 1554 419 1643 ἡμερα)
441 1572 519 1642 quae
540 1552 592 1619 hic
616 1551 743 1633 dicitur,
761 1551 897 1618 secunda
914 1552 971 1618 luit
993 1551 1184 1619 edendorum
1203 1562 1368 1640 spectacu-

180 1677 293 1745 lorum.
321 1680 406 1744 llaec
421 1697 494 1765 ergo
510 1676 578 1744 dies
595 1675 738 1764 publicae
759 1676 927 1763 legatorum
951 1677 1075 1743 illorum
1093 1675 1275 1743 admissioni
1294 1675 1368 1742 des-

180 1803 273 1868 tinata
289 1801 399 1880 luerit,
418 1801 550 1889 ideoque
563 1800 644 1867 dicta
659 1820 676 1866 a
694 1801 778 1866 Luca
794 1798 862 1865 dies
878 1811 1008 1866 stolato.
1027 1838 1071 1848 —
1088 1801 1132 1867 Ea
1152 1800 1202 1867 die
1223 1798 1367 1866 Herodes

181 1934 262 1988 veste
288 1927 438 2007 indutas,
468 1935 501 1990 ut
525 1936 629 1990 narrat
652 1922 822 2012 Iosephus,
849 1935 914 1989 toto
938 1946 976 1988 eor
1001 1935 1133 2007 arpenta
1139 1973 1152 2007 ,
1181 1926 1369 1989 admirabili

181 2069 274 2131 opere
296 2055 466 2129 contram,
484 2068 556 2114 cum
583 2050 715 2112 sedisset
737 2045 893 2135 (καθισας)
916 2051 951 2113 in
972 2051 1132 2132 anppeotn'
1150 2049 1263 2116 sivein
1286 2047 1367 2116 solio

180 2171 244 2261 (επι
261 2195 314 2235 του
331 2169 493 2261 βηματος),
509 2174 631 2256 publice
653 2172 747 2237 verbo
762 2173 898 2255 sociebnt
920 2156 1122 2262 (einp-nyma)
1140 2172 1177 2239 ad
1194 2174 1367 2259 Tyriorum

181 2306 211 2361 et
226 2295 425 2362 Sidoniorum
443 2296 557 2382 legatos
574 2296 662 2384 (προς
677 2294 811 2380 corono).
830 2294 911 2360 Tum
927 2314 1002 2360 uero
1018 2295 1214 2361 concionanti
1232 2294 1271 2361 ab
1289 2293 1367 2362 adn-

182 2417 289 2486 latrice
312 2420 508 2487 multitudiue
530 2418 734 2486 acclamatum
755 2428 802 2484 est
821 2443 829 2484 :
847 2419 911 2483 Dei
926 2439 986 2482 oon
1002 2420 1078 2482 boec
1103 2429 1165 2498 est,
1184 2438 1248 2483 lton
1263 2420 1368 2483 bomi-

180 2543 251 2609 nis!
268 2543 416 2611 Divinum
432 2563 505 2631 erga
523 2541 673 2609 honorem
689 2540 735 2606 illi
753 2539 909 2608 tribuebat
923 2538 1117 2606 adulatorum
1134 2539 1186 2605 illa
1203 2538 1304 2607 turba.

227 2785 283 2852 23.
311 2786 483 2871 Confestim
510 2799 613 2853 antem
639 2789 796 2870 percussit
827 2808 898 2852 enm
924 2788 1084 2870 nepetae,
1110 2785 1200 2872 etc).
1231 2787 1365 2876 lmpiam

180 2908 387 2977 adulationem
417 2911 558 2978 Herodes
582 2911 709 2977 minime
737 2911 877 2999 respuit,
902 2910 956 2977 sed
984 2910 1141 2990 admisit⁵3
1170 2923 1218 2979 ast
1243 2913 1365 2979 crimen

181 3030 242 3098 hnc
269 3052 342 3100 mox
375 3044 481 3100 secuta
515 3046 562 3101 est
594 3033 697 3101 divina
731 3033 828 3112 ultio,
858 3054 956 3121 eaque
990 3033 1151 3102 terribilis.
1186 3036 1366 3120 Con[eatim

180 3175 313 3244 nemque
340 3158 476 3246 superbo
505 3156 623 3225 homini
657 3157 786 3225 morbus
818 3156 1017 3224 foedissimus
1047 3157 1155 3245 Angeli
1188 3158 1366 3228 ministerio

180 3280 328 3347 divinitus
351 3281 409 3348 fuit
433 3282 610 3360 immissos,
634 3305 667 3349 eo
688 3280 772 3368 qndd
795 3304 859 3347 nort
884 3284 1021 3347 dedisset
1040 3284 1192 3348 bonorem
1215 3285 1299 3367 Deo,
1330 3284 1365 3352 id

179 3416 242 3483 est,
261 3403 344 3493 quod
360 3405 450 3472 tacite
465 3404 662 3472 assentiendo
678 3403 879 3493 blasphemae
895 3405 1108 3471 acclamationi
1125 3425 1235 3493 passus
1252 3405 1365 3475 luisset

177 3527 327 3594 honorem
356 3526 414 3594 sibi
440 3528 554 3610 tribui,
579 3530 631 3617 qui
660 3529 718 3596 soli
747 3530 815 3595 Deo
840 3537 1043 3616 competeret.
1067 3567 1111 3578 -
1132 3528 1203 3592 Aad'
1227 3533 1287 3608 ὡν,
1317 3540 1365 3598 tot

176 3651 248 3718 locu
265 3654 435 3735 donrooor,
456 3651 507 3718 dat
523 3650 586 3737 hij,
610 3663 670 3718 etc.

178 3813 373 3823 ———--

210 3911 229 3978 ¹)
247 3914 356 3980 Antiqq.
377 3913 432 3963 Lib.
450 3913 527 3976 XIX,
545 3913 607 3979 Cap.
624 3914 700 3965 Vlll:
717 3916 742 3966 i.
824 3912 844 3978 ⁸)
862 3899 982 3964 nodcinit
1010 3913 1115 3966 Flavius
1142 3914 1267 3980 losepbus
1290 3914 1362 3981 (bu-

176 3977 304 4058 Στολην,
319 3997 415 4061 inqua,
427 3976 628 4066 ενδυσαμενος
645 3979 674 4055 εξ
691 4005 743 4071 ap·
790 3997 856 4061 oqq.
888 3997 942 4046 nin.
970 3997 1043 4060 xix,
1074 3997 1137 4062 cap.
1165 3998 1221 4048 suu
1252 4013 1258 4048 :
1289 3999 1320 4063 a)
1353 4014 1359 4049 :

175 4093 267 4160 pnpov
303 4093 502 4156 πεποιημενην
541 4093 661 4154 πασαν,
701 4077 741 4146 ὡς
786 4063 852 4126 Ουκ
885 4060 1047 4141 επεπληξε,
1073 4079 1175 4144 inquil,
1196 4088 1316 4139 τουτοῑς
1345 4072 1362 4131 ὁ

174 4161 344 4248 Θαυμασιον
360 4184 412 4236 την
431 4162 505 4252 {epm
523 4183 609 4224 ειναι.
788 4158 943 4245 βασιλευς,
959 4159 1027 4225 ende
1039 4185 1091 4236 την
1107 4161 1267 4226 roboreum
1286 4187 1362 4227 ασε-

786 4247 902 4335 βουσαν
920 4251 1120 4340 απετρεψατο.
1138 4269 1164 4319 n.
1182 4283 1204 4319 e.
1224 4287 1236 4312 o
1256 4270 1291 4320 nt
1312 4283 1363 4321 rex

206 4345 226 4411 ²)
243 4331 423 4416 Bnpnetiam
442 4344 475 4397 dc
494 4343 624 4396 tribunali
634 4343 739 4409 dicitur,
786 4360 873 4413 neque
894 4348 952 4400 illos
970 4347 1131 4414 obiurgavit;
1145 4364 1231 4416 neque
1248 4350 1361 4417 impiam

173 4428 219 4479 ubi
229 4427 317 4492 agitur
328 4427 360 4480 de
371 4427 474 4480 iudiciis
485 4426 647 4479 exercendis.
786 4441 878 4480 corum
890 4429 1066 4484 adulationem
1079 4432 1176 4484 reiecit.
1191 4451 1204 4477 n
