3074 5054
176 402 241 469 598
516 399 650 468 AGTUS
684 399 1017 479 Arosvunuuuul,

219 592 253 657 5.
278 591 324 657 Et
343 611 414 656 cam
436 593 595 657 venissent
616 591 835 669 Salaminam,
854 588 945 677 eto).
969 591 1114 658 Graece:
1133 612 1184 651 aaa
1200 611 1353 677 paropsiae

174 737 203 778 ev
220 710 391 799 Σαλαμινι,
411 713 494 802 quod
519 726 603 781 eerte
624 714 711 782 reddi
736 724 836 803 potest
856 733 864 774 τ
883 735 953 780 anm
978 723 1080 779 essent
1094 713 1259 778 Salamine
1265 739 1280 796 ;
1297 713 1354 780 sed

175 848 303 926 possunt
326 856 449 925 quoque
465 857 501 904 ea
519 837 611 905 verba
633 837 748 904 habere
773 857 916 916 sensum,
944 856 1036 923 quem
1059 835 1170 903 iisdem
1195 837 1354 923 Interpres

175 969 280 1027 noster
295 960 438 1027 subiecit.
461 961 540 1027 Nam
564 963 697 1050 γενεσθαι
719 962 757 1030 de
779 964 932 1028 aeaieaalo
958 964 1111 1028 inlocum
1136 962 1235 1027 Lucas
1260 960 1353 1026 etiam

175 1057 834 1174 auuerxrttvtaeuv.eap.xaa;xxu
850 1108 857 1150 ι
875 1087 1193 1165 namaxxrar,
1208 1082 1353 1161 aarum

176 1209 294 1276 XXV:
313 1207 387 1296 15);
405 1219 435 1274 et
458 1208 597 1277 Verbum
621 1212 723 1276 mattas
748 1229 979 1297 nonnumquam
1002 1198 1142 1276 construi
1164 1227 1234 1275 eum
1257 1209 1356 1273 Prae·

178 1333 331 1423 positione
358 1355 407 1413 ev,
436 1333 508 1401 alibi
529 1333 584 1423 (ad
605 1337 681 1424 Cap.
701 1337 760 1404 Vll
782 1361 789 1402 ι
812 1338 866 1421 lb)
895 1336 955 1402 iam
983 1336 1172 1403 monuimus.
1191 1373 1235 1382 —
1252 1337 1356 1422 Apes·

178 1457 250 1523 talis
273 1455 415 1523 Seleuoiei
441 1477 517 1524 nave
541 1459 636 1526 vertis
663 1460 804 1549 proxima
828 1470 894 1526 erat
921 1460 1017 1548 Cypri
1045 1461 1120 1527 urbs
1149 1459 1298 1540 Salamis,
1323 1471 1357 1526 ut

180 1600 259 1670 quoe
279 1581 337 1647 sile
359 1591 425 1647 eret
447 1581 478 1647 in
503 1583 604 1650 littore
629 1584 695 1651 eius
712 1584 830 1651 insulae
846 1583 1000 1651 orientali.
1028 1582 1145 1650 Urbem
1170 1594 1357 1649 terraemotu

178 1705 326 1793 delnoeps
342 1725 480 1772 eversam
495 1708 713 1775 Constantinus
730 1710 775 1775 M.
791 1707 1012 1782 reaedificavit,
1030 1706 1068 1773 ab
1084 1726 1185 1794 eoque
1200 1706 1281 1773 dieta
1299 1706 1358 1772 luit

181 1828 376 1907 Constantia3
399 1829 488 1896 euius
511 1831 598 1898 urbis
621 1832 832 1920 episcopatum
855 1829 1020 1920 aliquanda
1041 1831 1136 1918 gessit
1156 1831 1190 1899 S.
1217 1829 1359 1918 Epipha-

181 1953 264 2020 nius

226 2078 490 2159 praedicaverant
513 2077 641 2141 verbam
670 2078 731 2141 Dei
760 2081 795 2141 in
820 2081 988 2162 synapapis
1019 2071 1237 2152 Indaeorum).
1267 2074 1357 2140 Missi

184 2199 310 2289 quidem
326 2210 412 2265 erent
434 2210 468 2265 ut
484 2200 683 2288 Evangelium
707 2200 859 2269 Gentibus
880 2200 1111 2290 praedicarent,
1130 2198 1185 2266 sed
1200 2199 1240 2265 ita
1257 2208 1360 2266 lamen

184 2331 217 2388 ut
233 2320 331 2389 sioubi
358 2321 437 2408 inter
461 2322 575 2389 Gentes
601 2321 773 2389 babitarent
796 2324 918 2402 ludaei,
931 2326 1077 2408 prienam
1093 2325 1141 2387 bie
1159 2319 1361 2408 Evangelium

183 2444 417 2513 annunciarent.
443 2443 525 2511 Vide
548 2445 628 2512 inlre
650 2445 689 2512 ed
712 2467 760 2514 vs.
785 2448 840 2513 lu.
867 2445 963 2512 Paulo
989 2456 1018 2511 et
1041 2443 1199 2511 Barnabae
1221 2445 1363 2510 loannes

184 2568 317 2634 Marone
341 2566 447 2656 (supra
470 2569 532 2634 Xll
563 2593 571 2635 :
604 2566 661 2656 lb)
684 2567 789 2635 ederat
816 2579 972 2658 tamquam
1000 2569 1147 2633 minister
1172 2565 1359 2658 (ὑπηρετης).

182 2693 358 2762 Putaverim
374 2704 489 2772 autem,
506 2712 680 2761 sermonem
698 2691 750 2758 hio
765 2713 833 2760 esse
846 2692 884 2759 de
901 2714 991 2758 sacro
1008 2694 1206 2775 ministerio,
1226 2691 1266 2758 ob
1282 2692 1362 2758 Par·

185 2817 310 2885 tieulem
326 2816 410 2883 illam
432 2841 484 2880 aaz
506 2817 537 2882 in
563 2814 620 2883 bae
644 2815 782 2882 oratioue
801 2837 808 2879 :
830 2817 950 2881 Paulas
967 2827 995 2882 et
1011 2817 1180 2882 Barnabas
1194 2817 1362 2899 praediea-

184 2943 276 3025 bant,
300 2941 453 3007 natabant
478 2952 584 3006 antem
611 2961 646 3006 ur
673 2937 751 3028 (aar)
779 2940 933 3006 Ioannem
962 2952 1122 3026 tamqnam
1150 2942 1362 3020 ministrnm

185 3086 256 3134 uem
278 3065 345 3132 eius
368 3064 515 3131 orationis
537 3062 589 3130 bie
611 3062 736 3130 omuino
764 3061 886 3130 videtur
909 3083 978 3130 esse
1005 3083 1114 3129 seusus
1134 3087 1141 3129 ε
1162 3064 1196 3128 ln
1219 3062 1363 3130 doctrino

186 3189 368 3278 Evangelioe
390 3187 544 3255 Salamine
564 3186 774 3276 promovenda
794 3207 855 3253 non
880 3187 939 3253 soli
961 3196 1047 3253 erent
1068 3186 1182 3253 Paulus
1199 3197 1227 3252 et
1243 3187 1363 3252 Berua-

187 3311 260 3393 beS,
279 3312 393 3403 primas
414 3311 485 3379 lieet
506 3319 609 3400 partes
631 3330 665 3376 ea
689 3310 719 3376 in
742 3330 776 3377 re
798 3320 939 3398 agerent;
957 3309 1012 3377 sed
1035 3320 1066 3376 et
1088 3312 1216 3377 loannes
1234 3310 1364 3376 Morcus

187 3448 341 3526 tamquam
364 3435 476 3503 horum
500 3433 640 3502 minister
662 3454 788 3523 operam
809 3454 897 3501 suam
921 3434 965 3501 illi
991 3435 1035 3501 rei
1060 3432 1245 3522 praestabat.
1264 3471 1310 3481 -

233 3686 265 3750 6.
283 3683 328 3748 m
343 3702 414 3747 errat
427 3681 700 3764 perambulassent
719 3675 911 3744 nniversam¹
930 3679 1070 3743 insulam
1087 3699 1183 3763 usqne
1198 3679 1365 3764 Paplrnne,
1401 3652 1405 3659 ι

188 3805 279 3895 eta).
300 3804 384 3874 Urbs
401 3803 525 3894 Paphos
541 3804 598 3870 sita
619 3814 685 3869 erat
701 3803 731 3869 in
748 3802 843 3891 Cypri
865 3802 967 3869 littore
989 3803 1182 3870 occidentali.
1203 3806 1311 3892 ltaque
1328 3805 1369 3871 ab

189 3940 259 3997 ortu
279 3928 318 3995 ad
342 3948 486 3996 oceasum
509 3938 600 3994 tatem
629 3926 761 3993 insulam
786 3925 926 4015 Apostoli
952 3938 1205 4016 peragraverunt,
1227 3926 1368 4016 ubique,

188 4055 273 4145 quod
295 4076 334 4122 ex
354 4066 495 4124 contexta
516 4049 655 4122 oratioue
675 4059 733 4142 (vs.
757 4055 796 4132 5,
819 4053 854 4137 6)
882 4053 1081 4140 intelligitur,
1105 4053 1261 4140 Evangelii
1290 4053 1371 4123 doo-

192 4251 362 4263 *ιιι-

222 4369 241 4433 ¹)
259 4369 323 4420 Van.
336 4383 407 4420 aner.
424 4368 481 4421 Vox
495 4350 564 4427 ὃλην
590 4364 761 4429 (nniversam)
779 4363 873 4428 legitur
890 4364 918 4416 in
937 4363 1016 4417 Codd.
1040 4363 1161 4425 ARCDE,
1183 4361 1314 4429 Vulgata,
1344 4370 1372 4418 et

188 4459 216 4513 iu
228 4457 360 4530 plerisque
372 4456 535 4512 versionibus
547 4458 672 4526 antiquis.
