3074 5054
190 347 234 412 sn
527 346 661 416 nurus
696 344 1023 450 nrosrononuu.

187 534 282 631 ductu
309 536 399 602 restis
427 535 466 603 ad
493 536 658 624 ingluviem
689 537 833 604 adstricta
867 539 995 627 spiritds
1026 538 1127 605 officia
1153 538 1365 616 discluderet,

186 669 312 747 repente
336 660 435 748 putris
455 659 569 748 alioqui
596 670 626 726 et
648 672 736 728 retus
761 662 843 728 lunis
866 664 1033 752 rumpitur,
1053 676 1145 752 atque
1166 684 1222 752 ego
1244 665 1283 732 de
1303 665 1366 733 alto

185 780 350 863 decidens,
368 783 398 848 in
418 794 529 850 terram
546 783 737 853 devolvor.»
763 788 827 853 lam
851 786 1061 854 Oecumeuius
1087 799 1280 876 praesentem
1303 788 1366 854 dif-

184 907 351 976 ficultatem
372 931 408 977 eo
425 910 517 978 modo
533 912 635 978 solvit.
661 913 870 994 «Sedenim,
897 918 1020 1000 inquit,
1041 934 1137 1003 quum
1154 935 1241 982 sacra
1258 916 1366 982 Evan-

182 1029 260 1119 gelia
288 1031 406 1114 dicant,
432 1054 503 1100 eum
532 1034 759 1122 praefocatione
786 1047 839 1105 aut
870 1037 1038 1126 suspendio
1067 1059 1178 1117 usum,
1209 1039 1281 1106 licet
1309 1037 1365 1106 hic

182 1156 416 1245 praecipitatum
441 1156 536 1224 luisse
552 1169 708 1237 asserant,
727 1170 756 1227 et
780 1180 993 1248 quaecumque
1017 1160 1164 1249 deinceps
1181 1171 1363 1238 narrantur,

154 1294 156 1299 ·
181 1279 259 1346 nihil
275 1301 312 1346 ex
329 1280 389 1347 hoc
407 1280 614 1347 dissonantiae
630 1284 846 1371 consequitur3
866 1295 1033 1372 utrumque
1050 1285 1132 1351 enim
1150 1284 1265 1352 lactum
1285 1295 1333 1351 est
1353 1306 1361 1346 ε

180 1405 337 1474 confracto
362 1425 495 1494 namque
523 1407 660 1475 funiculo
689 1429 750 1498 quo
779 1407 972 1498 praefocatus
1000 1422 1086 1490 erat,
1110 1411 1149 1478 ita
1173 1409 1362 1499 praecipitio

180 1527 211 1595 in
229 1539 341 1597 terram
359 1529 473 1597 decidit
488 1550 524 1597 ac
540 1533 673 1620 crepuit.
694 1559 707 1589 ι

226 1778 279 1843 19.
306 1777 349 1841 Et
365 1786 474 1841 notum
489 1778 610 1859 factum
624 1770 697 1857 est).
717 1771 950 1860 Hierosolymae
966 1775 1057 1862 vulgo
1074 1775 1222 1853 innotuit,
1241 1796 1358 1858 aprum

180 1901 273 1965 illum
294 1902 387 1984 liquid
408 1903 443 1965 m
466 1901 667 1982 sepulturam
684 1901 929 1981 pereprinorom
949 1898 1075 1987 (Matth.
1100 1901 1226 1966 XXVII
1251 1926 1258 1967 :
1283 1900 1320 1987 7)
1343 1921 1361 1968 a

178 2022 332 2109 Synedrio
349 2034 486 2111 emptum
503 2022 599 2089 luisse
616 2023 747 2111 pecunia
763 2022 833 2102 illa,
853 2042 943 2111 quam
966 2023 1057 2089 ludas
1081 2022 1267 2111 proditionis
1283 2043 1359 2090 suae

177 2147 357 2214 mercedem
373 2167 391 2214 a
405 2146 597 2232 Synedristis
613 2155 793 2234 acceperat,
814 2156 906 2233 atque
922 2145 998 2212 adeo
1021 2165 1055 2212 ea
1080 2165 1130 2212 res
1154 2147 1245 2233 uulgo
1271 2144 1360 2211 inno.

177 2270 251 2350 tuit,
276 2272 509 2355 coappellatum
534 2274 636 2355 suerit
662 2269 755 2359 (ὡστε
783 2268 940 2358 aleremur)
967 2289 1039 2357 ager
1066 2270 1118 2337 ille
1146 2270 1250 2358 lingua
1278 2272 1360 2358 ipso·

177 2412 247 2459 rum
282 2395 491 2462 Hoceldcmo.
529 2395 647 2482 Lingua
682 2395 964 2482 Hierosolymitana
992 2394 1052 2461 dici
1082 2403 1183 2482 potest
1209 2394 1360 2462 dialectos

177 2516 328 2584 Aramaea
357 2517 534 2598 orientalis,
553 2519 603 2584 cui
628 2518 780 2586 admixtae
809 2529 895 2585 erant
916 2519 1032 2586 formae
1053 2537 1208 2606 vocesque
1231 2518 1359 2606 proprie

176 2644 374 2712 Hebraioae'.
394 2648 441 2712 Ex
465 2665 500 2712 ea
523 2644 653 2712 dialecto
678 2657 724 2712 est
747 2667 806 2712 vox
831 2645 1016 2711 llaceldama
1040 2639 1254 2732 (Ακελδαμα),
1276 2662 1357 2730 quae

174 2768 354 2835 scribitur:
385 2783 444 2853 sap
462 2767 524 2854 ipit!
552 2768 636 2856 quod
663 2769 815 2856 significat
838 2795 845 2834 :
871 2792 947 2853 oper
973 2770 1138 2852 sarmaticis
1167 2766 1221 2852 (de
1250 2769 1355 2832 blood-

174 2891 295 2978 oltlcor).
315 2890 350 2957 ld
367 2890 501 2957 nominis
525 2890 694 2978 putandum
711 2901 758 2957 est
774 2891 818 2957 illi
842 2910 914 2978 agro
937 2890 1033 2957 fuisse
1057 2890 1236 2978 impositum
1258 2911 1353 2958 nona

174 3013 347 3100 synedrio,
378 3013 433 3080 sed
464 3033 481 3080 a
515 3014 626 3101 vulgo,
657 3024 784 3102 propter
812 3033 952 3102 sparsam
981 3014 1024 3078 rei
1053 3013 1205 3080 notitiam.
1235 3012 1352 3079 Sensus

174 3148 276 3203 autem
298 3136 365 3202 eius
389 3136 522 3202 nominis
544 3135 666 3202 videtur
689 3156 756 3202 csse
778 3136 830 3202 hic
849 3162 857 3202 :
875 3155 947 3223 ager
968 3147 1090 3224 emptus
1107 3135 1258 3224 pecunia,
1273 3155 1352 3223 quae

108 3320 112 3329 .
173 3269 330 3348 tamquam
347 3279 466 3326 merces
489 3259 556 3326 data
578 3257 635 3325 luit
652 3259 691 3325 ob
708 3257 863 3348 proditum
887 3257 1059 3326 hominum.

220 3505 275 3571 20.
301 3504 377 3569 Post
392 3501 590 3591 parenthesin
616 3502 812 3581 historicam,
831 3522 923 3590 quam
940 3502 1094 3584 diximus,
1112 3505 1280 3571 resumitur
1298 3503 1351 3570 hio

174 3625 329 3693 recitanda
351 3627 433 3692 Petri
458 3626 567 3692 oratio.
595 3627 759 3711 Scriptum
782 3636 827 3692 est
850 3629 937 3691 cotim
962 3630 997 3691 irc
1021 3628 1101 3692 libro
1119 3628 1348 3692 Psalmorum:

172 3751 250 3815 Fiat
277 3753 501 3829 commoratio,
535 3760 594 3817 etc.
628 3750 765 3838 Allegata
793 3749 845 3816 hic
871 3770 889 3816 a
916 3751 1008 3817 Petro
1041 3751 1133 3818 verba
1165 3749 1348 3839 prophetica

174 3874 312 3942 desumta
336 3886 407 3941 sunt
423 3875 534 3963 partim
555 3894 592 3940 ex
609 3875 732 3942 Psalmo
749 3875 792 3941 68
808 3872 921 3961 (Hebr.
944 3873 1015 3961 69),
1033 3895 1080 3941 rs.
1100 3877 1161 3951 26,
1181 3874 1292 3961 partim
1310 3893 1348 3940 ex

207 4135 226 4200 1)
243 4135 414 4200 Dignissimae
426 4174 431 4198 ,
444 4149 511 4201 quae
527 4135 569 4187 hic
587 4148 737 4188 memoren·
781 4134 821 4187 da‘
843 4134 923 4200 tempi
942 4134 981 4186 de*
999 4133 1143 4196 Maccabei;
1163 4133 1346 4187 Dissertazioni

173 4217 225 4280 tur,
238 4223 301 4270 sunt
315 4218 521 4282 dissertationes,
536 4219 633 4285 quibus
645 4218 737 4270 titulus
781 4219 822 4272 del
845 4219 946 4271 dottorc
968 4216 1172 4271 Giambernardo
1201 4217 1233 4270 dc
1262 4217 1344 4270 Rossi.

174 4302 213 4350 est
231 4316 236 4351 :
253 4303 324 4354 Della
344 4303 433 4366 lingna
454 4303 560 4369 propria
577 4303 603 4354 di
621 4304 736 4355 Cristoe
781 4303 873 4353 Parma
885 4301 960 4352 ⁴772.

174 4381 242 4446 degli
266 4385 342 4438 Ebrei
366 4385 493 4438 nazionali
516 4384 583 4438 della
607 4386 735 4439 Palestina
