3074 5054
176 421 241 486 542
517 415 650 482 ACTUS
686 418 1018 498 APOS'IOLORUM,

174 608 352 676 Dauidicae.
379 606 638 673 pollicitationem
668 606 747 675 lianc
776 610 841 696 (aaa
864 610 1061 701 saappalnao)
1084 609 1199 676 Paulas
1228 606 1362 696 respicit

175 731 254 798 inlra
278 752 323 797 vs.
344 732 398 797 52.

218 859 306 942 Quae
321 875 368 921 ss.
387 856 430 922 25
448 865 477 921 et
494 857 537 921 id
555 853 714 936 dicuntur,
729 877 788 922 una
810 870 880 923 sant
897 857 1059 946 perioduS,
1075 877 1166 946 quam
1183 877 1220 922 ex
1237 857 1361 925 Graeco

174 980 223 1046 six
239 979 330 1066 paulo
348 977 476 1044 liberius
493 976 682 1044 reddiderim
704 1005 711 1045 :
730 982 784 1044 an
800 983 892 1045 dairas
909 979 1069 1068 (Doridis)
1088 981 1208 1043 semine
1232 974 1363 1065 (stirpe)

175 1106 277 1182 Deus,
296 1104 465 1167 secandam
488 1105 755 1186 promissionem,
771 1104 932 1169 Israelitis
948 1105 1005 1192 (τῳ
1023 1099 1149 1191 Ισραηλ)
1167 1104 1363 1166 salvatorem

175 1233 240 1296 sine
258 1230 410 1294 Moesiam
432 1230 518 1293 misit
542 1227 671 1316 (aqayel,
690 1230 839 1307 addiscit,
866 1227 968 1314 arari),
996 1249 1107 1311 nempe
1124 1229 1232 1293 Iesam
1249 1228 1362 1291 Naza-

176 1375 309 1436 renam,
333 1364 500 1438 postquam
528 1362 599 1415 aate
626 1359 695 1441 (apo
719 1375 895 1441 apaaaaoo,
925 1352 1008 1440 aab)
1035 1354 1262 1435 dimissionem
1291 1350 1361 1438 (της

177 1477 296 1545 standon
324 1478 433 1569 aaran)
456 1479 549 1546 huius
578 1479 608 1544 iu
634 1480 772 1546 muneris
798 1480 845 1546 sui
871 1479 1079 1559 functionem,
1104 1481 1241 1545 Ioannes
1262 1481 1360 1561 prias

176 1609 390 1689 praedicasset
406 1602 499 1693 (Aor-
523 1600 761 1694 προκηρυξαντος
778 1604 923 1689 Ioannou)
940 1605 1130 1687 baptismam
1146 1605 1360 1687 poeniteutiae

176 1726 248 1816 (een
265 1723 434 1813 boetdoop)
449 1731 535 1808 qenti
549 1725 743 1790 Israeliticae
760 1728 938 1790 aaioersae.

223 1849 315 1935 Quod
331 1849 445 1916 dicitur
460 1871 552 1938 ayaye
568 1873 611 1933 τῳ
625 1847 739 1938 lapan),
758 1848 864 1939 [Vulg.
881 1851 990 1913 adunit
1006 1846 1138 1934 Issaei),
1157 1867 1217 1912 non
1234 1857 1280 1912 est
1298 1847 1361 1914 lroc

180 1968 374 2036 referendum
402 1970 440 2035 ad
465 1970 705 2037 incarnationem
736 1972 853 2049 Verbi,
878 1970 933 2037 sed
960 1970 997 2037 ad
1025 1969 1100 2035 illud
1132 1969 1268 2057 tempus,
1296 1991 1361 2057 quo

181 2096 284 2171 lesus,
304 2104 467 2182 postquam
484 2094 515 2159 in
533 2094 663 2161 Iordane
682 2095 851 2184 baptizatus
869 2108 950 2162 esset
962 2116 979 2162 a
993 2097 1125 2171 Ioanne,
1141 2114 1216 2160 roae
1232 2092 1361 2181 delapsa

181 2217 322 2296 canalis,
347 2217 496 2283 lsraiilitis
520 2217 621 2306 palam
651 2219 807 2286 exhibitus
825 2220 882 2286 luit
899 2221 1133 2306 declaratusque
1149 2219 1254 2282 Filias
1275 2219 1358 2300 Dei,

182 2339 304 2427 qualem
329 2338 394 2405 lore
410 2341 556 2407 Messinm
583 2340 686 2408 ludaei
704 2354 790 2408 erant
814 2343 939 2410 edocti².
961 2343 1032 2409 Vid.
1055 2341 1164 2409 lllatth.
1190 2342 1265 2429 Cap.
1286 2342 1359 2407 lll:

182 2463 495 2557 7-173Marclr
520 2467 646 2546 a-rm
674 2469 751 2533 Luc.
777 2469 849 2534 lll:
876 2470 1019 2535 l5—l7.
1047 2469 1153 2554 ltaque
1176 2486 1278 2533 sermo
1309 2465 1363 2532 hic

184 2600 228 2655 est
252 2589 291 2654 de
315 2610 482 2677 progressu
507 2592 577 2656 lesa
600 2591 631 2657 in
654 2593 831 2681 pulrlicum,
858 2595 922 2660 sive
947 2593 984 2660 de
1016 2594 1206 2682 ingressione
1232 2594 1300 2659 eius
1331 2595 1362 2659 in

184 2713 322 2779 muneris
349 2713 397 2779 sui
426 2712 629 2780 functionem.
656 2717 695 2781 Et
718 2717 850 2803 postulat
874 2717 1157 2805 interpretationem
1186 2716 1265 2783 hano
1288 2738 1361 2786 con·

184 2851 263 2906 texta
281 2840 398 2918 oratio;
414 2859 483 2906 nam
509 2840 540 2906 id
565 2842 648 2929 quod
671 2843 707 2908 de
726 2846 794 2910 lesu
821 2844 872 2909 lrio
898 2845 1013 2912 dicitur
1027 2844 1134 2935 (ayaqe
1158 2869 1201 2928 τῳ
1218 2844 1363 2933 ispani),

183 2964 294 3031 accidit
323 2964 383 3031 lroc
405 2977 574 3051 postquam
594 2948 731 3034 Ioannes
750 2973 845 3053 prius
866 2973 1081 3054 praedicasset
1108 2967 1365 3061 (προκηρυξαντος

181 3085 339 3175 Ioannou),
358 3126 402 3135 —
419 3089 467 3154 De
484 3090 608 3156 loannis
625 3091 678 3158 illo
695 3093 852 3175 baptisma
869 3097 1078 3177 poenitentiae
1102 3094 1208 3181 paucis
1225 3092 1367 3162 diximus

120 3241 124 3247 ⁴
184 3209 222 3277 ad
238 3211 314 3297 Cap.
333 3210 342 3275 l
362 3230 369 3271 :
391 3213 427 3290 5,
446 3209 588 3298 pluribus
605 3213 644 3281 de
660 3235 693 3279 re
709 3214 821 3280 dicturi
840 3214 877 3280 ad
895 3214 1040 3280 Matthaei
1058 3217 1134 3303 Cap.
1155 3215 1199 3279 lll.

230 3456 285 3522 25.
314 3455 419 3533 Qaram
438 3456 600 3536 impleret,
618 3462 706 3544 eta).
726 3456 844 3523 Graece
861 3439 1007 3547 eal-apoc,
1027 3457 1056 3520 in
1076 3457 1281 3544 Imperlecto,
1302 3479 1367 3547 quo

186 3588 275 3644 actus
298 3578 418 3645 sistitur
440 3589 594 3666 tamquam
619 3583 797 3646 coritianos.
817 3581 924 3669 ltaque
948 3601 1058 3648 sensus
1077 3591 1122 3646 est
1141 3601 1148 3641 :
1168 3582 1245 3647 Cum
1261 3593 1366 3648 autem

186 3700 274 3789 (toea
302 3704 356 3784 aa)
385 3703 513 3768 loannes
544 3703 710 3770 conficeret
737 3727 865 3771 cursam
892 3728 983 3772 suam
1012 3714 1073 3793 (aar
1103 3683 1242 3795 dpopan),
1271 3707 1305 3785 (i.
1335 3729 1363 3774 e.

188 3825 288 3892 obiret
314 3845 405 3891 suum
432 3827 651 3894 Praecursoris
679 3828 820 3916 manus),
850 3829 972 3896 dicebat
992 3856 998 3896 ι
1022 3833 1090 3909 llle,
1121 3850 1287 3918 quemnam
1317 3851 1367 3897 rna

222 4065 240 4131 ¹)
258 4065 321 4116 Van.
342 4079 411 4114 urar.
431 4064 480 4115 Pro
492 4071 588 4138 npetpe
604 4077 644 4124 ess
660 4076 751 4140 qpape
797 4072 868 4120 cam,
883 4072 935 4125 qua
954 4060 1110 4110 sententiam
1129 4058 1207 4122 vulgo
1219 4062 1365 4125 receptam,

188 4149 216 4199 in
236 4145 316 4198 Codd.
341 4147 413 4208 ABE,
433 4147 564 4212 variisque
582 4147 749 4210 Minasaalis;
797 4159 853 4196 esse
869 4145 961 4197 Sacrae
974 4145 1124 4211 Scrr'pturae
1138 4144 1308 4210 multiplicem
1321 4146 1366 4196 in-

187 4242 297 4295 eamque
314 4227 451 4280 lectionem
464 4227 582 4279 referant
594 4229 671 4281 etiam
684 4231 750 4282 Vul-
797 4228 901 4279 tardam
919 4242 1026 4279 sensam
1043 4219 1194 4290 litteralem,
1208 4227 1281 4281 nullo
1300 4229 1365 4280 lun-

188 4315 246 4378 gata
257 4311 375 4378 aliaeque
387 4311 518 4363 versiones
529 4311 663 4377 antIqaaa.
798 4310 920 4363 damento
941 4311 1003 4361 satis
1023 4310 1099 4363 firmo
1121 4311 1168 4361 nili
1188 4310 1366 4362 demonstrare

798 4397 908 4445 conatur
920 4393 974 4445 loh.
991 4393 1037 4444 Th.
1052 4392 1155 4444 Beelen.
1170 4393 1278 4444 lovanii
1291 4392 1365 4445 tata.

220 4478 238 4539 ²)
260 4477 357 4542 Confer
381 4477 592 4528 Dissertationem
617 4474 751 4540 Theologi-
799 4477 827 4528 P.
842 4476 888 4537 ll,
902 4492 960 4543 sqq.
