3074 5054
254 372 320 436 art
610 371 743 439 hCTUS
778 369 1114 450 APOSTOLORUM,

253 558 403 649 Ellipses‚
422 581 491 651 pag.
514 563 589 630 103.
609 582 659 649 sq.
677 599 722 610 -
736 559 869 625 Balleia
886 561 947 629 hoe
964 560 1032 628 loco
1045 558 1200 647 significat
1212 562 1434 642 intransitive,

250 695 284 750 ul
299 684 331 750 iu
352 684 413 753 hoo
430 685 558 753 Homeri
581 683 688 773 (Illud.
712 687 772 766 XI,
791 687 870 771 722)
889 710 897 752 :
917 684 1063 771 Ποταμος
1087 706 1127 758 εις
1151 680 1212 746 ἁλα
1229 677 1369 768 βαλλων.
1389 722 1436 734 ·-

250 809 449 894 Earaaqailo
466 820 575 876 ventos
597 819 643 877 est
666 809 747 875 inter
763 810 882 876 Eurum
898 819 929 875 et
945 808 1146 897 Aquilonem.
1162 802 1368 896 Eapaalvdov
1384 806 1436 888 (nb

248 956 333 1026 capae
349 937 432 1000 latas
452 945 482 1001 et
497 930 616 998 κλυδων
631 933 764 1021 flnctus)
781 933 903 1000 videtur
925 953 995 1000 esse
1014 943 1123 999 ventus
1141 934 1220 998 latos
1244 934 1364 1017 [lactea
1380 953 1435 996 ea·

248 1063 365 1138 citatas,
389 1059 477 1147 quasi
500 1057 605 1137 dioaS,
623 1061 661 1123 de
677 1059 904 1143 breedpoloipe.
925 1058 1043 1124 Auctor
1058 1056 1276 1141 Etymolopici
1290 1057 1405 1139 mapai
1424 1079 1432 1122 ε

247 1183 356 1273 Tapae
374 1204 438 1245 εστι
458 1182 476 1257 ἡ
492 1206 545 1247 του
562 1205 674 1270 crepon
692 1179 812 1274 apadpa
829 1204 921 1262 aron,
942 1179 973 1255 ὃς
990 1204 1043 1243 και
1065 1174 1256 1270 superinduo
1278 1176 1431 1245 καλεῖται.

249 1301 478 1396 Arraphalpar
500 1307 627 1396 proprie
650 1317 697 1374 est
716 1317 826 1372 contra
845 1307 987 1381 iataeri,
1011 1315 1046 1371 ut
1067 1302 1168 1371 solent
1183 1302 1335 1384 audacem
1359 1301 1434 1372 hino

248 1435 406 1499 resistere.
424 1429 605 1516 Επιδοντες,
624 1434 694 1502 scil.
713 1458 746 1498 ra
761 1431 881 1510 alacer,
899 1435 1085 1511 dotatione,
1100 1439 1173 1521 pulo
1189 1440 1293 1498 ocato.

295 1677 439 1744 to—tt.
467 1678 511 1743 Ia
528 1680 666 1744 insolam
679 1688 802 1763 antem,
818 1676 909 1765 eto.).
925 1679 1030 1764 Quum
1047 1687 1148 1745 aulem
1164 1679 1283 1744 devecti
1294 1698 1432 1744 essemus

249 1796 339 1885 iasra
357 1804 530 1868 insatiatam
546 1805 715 1888 quamdam
728 1801 845 1891 (aaaron
859 1799 891 1867 dc
903 1828 933 1867 τι
946 1798 1198 1894 ὑποδραμοντες),
1213 1802 1339 1869 nomine
1352 1803 1432 1868 Cau-

248 1923 317 1993 dam
331 1927 394 2015 (oei
405 1925 571 2013 Clauden),
586 1946 677 2015 aegre
689 1927 843 1995 valuimus
858 1938 1014 2012 compotes
1031 1928 1103 2011 fieri
1117 1934 1315 2019 (περικρατεις
1330 1946 1431 2015 γενεσ-

247 2047 310 2136 θαι)
331 2051 466 2133 scaphae
490 2061 616 2116 aostrae
632 2053 697 2141 (της
719 2048 865 2142 caepae),
885 2049 918 2117 h.
945 2071 974 2117 e.
1004 2071 1066 2117 non
1092 2050 1151 2115 nisi
1181 2047 1362 2128 difficulter,
1392 2045 1433 2114 ob

247 2171 472 2242 vehementiam
485 2175 689 2265 tempestatis,
703 2175 861 2264 potuimus
874 2173 1022 2264 scapham
1035 2171 1212 2262 (desdorp),
1223 2172 1292 2240 nari
1307 2181 1431 2239 nostrae

247 2297 413 2386 alligatam,
424 2318 462 2365 ox
475 2299 552 2366 mari
566 2299 596 2366 in
611 2300 712 2366 navim
725 2299 877 2367 attollere.
887 2298 1041 2389 Scapham
1055 2319 1128 2386 ergo
1142 2320 1213 2365 eam
1226 2297 1432 2362 castalisscat

247 2417 400 2510 (aprinae)
414 2417 915 2511 nautae,adiaraeatis(hairtane)
928 2421 1204 2489 utebanturnavim
1215 2409 1431 2502 snceiapeates

248 2544 494 2639 (drodmanniae)
511 2545 550 2615 ad
566 2567 632 2615 earn
651 2546 852 2627 firmandam3
871 2569 1003 2633 eamque
1016 2551 1162 2615 timerent
1175 2540 1369 2636 (padanperaa
1385 2539 1431 2630 τε)

248 2685 287 2733 ue
309 2670 343 2734 ia
365 2669 479 2754 Syrtin
508 2672 696 2754 Africanam
718 2678 770 2761 (εις
790 2695 842 2746 την
864 2670 990 2761 Zapara)
1018 2669 1208 2747 inciderent,
1238 2665 1432 2734 demiserunt

247 2790 315 2854 vela
330 2788 379 2877 (aa
398 2793 528 2876 σκευος),
551 2803 643 2881 atque
667 2796 713 2859 ita
732 2797 802 2860 siae
819 2795 895 2860 ociis
917 2789 1042 2881 (οὑτως)
1064 2811 1120 2881 per
1136 2810 1222 2868 mare
1237 2788 1427 2857 ferebantur.

292 2914 486 3004 ’Υποτρεχειν
500 2920 680 3002 transitive,
695 2929 730 2986 ut
745 2916 888 2983 iaaaheir
903 2938 998 3008 supra
1012 2939 1058 2987 vs,
1077 2921 1111 2998 l,
1130 2920 1163 2985 7.
1176 2938 1185 2995 ;
1204 2912 1430 3007 iaadpapaaes

247 3040 371 3128 Belgica
384 3040 557 3109 reddideris
573 3068 581 3110 ε
596 3047 696 3110 aaaer
712 3067 769 3111 eea
784 3047 922 3130 eiloadjc
933 3047 1081 3128 peloopea
1092 3043 1429 3125 riarde-Quaenam

246 3163 339 3233 luerit
358 3164 410 3232 illa
426 3165 550 3233 navium
567 3170 850 3252 snectapaaaaraa
868 3172 971 3246 ratio,
989 3166 1108 3247 adhuc,
1128 3163 1212 3254 quod
1228 3166 1341 3246 sciam,
1356 3164 1429 3232 satis

246 3309 307 3358 non
328 3299 456 3358 constat.
478 3291 612 3359 Coniicit
636 3292 809 3382 Raphelius
833 3295 877 3382 (in
895 3295 1031 3362 Aaoott.
1050 3290 1088 3359 ad
1105 3291 1138 3359 h.
1159 3288 1213 3379 1.),
1239 3289 1428 3357 succinctam

246 3415 347 3482 navim
363 3413 460 3483 tuisse
486 3417 615 3500 [raaidas
639 3421 792 3504 atriaque
816 3419 871 3485 stad
890 3422 1028 3503 fundator.
1052 3418 1144 3483 aonio
1160 3416 1305 3482 adductis
1329 3425 1359 3480 et
1383 3416 1429 3480 ita

243 3550 378 3625 atraque
393 3543 485 3607 navis
509 3543 611 3607 latera
628 3543 916 3627 adstriopeatihas,
937 3564 977 3609 ae
996 3545 1029 3608 oi
1046 3552 1212 3608 narratarum
1229 3549 1258 3605 et
1273 3541 1429 3624 {lactatam

243 3659 410 3732 dissiliret.
429 3666 475 3733 Eo
491 3676 592 3733 autem
610 3665 728 3733 firmari
746 3676 846 3755 potest
862 3664 940 3733 liaeo
955 3665 1147 3744 coniectura,
1167 3661 1251 3751 quod
1268 3660 1429 3750 Hesychia

245 3786 440 3875 ὐποζευματα
464 3799 537 3858 sunl
552 3812 675 3876 σχοινια
698 3814 778 3855 κατα
803 3760 902 3877 paeana
918 3810 971 3864 aar
999 3811 1067 3852 ranr
1092 3783 1313 3873 δεσμευομενα.
1342 3786 1429 3871 Quae

246 3931 319 4000 ergo
336 3911 375 3980 ad
391 3913 492 3981 navim
509 3913 570 3982 hoo
586 3913 678 3982 modo
695 3913 878 3983 firmandam
898 3914 1103 3982 instrumenta
1119 3908 1261 3979 adhiberi
1279 3907 1427 3988 solerent,

245 4055 280 4106 ea
296 4031 328 4100 αἱ
346 4034 480 4124 daniaco
500 4037 601 4108 dictae
623 4038 751 4107 luerint.
774 4077 819 4088 -
834 4039 907 4109 Vox
930 4052 1035 4113 σκευος
1051 4036 1178 4128 proprie
1200 4032 1355 4122 significat
1374 4054 1428 4099 aas

245 4173 298 4231 aut
314 4165 573 4245 instromentaa,
597 4163 735 4253 adeoquo
756 4163 816 4232 dici
835 4162 933 4252 possit
952 4173 981 4229 et
997 4161 1035 4230 de
1059 4160 1143 4229 omni
1160 4157 1284 4225 nautica
1300 4153 1428 4246 suppel-

246 4285 360 4355 lectile.
386 4289 454 4356 lloo
473 4298 575 4356 autem
598 4288 667 4356 loco
689 4311 723 4352 ra
740 4309 846 4361 σκευος
865 4288 931 4376 (het
947 4283 1031 4373 taip)
1047 4283 1209 4374 speciatim
1226 4281 1345 4350 dictum
1362 4299 1430 4347 csse

246 4409 284 4479 de
310 4413 387 4478 actis
421 4410 490 4500 (het
520 4409 676 4499 zeiltoig),
713 4408 804 4478 lnoile
838 4409 1026 4478 crediderim
1054 4407 1094 4477 ob
1121 4405 1260 4475 additum
1296 4405 1427 4473 verbum
