3074 5054
177 412 242 478 ott
524 413 659 480 ACTUS
694 412 1029 490 Apostolorum,

173 599 290 668 interea
315 600 389 668 dum
414 601 529 667 milites
551 599 603 666 alil
628 599 690 668 duo
708 598 864 692 (φυλακες)
887 603 966 683 soria
983 601 1051 690 (apo
1067 623 1118 672 της
1134 596 1236 688 dopna)
1255 608 1361 664 custo-

174 723 298 792 diebant
326 743 497 791 carcerem.
529 727 567 799 Et
591 723 704 792 horum
734 724 860 813 quidem
888 744 970 790 unus
993 722 1030 790 ad
1055 722 1169 790 ostium
1199 742 1360 789 carcerem

173 846 319 914 excubias
347 845 472 933 agebat,
501 846 578 913 alter
606 867 679 912 vero
708 845 746 912 ad
773 858 901 930 portam
928 850 1083 931 ferreum.
1110 845 1193 915 Vide
1218 843 1298 910 inira
1321 842 1362 910 ad

174 989 222 1035 vs.
244 971 296 1036 tt.

219 1215 252 1279 7.
271 1215 316 1278 Et
331 1234 395 1278 occe
408 1213 548 1295 Anpeios
563 1213 696 1276 Domini
711 1213 847 1290 adstitit,
862 1218 950 1299 etc).
970 1211 1091 1278 Graece
1107 1232 1218 1284 επεστη
1232 1211 1321 1294 (Aor.
1339 1214 1360 1276 2

174 1335 213 1403 ab
229 1334 417 1427 εφισταναι),
436 1335 458 1400 i.
478 1355 506 1400 e.
525 1336 619 1401 Petro
636 1332 803 1421 derepente
819 1336 945 1399 adstitit
961 1332 1055 1415 (Vide
1079 1333 1118 1400 ad
1134 1334 1211 1422 Cap.
1232 1335 1303 1403 lV:
1325 1331 1360 1418 l)

174 1457 310 1544 Angelus
333 1457 482 1536 Domini,
497 1456 653 1544 simulque
678 1455 800 1522 refulsit
816 1459 851 1521 in
867 1477 992 1522 carcere
1010 1464 1050 1545 (an
1066 1481 1109 1541 τῳ
1126 1456 1281 1543 οικηματι)
1299 1458 1359 1523 mi·

175 1580 270 1647 rabile
286 1585 443 1668 quoddam
460 1585 567 1648 lumen
591 1589 687 1672 (φως),
713 1604 774 1670 quo
799 1583 899 1650 noctis
921 1593 951 1649 et
973 1584 1108 1650 carceris
1133 1584 1278 1652 tenebrae
1295 1584 1358 1652 dis-

174 1726 284 1773 cussae
308 1718 391 1773 sunt.
418 1708 597 1776 -Vocem
625 1730 737 1792 οικημα
760 1706 799 1775 de
823 1729 948 1774 carcere
971 1709 1101 1777 Graecis
1129 1708 1356 1797 scriptoribuS‚

175 1827 308 1894 maxime
323 1827 454 1907 Atticis,
473 1827 651 1916 frequenter
663 1827 776 1894 dictam
794 1828 909 1909 fuisse,
928 1829 1069 1917 exempla
1085 1828 1218 1918 probant
1233 1850 1249 1897 a
1266 1834 1358 1899 Wet·

175 1950 273 2016 stenio
296 1949 335 2017 ad
360 1949 443 2017 hunc
459 1950 560 2017 locum
577 1950 678 2017 allata.
698 1951 818 2039 Nempe
835 1952 947 2032 Attici,
965 1964 998 2019 ut
1014 1952 1105 2019 docet
1120 1952 1307 2020 Plutarchus
1324 1955 1358 2020 in

175 2073 235 2139 rita
255 2074 379 2142 Solonis
395 2075 487 2164 (apud
501 2074 703 2142 Wolfiumin
722 2075 821 2141 Coria
844 2075 883 2142 ad
908 2077 979 2142 Act.
1006 2078 1068 2143 Xll
1090 2102 1097 2144 :
1117 2076 1163 2158 7),
1182 2078 1275 2145 rebus
1291 2088 1359 2144 tur-

176 2197 268 2286 pibus
280 2207 310 2264 et
326 2199 414 2265 malis
430 2198 541 2266 blanda
557 2198 669 2266 dabant
685 2199 820 2265 nomina.
837 2238 880 2247 -
892 2198 1082 2289 Apparuisse
1099 2201 1250 2288 Angelum
1268 2201 1358 2269 illum

95 2324 98 2332 ’
174 2321 206 2387 in
223 2334 380 2411 assumpta
405 2324 509 2412 specie
534 2324 675 2412 corporis
692 2322 837 2403 humani,
856 2323 888 2390 id
906 2324 1031 2411 quidem
1049 2325 1145 2392 series
1171 2326 1358 2393 narrationis

174 2442 236 2530 (ve.
253 2446 293 2524 9,
314 2447 368 2533 ld)
385 2445 547 2512 manifesto
572 2435 698 2512 indicat.
718 2447 757 2512 Et
774 2445 840 2512 fieri
861 2455 975 2535 potest,
990 2446 1139 2513 utlumen
1157 2446 1252 2528 illud,
1271 2447 1358 2535 quod

174 2568 277 2635 subito
301 2569 466 2637 illustrarit
490 2590 664 2650 carcerem,
694 2569 778 2636 aliud
807 2590 868 2637 non
898 2570 991 2637 luerit
1021 2592 1112 2659 quam
1137 2571 1221 2659 quod
1245 2572 1284 2641 ab
1307 2592 1358 2640 as·

176 2705 298 2783 sumpto
324 2694 377 2762 illo
402 2715 535 2783 corpore
558 2694 696 2781 angelico
717 2694 894 2762 irradiabat.
923 2697 1001 2761 Nam
1026 2696 1116 2763 etde
1138 2697 1256 2784 Angelo
1281 2698 1356 2778 illo,

177 2817 228 2904 qui
244 2814 369 2884 sedebat
384 2817 422 2884 ad
439 2817 619 2906 sepulcrum
635 2818 820 2899 SalvatoriS,
835 2818 949 2885 dicitur
973 2817 1095 2900 (Matth.
1114 2821 1256 2887 XXVlll
1280 2846 1287 2887 :
1307 2822 1356 2902 5),

177 2939 260 3028 tpuod
275 2944 389 3024 species
413 2944 481 3007 eine
498 2941 525 3022 (ἡ
544 2937 620 3026 adeo)
646 2953 715 3006 cunt
738 2945 818 3006 sicut
840 2945 964 3025 sulpur,
991 2940 1129 3030 adeoque
1150 2942 1358 3030 fulgurantem

177 3065 341 3153 quamdam
358 3065 459 3132 lucem
476 3065 629 3132 emittens.
648 3065 775 3134 Videsis
791 3065 990 3153 interpretem
1007 3065 1221 3134 doctissimum
1238 3069 1358 3137 Lucam

177 3192 369 3277 Brugensem
393 3189 431 3256 ad
459 3188 569 3256 lllatth.
590 3189 732 3258 XXVlll
753 3212 760 3254 :
780 3192 812 3257 5.
843 3188 982 3256 Postulat
1009 3190 1112 3256 Lucae
1140 3192 1293 3273 narratio,
1323 3206 1360 3263 ut

177 3313 260 3379 Petri
277 3311 422 3379 custodes
438 3311 608 3399 cogitemus
624 3311 685 3379 alto
702 3332 869 3400 oppressos
889 3331 1021 3400 sopore;
1049 3334 1140 3401 quem
1166 3334 1230 3403 quo
1253 3317 1361 3386 minus

176 3433 323 3501 divinitus
340 3434 515 3501 immissum
532 3433 762 3514 existimemus,
781 3433 858 3500 nihil
876 3432 1033 3522 prohibet.

219 3580 429 3645 percussoque
458 3561 556 3624 latere
590 3531 696 3641 Petri,
727 3561 814 3643 etc).
846 3557 982 3643 Angelus
1014 3577 1106 3624 manu
1135 3557 1256 3645 pulsato
1285 3560 1359 3628 dor·

109 3696 115 3707 ·
177 3681 300 3749 mientis
317 3682 401 3749 Petri
418 3680 531 3757 latere,
550 3701 691 3748 csomno
708 3682 796 3748 illum
813 3680 976 3760 excitavit,
992 3681 1143 3770 iussitque
1159 3692 1193 3748 ut
1217 3698 1363 3772 surgeret

176 3809 325 3873 velociter
342 3808 388 3890 (ar¹
399 3808 565 3890 ταχει--όη
590 3805 707 3887 donat).
725 3803 774 3870 Ad
789 3823 897 3870 vocem
915 3804 1024 3891 Angeli
1049 3805 1191 3893 protinus
1216 3804 1256 3871 de
1271 3809 1361 3876 Petri

176 3929 317 3996 manibus
343 3938 467 3996 catenae
486 3927 679 3994 exciderunt.
705 3966 749 3976 -
772 3927 842 3994 Non
864 3931 987 4011 fructae
1009 3938 1061 3995 aut
1077 3929 1196 3993 solutae
1212 3927 1364 3999 dicuntur

176 4061 317 4130 catenae,
332 4051 387 4118 sed
403 4035 579 4118 a'manibus
596 4050 663 4116 eius
679 4053 842 4116 eccidisse.

219 4313 252 4378 8.
279 4313 513 4398 Praecinpetc).
536 4312 558 4378 i.
579 4331 608 4377 e.
625 4314 851 4394 pruecinpdor,
878 4313 998 4381 Graece
1017 4313 1048 4378 in
1074 4314 1155 4401 lmp.
1174 4313 1251 4381 Aor.
1270 4315 1360 4383 Med.

175 4438 353 4525 περιζωσαι,
378 4438 520 4520 succinpe
545 4447 586 4502 to.
606 4438 683 4504 Puta
702 4438 832 4504 'Petrum
854 4436 996 4504 indutum
1016 4436 1132 4517 luisse,
1151 4435 1363 4512 Orientalium
