3074 5054
185 349 207 414 8
608 349 926 422 PROLEGOMENA

230 535 263 624 b)
286 539 458 625 Tamquam
485 541 568 621 {alsa
589 539 726 605 Wettius
748 541 880 609 traducit
901 545 938 608 l0'
955 563 990 611 ea
1018 564 1097 632 quae
1117 544 1261 614 dicuutur
1281 545 1349 614 Act.

184 645 261 732 Gap.
280 646 327 711 lX
342 664 349 705 :
366 647 427 722 26,
446 651 524 733 sq.¹,
543 646 660 733 etCap.
675 647 772 713 XXll
791 673 798 715 :
817 651 890 716 Μ’.
909 651 947 716 Et
964 671 1068 731 causa,
1087 672 1143 719 cur
1168 653 1208 719 ita
1225 653 1352 735 iudicet,

126 816 127 820 ,
183 751 260 820 haec
277 752 321 819 illi
338 763 402 830 est,
421 752 504 840 quod
520 751 635 818 Paulus
647 752 686 820 de
701 775 735 822 se
746 754 776 821 in
791 756 919 845 epistola
931 757 971 825 ad
989 759 1113 828 Galatas
1129 759 1222 848 (Cap.
1242 762 1255 826 l
1272 785 1279 826 :
1297 761 1356 849 ii)

184 860 259 928 dicit
283 880 290 920 :
315 861 429 925 deinde
448 871 522 944 post
536 881 636 927 uaaos
659 872 723 927 tres
739 867 813 928 oeni
828 865 1059 949 Ierosolpmam
1076 870 1184 932 uidere
1201 869 1352 949 Petrum,

182 979 213 1033 ei
227 971 335 1034 mansi
350 971 436 1051 apud
452 989 522 1033 cam
539 970 646 1035 diebus
662 972 852 1054 qaindecim.
873 974 985 1038 Alium
1007 985 1114 1039 autem
1129 976 1355 1059 Apostolorum

183 1076 251 1139 aidi
290 1076 466 1153 neminem,
502 1077 569 1139 nisi
607 1076 755 1141 Iacobum
795 1080 932 1161 fratrom
977 1081 1122 1146 Domini.
1162 1117 1206 1128 -
1235 1082 1354 1150 Verum

180 1178 306 1269 quidem
348 1191 410 1260 est,
447 1179 735 1266 lerosolymitanum
775 1183 851 1251 illud
890 1185 967 1265 iter,
1007 1184 1047 1252 de
1087 1207 1148 1274 quo
1187 1189 1355 1276 Apostolus

180 1287 243 1374 agit
267 1287 296 1353 in
322 1287 413 1354 citato
438 1287 505 1354 loco
530 1287 677 1376 epistolae
692 1288 731 1356 ad
755 1290 898 1372 Galatas,
915 1313 1011 1360 unum
1028 1292 1173 1381 idemque
1189 1315 1257 1362 esse
1282 1316 1354 1364 cum

180 1413 216 1460 eo
246 1394 328 1482 quod
352 1394 423 1461 Act.
453 1395 500 1460 lX
526 1413 534 1455 z
562 1397 604 1462 96
627 1406 658 1462 et
677 1397 773 1463 XXll
798 1423 806 1465 ε
833 1398 873 1465 l7
899 1412 1178 1479 commemoratur;
1199 1401 1253 1469 sed
1276 1424 1355 1492 quae

182 1502 304 1569 tandem
321 1513 368 1569 est
382 1500 435 1569 hic
451 1502 530 1569 inter
546 1501 626 1570 hanc
642 1515 672 1571 et
694 1503 778 1571 illam
802 1505 981 1574 relationem
998 1507 1220 1589 contradictio,
1239 1529 1276 1576 ex
1292 1530 1354 1599 quo

177 1611 332 1694 salsitatis
360 1609 445 1696 argui
474 1609 572 1697 possit
598 1608 630 1676 id
658 1609 741 1698 quod
768 1610 807 1678 de
834 1611 895 1680 hoa
921 1614 1032 1681 itinere
1060 1613 1192 1682 refertur
1217 1616 1247 1682 iu
1272 1615 1353 1684 libro

180 1718 336 1784 Actuumi
356 1718 434 1784 Nam
455 1717 538 1806 quod
560 1718 674 1784 Paulus
698 1719 729 1784 in
754 1719 883 1807 epistola
905 1720 943 1787 ad
967 1720 1090 1789 Galatas
1115 1743 1176 1789 uon
1202 1735 1354 1790 memorat

179 1824 297 1891 extasin
322 1843 408 1904 eam,
425 1844 505 1913 quae
527 1822 572 1890 illi
594 1825 765 1892 secundum
781 1838 939 1894 auctorem
962 1828 1096 1895 Actuum
1113 1828 1205 1917 (Cap.
1224 1830 1321 1895 XXll
1342 1851 1350 1890 :

181 1930 239 2019 17)
262 1942 335 1997 tunc
356 1932 504 2019 temporis
529 1931 728 2018 lerosolymis
753 1933 921 2021 intemplo
949 1934 1145 2021 contigisset,
1171 1933 1203 2001 id
1226 1935 1352 2023 quidem

181 2040 308 2107 minime
332 2038 442 2128 probat
468 2060 534 2107 rem
561 2059 621 2106 non
645 2039 812 2121 accidisse;
839 2061 973 2129 cumque
1001 2041 1078 2107 nihil
1106 2062 1185 2131 opus
1211 2053 1293 2110 esset
1320 2055 1352 2110 ut

179 2147 296 2214 Paulus
317 2146 349 2212 in
374 2145 501 2235 epistola
523 2147 575 2213 illa
599 2146 785 2214 mentionem
812 2147 870 2214 hac
894 2148 932 2215 de
953 2169 986 2214 re
1009 2149 1139 2229 faceret,
1159 2151 1266 2239 nequit
1281 2172 1353 2240 pro·

182 2254 261 2322 lecto
284 2274 322 2318 eu
346 2253 444 2341 ipsius
467 2252 589 2319 silentio
610 2264 717 2319 auctor
734 2253 805 2320 libri
822 2255 957 2322 Actuum
973 2259 1058 2344 argui
1081 2261 1245 2342 falsitatis.
1265 2261 1299 2325 2⁰
1313 2260 1354 2326 Ut
1387 2274 1388 2278 ’

180 2363 300 2447 salsum
328 2360 366 2427 de
388 2360 523 2427 Wettius
552 2359 684 2427 traducit
705 2360 737 2426 id
759 2361 842 2450 quod
869 2374 976 2430 auctor
997 2364 1068 2432 libri
1096 2367 1230 2432 Actuum
1260 2365 1355 2432 refert

179 2540 362 2550 ..--—-——-

178 2658 259 2720 aaba,
269 2663 438 2722 assumptore
450 2657 515 2708 Tito.
528 2656 645 2708 Forsitan
658 2657 742 2708 dicere
788 2658 911 2724 temporis
931 2659 1062 2710 neminem
1082 2658 1264 2724 Apostolorum
1280 2659 1353 2710 lero-

177 2739 276 2802 voluit,
306 2737 547 2802 ierosolymitanum
577 2738 641 2789 illud
670 2737 742 2789 Pauli
787 2739 892 2804 solymis
914 2739 1022 2791 viderat.
1043 2741 1132 2806 ltaque
1154 2743 1354 2792 commemorato

177 2827 237 2888 iter,
256 2825 326 2891 quod
342 2825 399 2877 Act.
417 2824 480 2890 Cap.
499 2825 534 2876 Xl
548 2838 553 2872 :
569 2825 599 2874 30
612 2838 742 2876 memora·
786 2825 872 2888 primo
894 2835 941 2874 suo
965 2823 1058 2874 itinere
1080 2822 1145 2888 (Gal.
1171 2823 1180 2873 l
1202 2836 1210 2873 ε
1231 2822 1286 2888 aa),
1308 2823 1353 2874 sed

176 2909 230 2967 tur,
248 2904 378 2956 conciliari
397 2917 449 2955 uon
466 2917 541 2970 possa
557 2917 618 2955 cum
631 2903 662 2954 iis
676 2917 743 2969 quae
788 2906 881 2957 omisso
903 2906 1015 2956 secundo
1038 2903 1097 2967 illo,
1120 2904 1153 2956 do
1175 2917 1227 2970 quo
1256 2906 1354 2956 mentio
1389 2970 1393 2977 ⁶

178 2987 302 3038 dicuutur
318 2987 395 3037 citato
411 2985 466 3038 loco
484 2985 606 3052 epistolae
622 2985 655 3036 ad
672 2984 743 3036 Gala·
789 2993 827 3040 est
846 2988 903 3040 Act.
923 2988 957 3039 Xl
979 3001 984 3034 :
1004 2987 1049 3049 30,
1075 2987 1168 3038 transit
1182 2986 1215 3038 ad
1235 2987 1353 3048 tertiam,

178 3073 227 3121 tas
246 3068 417 3119 HancWettii
435 3072 549 3119 mentem
563 3067 641 3119 luisse
658 3067 742 3131 colligi
787 3084 847 3122 aum
871 3070 934 3122 dicit
954 3069 1019 3136 (Gal.
1038 3069 1061 3119 ll
1084 3084 1090 3120 :
1111 3069 1135 3134 t]
1153 3083 1160 3118 z
1178 3069 1271 3120 deinde
1295 3075 1354 3133 post

179 3154 305 3218 potcstex
317 3150 348 3201 iis
360 3164 426 3216 quae
438 3153 511 3202 notat
529 3151 743 3216 (Kampefasstes
787 3167 874 3204 annos
892 3153 1103 3218 quatuordecim,
1117 3153 1211 3202 iterum
1227 3151 1354 3202 adscendi

178 3235 348 3302 eaepetisclres
383 3235 527 3287 Haadbacb
560 3249 621 3286 zum
653 3236 743 3287 Neaera
787 3236 983 3299 ierosolymam.
1007 3236 1072 3287 Cum
1092 3247 1154 3299 orgo
1178 3233 1242 3285 illud
1263 3235 1354 3286 deinde

181 3319 335 3370 Testameat.
346 3318 435 3369 Karza
444 3317 600 3385 Erlolaranp
609 3319 742 3384 ilerApos·
787 3317 952 3371 referendum
972 3331 1024 3369 uon
1044 3318 1078 3368 sit
1095 3316 1127 3368 ad
1144 3319 1286 3368 secumdam
1305 3317 1354 3368 iter

178 3399 362 3466 tatpescbicbte.
386 3400 502 3466 Leipzip.
526 3399 606 3465 eale)
629 3403 661 3452 ad
683 3402 740 3452 Act.
787 3401 1045 3466 ierosolymitanum,
1058 3399 1102 3452 sed
1121 3399 1154 3451 ad
1169 3401 1286 3460 tertiam,
1300 3413 1352 3451 nou

178 3484 212 3536 Xl
225 3500 231 3534 ε
244 3484 295 3534 30:
312 3503 324 3528 «
337 3483 411 3534 Diese
423 3483 494 3534 Reice
506 3485 550 3534 aas
561 3484 663 3535 Paulas
674 3485 743 3535 racab
787 3491 826 3538 est
845 3499 891 3537 cur
908 3486 934 3535 in
951 3485 1059 3536 dubium
1077 3487 1184 3535 vocetur
1201 3483 1291 3536 relatio
1311 3484 1353 3536 illa

178 3569 338 3629 Jerusalem,
362 3569 464 3635 inquit,
488 3569 573 3630 tana,
597 3569 665 3620 aacb
683 3569 741 3620 Gal.
788 3583 855 3635 quae
874 3568 932 3620 Act.
953 3567 1171 3631 lX2301egitur
1191 3565 1224 3618 da
1243 3569 1353 3619 secundo

180 3651 202 3702 ll
220 3652 285 3711 zai,
305 3649 383 3700 taum
405 3650 474 3701 Statt
492 3650 625 3716 pesonam
644 3651 739 3712 baben,
787 3654 873 3719 aliquo
886 3651 959 3703 Pauli
970 3650 998 3701 in
1010 3649 1192 3715 lerosolymam
1204 3650 1306 3701 itinere.

180 3731 459 3783 artdeataoederister
470 3744 548 3782 mear
559 3731 626 3782 acob
638 3732 741 3794 iadau,
821 3738 840 3801 ¹)
858 3734 979 3787 Scilicet:
1002 3734 1067 3784 Cam
1087 3738 1173 3784 actem
1193 3733 1305 3783 venisset
1325 3732 1354 3782 ia

179 3818 244 3869 aber
256 3817 325 3868 aicbt
336 3816 405 3868 acab
420 3816 566 3867 Jerusalem
575 3815 742 3883 patremmen,
789 3811 953 3877 lararsalam,
967 3814 1084 3866 tentabat
1101 3828 1128 3865 se
1146 3814 1254 3881 inopere
1270 3814 1352 3865 disci-

177 3899 267 3952 eoobin
277 3897 404 3949 atelleiebt
416 3897 557 3948 Barnabas
575 3899 655 3950 alteia
663 3900 728 3966 piap
734 3915 744 3960 ;
788 3901 873 3968 pulis,
887 3907 911 3951 et
922 3912 1012 3950 omnes
1022 3897 1147 3949 timebant
1158 3910 1225 3958 eam,
1237 3911 1290 3947 noa
1300 3911 1353 3948 are·

177 3985 240 4035 oder
263 3983 346 4034 Lucas
363 3981 466 4033 Bericbt
487 3982 579 4033 oeream
594 3985 647 4046 aas
662 3984 744 4034 aiaem
789 3985 877 4036 dentes
888 3984 956 4049 qaod
966 3986 1031 4032 esset
1042 3979 1196 4045 discipulas.
1210 3978 1353 4031 Barnabas

175 4064 448 4116 Missoerstaadm'sse.
461 4083 473 4109 n
490 4090 518 4100 —
532 4063 583 4115 Sed
602 4063 697 4115 Paulus
708 4065 740 4115 dc
785 4070 871 4116 autem
897 4063 1088 4128 apprehensam
1114 4061 1188 4112 ittam
1213 4062 1290 4113 duait
1317 4063 1353 4112 aa

175 4149 289 4202 secundo
306 4149 350 4200 illo
361 4160 408 4199 suo
421 4147 632 4213 ierosolymitano
648 4148 741 4199 itinero
784 4149 931 4215 Apostolos.

176 4231 335 4284 mentionem
352 4230 451 4281 nullam
469 4230 530 4282 iacit
546 4231 572 4280 in
590 4229 697 4296 epistola
708 4229 740 4281 ad
819 4230 838 4295 ¹]
857 4230 977 4283 Scilicet:
991 4230 1352 4281 Factamestaotemreoer-

177 4312 293 4374 Galatas‚
306 4313 367 4379 quia
385 4315 482 4364 attenta
501 4327 528 4364 re
545 4326 624 4378 quam
643 4316 741 4364 tracta·
786 4313 849 4366 tenti
868 4313 933 4365 mibi
951 4314 980 4364 in
1000 4311 1157 4373 ierusalem,
1172 4317 1196 4361 et
1214 4313 1305 4362 oranti
1324 4312 1353 4361 ia

177 4395 237 4458 bat,
257 4395 284 4447 id
304 4395 369 4449 nihil
391 4399 447 4449 erut
466 4410 546 4464 opos;
564 4396 662 4448 scilicet
679 4400 743 4447 tunc
786 4397 888 4460 templo.
906 4397 1050 4462 perierem
1062 4403 1170 4462 stupore
1182 4398 1285 4448 meretis.
