3074 5054
176 410 243 475 500
534 408 666 476 ACTUS
702 407 1018 476 dromonorum
1029 457 1038 486 ,

174 617 246 683 ergo
264 598 350 663 Deus
368 597 595 663 incircumcisis
612 597 692 675 iuis,
712 608 748 663 ut
765 597 817 684 qui
836 598 867 662 in
891 595 1058 661 Dominum
1077 596 1179 659 lesum
1196 591 1358 659 Christum

90 709 92 712 ’
175 717 398 799 credidissent,
425 718 565 785 eamdem
585 715 708 807 (edeam
735 716 829 803 Aer.)
846 716 973 784 dederat
991 717 1118 804 gratiam
1136 736 1172 782 ae
1188 715 1279 782 uobis
1296 737 1359 783 non

175 853 208 908 ut
232 839 426 910 circumcisis
450 844 505 911 sed
529 854 562 910 ut
586 847 616 909 in
634 844 805 909 Dominum
832 845 933 909 lesum
951 841 1110 908 Christum
1136 840 1357 922 credentibus,

174 985 228 1046 ego
256 968 328 1048 quis
356 987 443 1031 erem
474 969 531 1051 poi
563 988 689 1050 possem
720 967 890 1050 probibere
926 965 1054 1028 Dotem?
1088 962 1217 1029 Talibus
1245 983 1361 1050 negare

174 1089 408 1158 Sacramentum
433 1092 613 1158 initiationis
637 1091 850 1170 Christianae,
871 1089 946 1178 quid
962 1089 1046 1156 aliud
1062 1089 1171 1155 luisset
1188 1109 1282 1176 quam
1300 1090 1361 1156 im-

174 1213 307 1301 probare
335 1214 419 1303 quod
447 1215 571 1283 lecisset
594 1216 699 1295 DeuS,
731 1217 784 1304 qui
813 1215 975 1283 manifesto
1003 1214 1091 1300 signo
1122 1213 1152 1278 in
1183 1212 1360 1279 Ecclesiam

174 1356 261 1403 suam
278 1358 331 1404 eos
347 1340 567 1427 cooptarerat?

220 1463 375 1530 Hactenus
400 1465 527 1544 Petrus;
555 1483 593 1530 ex
617 1465 706 1531 cuius
729 1483 879 1552 responso
904 1463 1065 1529 manifesto
1092 1460 1233 1549 patebat,
1261 1470 1360 1525 totam

175 1605 240 1651 rem
265 1585 500 1654 adscribendam
524 1607 592 1654 esse
618 1589 702 1667 Deo,
730 1607 792 1675 quo
817 1606 928 1675 nempe
953 1597 1018 1653 tum
1046 1594 1267 1674 praemonente
1292 1594 1361 1649 tum

175 1709 312 1790 iubente,
330 1710 442 1777 Petrus
458 1710 601 1792 iecisset,
621 1730 836 1800 quaecumque
852 1710 987 1777 lecisset.

219 1833 266 1899 De
282 1858 333 1896 και
350 1837 548 1901 redundante
564 1846 621 1927 (vs.
652 1839 692 1904 lb
709 1848 739 1903 et
757 1834 810 1916 17)
827 1836 858 1902 in
876 1837 1015 1902 oratione
1038 1822 1268 1924 comparativa,
1286 1832 1362 1899 ride

174 1975 268 2043 supra
291 1955 329 2023 ad
352 1958 428 2046 Cap.
448 1960 503 2025 X:
524 1961 580 2026 i7.
595 1958 757 2025 -Verba
782 1959 843 2048 (vs.
866 1961 918 2040 16)
937 1957 976 2032 ὡς
993 1956 1090 2047 ελεγεν
1114 1955 1202 2023 reddi
1226 1967 1362 2044 possunt

174 2086 209 2140 ot
225 2078 346 2142 dicebat
362 2078 436 2167 (boe
453 2079 494 2167 bij
513 2080 625 2166 zeide).
643 2082 776 2147 liliatum
792 2081 919 2147 Domini
940 2106 948 2146 :
967 2082 1105 2145 Ioannes
1118 2081 1259 2164 quidem,
1280 2088 1359 2158 etc,

174 2200 365 2289 interpretati
390 2223 498 2272 sumus
523 2225 617 2293 supra
642 2227 674 2293 p.
694 2207 750 2272 25.
769 2243 813 2253 -
830 2204 976 2270 Datirum
1002 2203 1162 2291 Partioipii
1188 2205 1266 2268 Aer.
1287 2226 1358 2265 πισ-

172 2348 315 2389 τευσασιν
333 2327 599 2402 referoadeeretg
616 2326 699 2394 etad
723 2328 807 2412 ἡμιν.
827 2327 858 2393 Si
877 2327 915 2393 ad
931 2328 1004 2412 >ipe
1022 2338 1139 2393 tantum
1156 2325 1358 2392 referendum

175 2458 255 2514 esset
279 2449 356 2517 illud
379 2474 599 2530 πιστευσασιν,
630 2450 818 2538 legeremus,
849 2451 973 2538 opinor,
1006 2471 1077 2517 cum
1102 2449 1264 2528 Articulo,
1295 2473 1358 2522 τοις

175 2593 387 2637 πιστευσασιν.
407 2574 527 2641 Vocula
547 2596 570 2635 er
595 2572 646 2639 hie
671 2572 763 2640 babet
781 2574 842 2640 vim
871 2573 1043 2639 particulae
1068 2573 1255 2654 temporalis
1279 2593 1356 2635 επει.

177 2695 270 2781 Quod
292 2717 365 2763 vero
389 2698 483 2764 atinet
506 2697 544 2763 ad
568 2697 754 2763 Particulam
780 2694 812 2760 de
834 2699 865 2763 in
885 2695 1022 2785 Apodosi
1042 2721 1050 2762 :
1070 2720 1127 2785 εγω
1145 2691 1177 2758 de
1193 2720 1238 2768 τις
1255 2717 1354 2780 apae,

179 2817 345 2885 notandum
373 2831 437 2896 est,
467 2820 613 2885 usitatum
642 2840 711 2886 esse
738 2820 867 2888 Graecis
892 2830 962 2907 post
990 2819 1154 2907 plerasque
1183 2819 1358 2884 Particulas

178 2942 380 3030 temporales,
399 2943 430 3007 in
455 2942 556 3028 iisque
581 2941 713 3007 maxime
738 2952 807 3028 post
831 2963 912 3016 επει,
932 2960 988 3028 per
1004 2939 1221 3007 Anacolutbou
1238 2938 1358 3006 inferre

178 3067 209 3131 in
231 3066 368 3154 Apodosi
397 3066 583 3132 Particuiam
608 3062 639 3128 de
663 3065 748 3155 (ride
773 3068 983 3132 Hermannum
1007 3066 1046 3132 ad
1066 3067 1174 3151 Vigor.
1202 3086 1234 3152 p.
1263 3067 1356 3154 785).

178 3192 233 3256 Est
256 3203 415 3279 praeterea
430 3191 750 3270 animadvertendum,
772 3193 803 3257 in
821 3192 977 3258 locutione
997 3218 1004 3259 ε
1023 3215 1081 3281 εγω
1098 3188 1130 3254 de
1145 3217 1191 3264 τις
1207 3215 1286 3275 apae
1304 3187 1360 3255 de·

177 3337 265 3388 νατος
285 3311 421 3378 reticeat
445 3338 496 3378 τον
524 3313 614 3395 (deor,
633 3315 708 3383 duas
733 3316 989 3402 interrogationes
1013 3316 1043 3380 in
1064 3334 1156 3381 unam
1181 3314 1357 3396 coaluisse3

178 3457 248 3503 nam
272 3449 424 3525 coguntur
441 3438 492 3506 bic
508 3438 568 3506 duo
586 3439 663 3506 haee
681 3465 688 3504 :
708 3460 805 3506 uuum
825 3465 832 3506 :
851 3463 904 3524 epe
921 3461 994 3505 oero
1011 3443 1080 3525 quis
1096 3440 1210 3505 eram?
1224 3438 1359 3506 alterum

178 3581 250 3628 vero
271 3587 277 3627 :
297 3584 338 3626 eo
352 3575 497 3646 peterem
514 3560 592 3645 epo?
609 3562 734 3631 videsis
751 3565 808 3631 Gr.
824 3582 894 3650 pag.
912 3564 989 3630 516.

225 3804 277 3870 18.
309 3805 373 3869 His
398 3807 538 3888 eraditis,
570 3816 755 3882 tocoteruot,
783 3816 813 3870 et
835 3806 1097 3888 glorificaverunt
1119 3805 1241 3882 Deum,
1268 3814 1359 3894 etc).

177 3931 255 3996 Cum
272 3951 308 3996 ex
325 3930 363 3995 iis
387 3949 466 4018 quae
481 3950 498 3996 a
515 3932 607 3996 Petro
632 3928 792 3996 audierant
816 3928 1040 4016 (ακουσαντες),
1059 3912 1122 3994 non
1144 3939 1271 4016 possent
1295 3949 1361 3995 non

176 4072 360 4139 agnoscere,
386 4073 425 4118 ex
449 4053 507 4118 Dei
533 4050 687 4118 voluntate
702 4063 787 4140 gesta
811 4072 888 4118 esse·
902 4051 1022 4129 omnia,
1042 4061 1211 4116 tacuerunt
1227 4050 1364 4136 (ἡσυχα-

177 4175 260 4258 σαν),
278 4176 299 4242 i.
324 4195 353 4242 e.
378 4176 471 4242 Petro
493 4176 731 4264 acquieverunt,
757 4176 879 4263 Deique
896 4174 1116 4261 benignitatem
1133 4183 1163 4238 et
1179 4172 1364 4239 misericor-

177 4297 257 4366 diam
276 4300 447 4365 ieodobant
462 4295 641 4388 (εδοξαζον),
659 4300 865 4366 exclamantes
884 4324 892 4364 ε
911 4302 996 4381 Ergo
1010 4301 1107 4382 piene
1123 4298 1194 4387 (ἄρα
1209 4298 1255 4386 γε)
1273 4316 1364 4363 com-

180 4435 301 4511 pertom
314 4435 373 4504 est,
383 4423 466 4513 quod
478 4424 566 4491 Deus
579 4443 639 4490 non
652 4423 801 4492 Israelitis
814 4434 945 4505 tantum,
955 4443 1061 4490 rerum
1076 4422 1167 4488 etiam
1180 4419 1363 4489 Gentilibus
