3074 5054
182 397 248 463 992
538 396 673 465 ACTUS
708 394 1046 476 APOSTOLORUM,

182 584 282 652 tribus
299 585 495 665 communis,
514 583 718 652 nihilominus
734 585 863 674 Spiritui
881 585 993 652 Sancto
1010 586 1136 674 proprie
1152 585 1231 653 solet.
1247 606 1369 653 accom-

183 706 321 789 modari3
340 706 423 775 unde
440 718 469 773 et
486 718 655 795 conceptus
672 727 708 774 ac
724 718 812 773 natus
830 705 868 773 de
884 706 1004 795 Spiritu
1022 707 1134 774 Sancto
1151 728 1220 775 esse
1237 709 1365 775 dicitnr.

182 833 321 922 Nempe,
339 844 374 899 ut
390 832 472 900 idem
490 832 654 913 observat,
673 833 776 899 omnia
793 832 937 898 bonitatis
953 833 1080 911 effecta,
1100 833 1213 921 quibus
1230 834 1367 902 charitas

181 965 212 1019 et
227 956 372 1022 sanctitas
397 956 646 1022 communicatur
662 975 678 1021 a
696 957 781 1035 Deo,
805 956 949 1043 imputari
970 956 1070 1023 solent
1084 956 1213 1045 Spiritui
1231 958 1363 1038 Sanct03

182 1077 235 1166 qui
254 1089 284 1144 et
300 1078 369 1167 ipse
385 1077 527 1145 Charitas
544 1089 573 1144 et
589 1078 741 1145 Sanctitas
764 1078 912 1167 peculiari
930 1079 1140 1167 processionis
1155 1099 1230 1146 suae
1246 1082 1367 1148 ratione

179 1203 368 1271 nominator.
388 1231 401 1261 »

226 1327 290 1406 Qut
302 1331 500 1412 pertransiit
515 1328 754 1412 benefaciendo,
769 1327 860 1416 etc.).
879 1328 995 1395 Sensus
1012 1338 1080 1395 est:
1100 1329 1160 1414 Qui
1178 1335 1366 1413 peropruvit

177 1445 320 1540 (dr-aldea)
342 1450 566 1532 Palaestinam,
592 1450 708 1540 ubique
737 1452 906 1534 beneficum
927 1475 958 1516 so
978 1455 1131 1535 praederis
1155 1452 1363 1545 (acepyaroo),

55 1648 57 1652 ,
177 1584 207 1641 ot
230 1596 346 1641 soncos
370 1573 530 1662 (ιωμενος)
556 1595 683 1655 omneS,
702 1576 754 1663 qui
772 1595 789 1641 a
808 1576 931 1640 Diaboli
944 1580 1087 1659 potentio
1103 1578 1365 1661 opprimebantur

176 1695 261 1787 (τους
284 1695 639 1787 καταδυναστευομενους
661 1702 719 1764 ὑπο
742 1725 795 1764 του
819 1696 981 1788 daedalea)
1003 1700 1050 1768 vel
1067 1701 1150 1789 quod
1166 1701 1205 1769 ad
1227 1723 1362 1793 00er8,

176 1820 224 1887 vel
242 1821 376 1910 quodad
392 1823 550 1902 animum,
568 1823 617 1889 vel
634 1821 718 1909 quod
733 1821 773 1888 ad
788 1833 955 1910 utrumque
970 1819 1035 1909 (uf.
1055 1820 1166 1888 Matth.
1185 1823 1248 1889 XV
1269 1845 1276 1886 :
1297 1826 1361 1903 223

177 1947 275 2013 lllare.
304 1947 420 2028 V223
441 1949 543 2015 Lucae
567 1946 613 2015 lV
639 1966 646 2008 :
675 1947 738 2026 53;
762 1948 870 2013 Xlll:
899 1941 968 2030 ll).
993 1945 1086 2031 Quod
1109 1966 1182 2013 vero
1205 1945 1359 2015 additur:

175 2075 328 2158 quostiam
344 2074 430 2139 Deos
455 2084 524 2138 crot
539 2095 610 2139 cum
626 2076 693 2153 illo,
712 2093 748 2140 eo
765 2071 932 2152 indicatur,
952 2071 1101 2139 miracula
1120 2070 1214 2152 haec,
1233 2071 1272 2139 de
1289 2073 1360 2161 qui-

175 2194 234 2263 hus
251 2196 333 2262 Petri
347 2195 504 2264 auditores
522 2217 582 2264 oon
597 2205 760 2285 potuerant
776 2216 836 2262 oon
851 2193 1058 2273 inaudivisse,
1077 2214 1093 2260 a
1112 2196 1183 2261 lesu
1198 2195 1359 2263 Nazareno

175 2327 293 2407 patrata
309 2316 405 2385 luisse
428 2321 538 2385 divino
562 2323 691 2384 uirtute.
710 2317 803 2402 Quod
819 2317 960 2405 quamvis
977 2337 1015 2382 ex
1031 2336 1126 2405 supra
1149 2315 1240 2383 dietis
1258 2318 1360 2406 (Deos

174 2446 268 2510 uomit
282 2465 353 2509 etim
369 2442 496 2527 Spiritu
512 2443 628 2509 Scorto
645 2454 675 2508 ot
690 2441 820 2528 virtute)
837 2442 898 2508 iam
915 2442 989 2508 satis
1006 2440 1241 2528 intelligeretur,
1257 2452 1359 2510 tamen

177 2588 237 2635 non
262 2567 396 2634 otiosum
412 2577 478 2633 erat
501 2566 601 2634 denuo
619 2566 741 2647 dicere,
760 2587 822 2655 quo
840 2565 995 2632 efficacius
1011 2563 1199 2631 docerentur
1223 2563 1358 2632 divinam

175 2693 246 2758 lesu
274 2691 391 2759 Christi
416 2693 615 2770 missionem,
643 2712 735 2781 quam
764 2690 816 2757 illa
840 2690 990 2758 miracula
1016 2688 1243 2756 testatissimam
1265 2690 1360 2756 lacie-

174 2813 259 2882 bant.
279 2854 322 2864 -
338 2815 507 2906 Διερχομαι
533 2815 648 2903 passim
672 2814 786 2882 dicitur
811 2815 923 2898 nomae
946 2812 1030 2878 Cosa
1056 2815 1135 2895 loci,
1155 2833 1192 2878 ex
1216 2823 1359 2880 contexta

174 2938 313 3004 oratione
325 2936 414 3005 laeile
427 2938 630 3026 intelligendi.
646 2939 694 3005 uf.
711 2940 874 3028 Calell
890 2964 897 3005 :
913 2941 952 3017 l;
967 2938 1045 3004 Xlll
1063 2962 1070 3002 :
1088 2939 1148 3016 tt3
1163 2939 1258 3006 XVll
1275 2964 1282 3005 :
1298 2940 1356 3006 95.

221 3183 276 3250 58.
299 3185 343 3247 Et
362 3204 419 3248 oos
444 3193 535 3249 testes
558 3205 666 3248 sumus
688 3187 847 3263 coartiano,
871 3182 961 3272 etc).
988 3184 1095 3250 Nexus
1119 3203 1191 3250 cum
1214 3186 1359 3273 superio-

175 3304 263 3372 ribus
287 3304 339 3372 hic
355 3316 401 3373 est
420 3327 427 3369 :
451 3308 509 3373 Vos
525 3303 587 3394 (vs.
608 3304 667 3394 57)
684 3305 832 3373 derebus
849 3306 944 3393 gestis
960 3325 977 3371 a
994 3307 1064 3372 lesu
1089 3307 1248 3373 Nazareno
1266 3311 1359 3376 iocu-

175 3432 321 3514 dioistis,
340 3441 369 3495 et
384 3452 441 3496 nos
457 3430 598 3519 Apostoli
616 3434 736 3497 oculati
753 3442 844 3498 testes
861 3449 969 3497 sumus
994 3430 1134 3496 omnium
1158 3449 1237 3518 quae
1261 3431 1360 3517 gessit

176 3552 233 3644 (ὡν
244 3575 304 3638 per
316 3555 558 3636 Attroctiooem)
570 3574 641 3622 oum
655 3575 710 3643 per
721 3555 897 3622 universam
910 3551 1127 3631 Palaestinam,
1138 3564 1205 3618 tarro
1217 3558 1359 3622 maxime

175 3678 230 3769 (dc
245 3667 297 3744 aaa
313 3679 384 3748 vide
406 3701 501 3770 supra
524 3699 594 3769 pag.
618 3678 674 3769 li)
689 3681 721 3745 in
739 3679 903 3768 metropoli
928 3679 1008 3745 inter
1032 3678 1356 3766 Hidrosolymitaoos3

175 3825 267 3889 quem
295 3807 392 3871 otiam
422 3803 469 3894 (όν
493 3801 571 3883 aad)
596 3802 789 3883 occiderunt,
817 3800 986 3890 suffigendo
1011 3822 1081 3868 eum
1107 3802 1137 3867 io
1163 3823 1268 3869 cruce.
1295 3803 1358 3867 Επι

176 3923 281 4006 talou,
300 3950 361 3994 ooo
378 3948 433 3992 eoo
450 3929 538 3994 noct.
563 3925 655 4012 Quod
672 3925 747 3993 dicit
762 3927 873 3992 Petrus
889 3950 897 3995 ι
916 3929 947 3989 a
964 3949 1014 3987 και
1031 3923 1162 4003 acation,
1182 3925 1260 3993 illud
1277 3927 1359 3996 lortc

175 4051 218 4118 ita
245 4051 476 4139 intelligendum
506 4060 571 4132 est,
601 4060 634 4117 ut
661 4061 763 4116 mente
790 4046 907 4138 aliquid
943 4047 1085 4129 addatur,
1124 4047 1207 4137 quod
1242 4050 1357 4118 Petrus

209 4368 228 4430 'l
245 4369 310 4420 Van.
334 4380 404 4418 socr.
428 4363 523 4418 Vocula
545 4371 615 4427 και,
638 4375 706 4428 quae
725 4359 864 4425 avulgata
884 4360 972 4423 abest,
987 4358 1083 4424 legitur
1100 4361 1127 4411 in
1143 4360 1274 4413 ABCDEG
1285 4367 1314 4416 et
1328 4365 1356 4417 in

174 4449 307 4517 plerisque
320 4445 482 4501 Minusculis.
