3074 5054
481 343 619 411 CAPUT
653 343 750 422 xvt,
789 342 909 412 vdes.
950 343 1094 411 te-te.
1302 346 1367 413 tae

183 537 324 628 Apostoli
349 556 410 603 nan
434 533 537 602 statim
556 533 809 620 acquiescerent,
828 530 1014 617 Lydia‘illcs
1030 532 1146 597 blanda
1161 534 1297 618 qaedam
1314 535 1365 610 ai,

183 674 216 729 ul
231 660 262 728 id
279 661 434 741 facerent,
451 660 550 744 coliqa't
566 651 816 746 (παρεβιασατο).

226 786 384 854 Particula
403 807 429 849 ει
451 785 606 851 nationem
631 780 683 849 bic
706 780 799 848 babet
822 781 994 849 particulae
1015 805 1095 863 επει,
1115 794 1148 850 ut
1169 803 1263 872 supra
1285 785 1363 873 Cap.

185 910 228 978 {V
247 933 255 976 :
274 912 309 989 9,
327 909 537 977 calceavit
555 930 563 967 ε
579 910 611 975 a.
632 906 760 984 Πιστος,
775 903 875 972 activa
892 925 999 984 sensu,
1018 905 1179 995 speciatim
1197 905 1311 974 dicitnr
1327 910 1365 972 dc

182 1056 217 1100 ec
232 1037 289 1120 qui
302 1037 397 1119 (ialam
419 1033 638 1100 Christianam
658 1031 844 1115 profitetur,
863 1029 928 1094 sive
944 1032 982 1094 da
1000 1029 1201 1113 Claristlaao,
1221 1039 1364 1118 utsupra

183 1160 258 1248 Cap.
283 1159 315 1225 X
340 1183 347 1225 :
373 1161 432 1238 lb;
462 1156 572 1225 XVl:
601 1155 770 1236 l;chr.
793 1153 838 1220 Vl
865 1178 873 1219 :
903 1154 956 1221 lii.
987 1153 1066 1221 Voci
1092 1176 1202 1228 πιστην
1229 1153 1367 1242 iungitur

182 1284 312 1352 Dativus
329 1306 372 1367 τῳ
388 1282 495 1374 Κυριῳ
513 1280 620 1348 eadem
637 1279 767 1357 ratione,
787 1297 847 1364 qua
864 1297 958 1366 supra
976 1278 1065 1366 (Cap.
1080 1278 1134 1346 V:
1157 1275 1212 1364 lb)
1230 1279 1366 1367 iungitur

183 1405 351 1496 Parlicipio
368 1421 556 1477 πιστευοντες
574 1404 604 1469 in
621 1401 780 1469 dictione:
802 1398 919 1486 μαλλον
936 1397 969 1464 de
985 1403 1189 1490 προσετιθεντο
1206 1426 1364 1467 aserenon-

182 1551 228 1602 τες
243 1552 287 1614 τῳ
304 1528 425 1619 Κυριῳ.

228 1773 283 1838 lb.
309 1773 445 1836 Faciant
461 1781 507 1836 cst
523 1781 647 1851 autem,
666 1769 757 1858 etc).
783 1768 904 1837 Accidit
925 1781 1046 1851 autern,
1065 1772 1185 1858 lnquit,
1206 1781 1238 1838 ut
1261 1773 1362 1840 eunti-

180 1893 239 1961 bus
255 1892 345 1961 ncbis
360 1896 445 1983 (puta
458 1895 631 1982 insequenti
645 1893 782 1981 sabbato)
795 1897 836 1959 acl
852 1896 1033 1960 aratoriam
1046 1897 1098 1979 (εις
1110 1917 1162 1968 την
1176 1917 1358 1984 προσευχην.

180 2015 229 2083 Cf.
248 2036 295 2083 vs.
318 2019 371 2099 lb)
388 2026 567 2082 accurreret
582 2018 702 2081 ancilla
717 2019 873 2101 quaedam
889 2011 1067 2104 (accitana)
1085 2039 1103 2080 a
1119 2020 1287 2084 daemonia
1303 2022 1362 2085 ali-

178 2159 242 2225 qua
258 2141 388 2224 fatidica
404 2140 527 2204 obsessa
543 2140 684 2223 (εχουσαν
701 2160 821 2224 arcana
844 2137 1010 2216 Haicvo;l‚
1029 2156 1107 2224 'quac
1123 2142 1251 2225 quidem
1268 2140 1360 2231 (ἡτις)

179 2260 358 2328 divinanda¹
382 2281 525 2349 magnum
547 2272 708 2350 quaestum
730 2260 887 2328 adferebat
907 2265 1048 2328 dominis
1067 2267 1136 2328 sais
1157 2263 1234 2351 (τοις
1251 2289 1361 2357 κυριοις

179 2383 296 2465 abrec).
315 2382 440 2450 Scilicet
457 2403 507 2450 res
524 2404 585 2450 nan
602 2385 694 2450 unius
711 2384 766 2451 sed
783 2384 919 2473 plurium
936 2383 1013 2452 baec
1028 2385 1138 2452 ancilla
1155 2397 1232 2454 erat.

226 2507 345 2574 Usitata
365 2509 504 2594 syntaxis
527 2496 701 2598 postulabat
723 2520 756 2575 ut
780 2509 971 2576 scriberetur
991 2534 998 2577 :
1017 2531 1226 2599 πορευομενοις
1242 2512 1359 2600 ἧμιν...

178 2653 367 2704 απαντησαι.
387 2630 449 2698 Sed
465 2642 565 2698 amen
583 2652 618 2698 ea
635 2653 759 2721 quoque
775 2633 942 2701 verborum
959 2643 1133 2712 structura,
1152 2653 1245 2722 quam
1262 2633 1314 2702 bic
1331 2646 1361 2702 et

176 2773 275 2842 snpra
295 2755 371 2843 Cap.
392 2755 437 2822 lV
456 2776 464 2817 ι
486 2758 498 2822 l
522 2754 595 2843 lecit
618 2759 735 2839 Lacca,
753 2758 835 2847 apud
858 2758 1027 2847 scriptores
1053 2757 1130 2825 bene
1153 2759 1359 2849 Graecostoa-

177 2881 291 2948 currit.
317 2879 400 2949 Vide
415 2884 473 2951 Gr.
492 2903 562 2971 pag.
582 2886 660 2953 207.
685 2885 804 2951 Adnot.
824 2923 868 2934 -
888 2887 1013 2973 Eyevara
1036 2897 1183 2974 sequente
1206 2886 1361 2954 lnlinitivo

176 3023 250 3069 curn
267 3004 472 3083 Accessere,
492 3003 638 3093 frequens
658 3018 704 3073 est
721 3007 752 3073 in
769 3007 830 3075 boc
847 3007 927 3075 libro
943 3009 1094 3094 syntaxis.
1114 3008 1196 3076 Vide
1212 3029 1307 3097 supra
1323 3010 1362 3076 ad

176 3127 256 3214 Cap.
274 3127 319 3194 lV
339 3153 346 3193 ι
366 3129 403 3208 b,
422 3141 451 3194 et
468 3130 515 3194 lX
534 3151 542 3191 ε
562 3133 595 3198 5.
615 3127 771 3207 Παιδισκη
787 3153 848 3200 non
865 3143 998 3199 aetatem
1027 3143 1111 3201 natat
1127 3132 1286 3210 mulieris,
1305 3134 1360 3200 secl

176 3250 408 3330 conditionem
431 3271 501 3317 nani
518 3253 619 3319 statirn
644 3274 747 3320 sernia
770 3265 816 3321 est
836 3254 875 3322 de
897 3254 1035 3322 eiusdem
1052 3258 1202 3323 daraiais.
1221 3258 1360 3346 Εργασια

177 3370 279 3449 labar,
304 3370 359 3438 sed
386 3387 458 3437 mcx
485 3385 632 3458 quaestus
661 3378 766 3441 labare
786 3387 921 3459 partius,
947 3380 1071 3444 lucrata
1093 3377 1211 3459 (werb,
1236 3378 1356 3468 tuirrst).

178 3489 263 3557 inire
281 3492 370 3580 (Cap.
389 3493 467 3558 XlX
487 3519 494 3559 :
513 3497 568 3582 bb)
585 3494 699 3562 dicitur
715 3498 747 3563 in
764 3497 862 3565 serina
878 3498 980 3566 Media
995 3500 1180 3589 παρεχεσθαι
1196 3522 1356 3590 εργασιαν,

179 3611 232 3679 bic
249 3633 322 3680 vera
339 3615 370 3680 in
389 3616 496 3683 Aetiva
521 3641 662 3709 παρεχειν
686 3643 845 3710 εργασιαν.
871 3623 920 3688 De
944 3642 1005 3710 qna
1020 3621 1197 3691 diversitate
1213 3623 1283 3690 vide
1300 3625 1358 3692 Gr.

179 3757 251 3826 pag.
271 3739 350 3807 267.
371 3744 403 3808 6.

225 3861 440 3928 Pallenaea.
468 3865 599 3953 antiqul²
626 3867 835 3957 intelligebant
863 3866 1021 3956 ὃαιμονιον
1051 3892 1214 3955 barrinas,
1236 3874 1360 3940 daemo-

180 3989 377 3998 ...ο-

212 4042 231 4102 ¹t
250 4061 261 4086 α
280 4041 419 4105 beluinis,
439 4043 472 4095 de
491 4045 568 4096 rebus
584 4046 748 4108 amissis,de
826 4051 846 4116 ¹)
874 4050 1016 4116 Hesychius
1037 4035 1180 4100 :Hceaa
1201 4030 1360 4121 δαιμονιον

153 4140 158 4147 ·
177 4121 326 4174 absentium
348 4124 412 4175 actis
429 4130 454 4176 et
473 4126 555 4189 lactis,
575 4132 654 4194 atque
675 4129 747 4180 eius·
795 4158 950 4220 μαντικον,
969 4151 1069 4202 Agbeqqq
1086 4149 1197 4202 fflossas,
1211 4148 1256 4201 Gr,
1269 4164 1296 4216 p,
1308 4150 1360 4201 75:

179 4204 248 4255 madi
262 4206 353 4268 rebus,
365 4220 432 4270 quae
444 4208 538 4272 vulgus
551 4209 584 4259 ab
598 4209 747 4261 huiusmodi
794 4242 824 4305 Π

178 4285 275 4337 divinis
287 4291 376 4352 petere
388 4289 460 4340 solet.
474 4309 486 4334 u
498 4291 542 4342 br.
554 4291 669 4343 Manlau.
682 4292 746 4342 Elu-
828 4268 844 4304 υ

179 4368 268 4421 acca
280 4371 306 4420 ru
317 4371 375 4422 aaa.
388 4372 437 4438 ap.
451 4374 484 4424 aa
497 4373 523 4425 a.
538 4375 554 4424 r.
793 4356 869 4418 οὑτω
889 4354 1061 4447 λεγομενου.

846 4243 949 4318 barac·
990 4239 1150 4328 δαιμονιου
1190 4265 1356 4329 patracen,
