3074 5054
473 375 616 470 ‘curor
651 404 752 484 xuni,
788 403 912 472 Vnus,
949 406 1052 472 r-e.
1296 405 1356 471 aar

179 594 386 683 suppleveris.
413 593 514 683 Atque
538 593 579 660 ita
608 592 667 662 boe
691 595 761 663 loco
784 616 821 663 ex
845 605 987 663 contexta
1009 596 1148 663 oratione
1169 593 1234 684 (us.
1265 598 1299 673 7,
1324 593 1361 683 8)

178 716 412 804 intelligendum
438 726 503 797 est,
531 728 561 782 et
583 729 707 788 uocatos
723 739 741 786 a
756 720 863 808 Sergio
883 720 1051 809 Apostolos
1072 719 1110 787 ad
1133 717 1357 786 proconsulem

177 841 293 920 ivisse,
310 853 339 908 et
355 839 413 908 bos
430 840 475 906 illi
492 841 672 909 doctrinam
695 844 911 930 Evangelicnm
934 845 1134 934 exposuisse,
1152 856 1182 910 et
1198 844 1360 911 Bariesum

178 962 274 1031 istum
290 963 365 1031 buic
382 963 574 1052 expositioni
592 965 686 1033 luisse
710 978 923 1055 praesentem,
944 978 975 1033 et
999 966 1120 1033 tandem
1137 966 1360 1054 Apostolorum

176 1083 348 1155 sermones
367 1088 531 1176 propensis
554 1087 683 1155 auribus
706 1089 872 1178 animoque
899 1090 996 1157 luisse
1023 1110 1041 1155 a
1069 1089 1177 1176 Sergio
1201 1101 1357 1178 acceptos,

177 1214 335 1301 lmpostor
357 1212 416 1279 iste
438 1212 587 1291 Bariesu,
614 1211 697 1279 aliud
722 1232 833 1279 nomen
857 1213 997 1302 illudque
1021 1211 1192 1280 Arabicum
1216 1211 1276 1279 sibi
1301 1213 1360 1279 im-

178 1352 338 1431 posuerat,
356 1359 481 1421 nomen,
499 1339 639 1428 inquam,
658 1341 794 1424 Elymoe
810 1339 944 1459 (με,
972 1338 1092 1427 ‘olim),
1118 1338 1201 1428 quod
1225 1338 1360 1407 Arabioe

176 1471 368 1541 tantumdem
384 1481 520 1538 notatae
536 1471 661 1538 Persica
677 1490 737 1537 vox
752 1473 845 1554 mopb
861 1469 876 1557 (
887 1468 957 1601 8)
973 1491 1096 1553 oropus,
1121 1468 1172 1535 cui
1193 1467 1360 1556 respondet

176 1608 288 1675 Latina
299 1606 525 1692 sopiena.Vide
537 1625 632 1694 supra
644 1604 682 1672 ad
696 1605 859 1693 Cap.Vlll
875 1629 883 1670 :
899 1610 931 1670 o.
947 1606 1026 1670 Puta
1039 1605 1155 1670 Lucam
1168 1602 1334 1691 scripsisse
1349 1628 1356 1666 :

174 1732 348 1799 Resistedot
374 1742 480 1797 autem
508 1734 572 1797 illia
596 1733 745 1814 Elymas,
770 1731 827 1793 boc
852 1739 913 1808 est,
937 1728 1070 1812 Meque,
1101 1748 1176 1793 nom
1205 1728 1252 1791 sic
1279 1727 1360 1791 iilud

176 1877 293 1921 nomen
308 1858 512 1921 redditur.-
529 1853 730 1940 Evangelicae
746 1851 903 1919 doctrinae
919 1851 1066 1938 benignas
1079 1848 1252 1916 Proconsul
1270 1868 1359 1937 prae-

176 1979 271 2048 bebat
285 1999 391 2058 aures3
411 1977 492 2066 quod
510 1998 581 2044 oum
597 1977 724 2065 Elymas
741 1976 1017 2056 animadvertisset,
1036 1975 1194 2065 Apostolis
1211 1977 1358 2040 adverso-

176 2104 272 2169 dotur
286 2101 492 2191 (ανθιστατο),
511 2112 602 2191 puta,
620 2100 808 2168 traducendo
831 2111 989 2190 tamquam
1011 2099 1086 2167 falsa
1111 2120 1189 2188 quae
1212 2098 1256 2165 illi
1273 2097 1358 2165 dice-

178 2226 269 2305 bant,
299 2236 329 2292 et
356 2224 417 2292 boo
444 2225 535 2293 modo
563 2245 718 2310 quaerens
752 2225 875 2312 (ζητῶν)
907 2223 1150 2290 Proneonsulem
1178 2233 1358 2306 pervertere

176 2349 387 2442 (διαστρεψαι)
404 2361 434 2417 et
449 2362 586 2418 avertere
608 2375 627 2416 a
648 2353 710 2434 fide
733 2350 860 2416 Christi
882 2348 959 2438 (απο
983 2360 1033 2424 ’της
1057 2347 1197 2427 otorano)
1222 2348 1357 2436 amplec-

178 2475 282 2544 tenda.
301 2515 344 2524 —
362 2475 549 2568 Διαστρεψαι
569 2499 630 2538 nro
646 2485 862 2560 proepounter
882 2474 999 2541 dictum
1020 2485 1077 2541 est.
1098 2473 1179 2541 Vide
1200 2492 1295 2560 supra
1317 2471 1355 2538 ad

177 2601 257 2688 Cap.
276 2598 306 2666 V
325 2620 334 2660 ε
354 2601 408 2666 57.

196 2883 199 2888 .
225 2829 257 2894 9.
285 2827 404 2891 Saulus
418 2837 537 2906 cutem,
553 2829 609 2908 qui
631 2836 661 2891 et
677 2825 824 2909 Paulus).
843 2824 987 2915 Elliptioe
1003 2825 1149 2894 dicituro
1166 2849 1216 2888 και
1233 2822 1358 2898 Hucine

177 2967 239 3038 pro
261 2952 276 3010 ὁ
299 2971 351 3009 και
371 2943 556 3031 καλουμενος
579 2942 720 3024 Henioc,
739 2957 773 3012 ut
797 2967 908 3014 seusus
932 2949 971 3016 sit
995 2969 1002 3009 :
1024 2950 1140 3015 Saulus
1162 2959 1286 3026 autem,
1304 2950 1359 3032 qul

176 3073 278 3136 etiam
293 3068 415 3135 Paulus
432 3079 574 3134 coeatur.
594 3071 750 3136 Hactenus
767 3071 867 3137 Lucas
883 3069 922 3138 de
937 3070 1088 3159 Apostolo
1105 3072 1227 3139 locutus
1243 3070 1354 3149 luerat,

176 3193 318 3262 adhibito
344 3213 468 3282 semper
488 3192 643 3260 Hebraico
665 3195 732 3261 eius
753 3195 894 3276 nomine,
914 3196 997 3283 quod
1020 3208 1066 3263 est
1081 3198 1159 3262 Saul
1179 3195 1309 3284 (brari),
1328 3204 1359 3260 et

176 3341 250 3389 cum
280 3320 494 3387 terminatione
516 3321 635 3388 Graeca
656 3317 772 3394 Σαυλος
792 3346 799 3387 :
819 3320 966 3410 deinceps
989 3341 1062 3387 vero
1088 3321 1126 3388 de
1151 3320 1259 3388 eodem
1276 3320 1355 3408 agit,

176 3445 327 3536 adhibito>
346 3464 471 3533 semper
498 3445 607 3511 Latino
637 3445 776 3511 eiusdem
801 3445 943 3525 nomine,
974 3445 1057 3534 quod
1086 3456 1132 3512 est
1159 3448 1291 3511 Paulus.
1320 3447 1358 3510 Et

176 3569 486 3638 animadvertendum
502 3581 566 3650 est,
584 3570 714 3638 alterum
741 3569 801 3637 boo
824 3572 963 3661 Apostoli
989 3593 1120 3651 nomen,
1140 3565 1251 3639 nomen
1271 3572 1355 3639 Pauli
1445 3567 1450 3575 ”

176 3698 326 3784 inquam,
350 3689 366 3760 a
390 3696 472 3761 Luca
501 3705 565 3761 tum
588 3699 733 3778 primum
762 3695 800 3762 de
828 3717 864 3763 eo
892 3696 1053 3777 adhiberi,
1077 3716 1148 3763 oum
1178 3706 1357 3763 narraturus

176 3833 241 3902 est,
271 3833 305 3888 ut
331 3819 504 3887 Proconsul
535 3821 662 3908 Sergius
694 3821 809 3888 Paulus
841 3820 924 3887 illius
956 3841 1050 3909 opera
1080 3819 1118 3886 ad
1151 3818 1357 3886 Christianam

177 3946 360 4033 religionem
383 3944 476 4011 fuerit
495 3944 658 4012 adductus
684 3945 759 4012 lude
784 3944 867 4011 enim
892 3965 952 4011 oon
980 3943 1228 4033 improbabiliter
1254 3943 1358 4018 conie-

179 4072 279 4152 ceriS,
295 4072 326 4136 in
345 4071 411 4137 eius
428 4070 472 4136 rei
490 4071 671 4137 memoriam
688 4070 800 4136 factum
818 4070 932 4149 luisse,
952 4081 984 4136 ut
1008 4071 1061 4158 qui
1085 4069 1233 4136 hactenus
1257 4068 1357 4135 dictus

178 4194 280 4262 luerat
306 4194 437 4273 Saulus,
468 4193 615 4283 deinceps
642 4194 757 4260 Paulus
785 4205 960 4259 vocaretur.
991 4194 1062 4258 Fuit
1091 4193 1181 4257 inea
1209 4190 1357 4285 sententia

179 4317 214 4384 S.
240 4316 452 4402 Hieronymus
475 4315 528 4404 (in
549 4320 639 4399 epist.
664 4319 705 4380 nd
726 4315 954 4396 Philemonem)
985 4318 1211 4399 «Dilipenter,
1238 4313 1356 4400 inquit,

180 4443 323 4523 attende,
343 4442 425 4525 quod
439 4443 489 4505 dic
497 4443 641 4523 primum
657 4461 771 4505 nomeu
782 4441 879 4505 Pauli
893 4443 1058 4522 occeperit.
1079 4442 1120 4506 Ut
1135 4442 1218 4505 enim
1233 4438 1356 4521 Scipio,
