3074 5054
476 370 614 437 CAPUT
651 370 700 451 ll,
741 371 851 442 Vnus
887 373 1034 442 lG-l7.
1314 375 1357 442 55

183 561 319 630 doctrina
341 559 485 628 distincte
506 560 637 628 traditur
652 563 666 628 l
683 562 756 629 Gor.
780 562 843 631 Xll
862 588 871 630 ε
890 564 1014 633 l-ta.
1034 564 1148 631 Confer
1173 563 1264 631 etiam
1293 563 1355 652 Ep.

183 687 219 754 ad
233 686 332 754 Hebr.
347 687 423 775 Gap.
438 687 469 753 ll
485 710 494 752 ε
510 687 589 779 4.-
602 686 715 755 Omnia
730 707 826 778 opera
840 691 883 754 cd
897 701 1003 773 extro,
1022 699 1057 757 ut
1071 689 1241 778 loquuntur
1251 687 1356 757 Theo-

184 813 258 900 logi,
282 821 356 878 snut
381 811 599 878 Sanctissimae
619 812 763 879 Trinitati
785 812 979 894 communia3
998 813 1054 880 sed
1081 813 1154 901 quia
1175 813 1207 879 in
1233 813 1355 880 Deitate

183 936 312 1025 Spiritus
336 935 529 1003 Sanctus'est
546 957 654 1016 arnor,
673 935 742 1003 ideo
759 935 803 1003 illi
821 936 959 1018 bonitaS,
977 947 1008 1003 et
1023 957 1062 1004 ex
1077 955 1113 1002 ea
1128 935 1232 1003 fluens
1248 935 1356 1004 distri-

184 1059 264 1127 butio
285 1058 439 1126 donorum
463 1058 542 1139 Dei,
566 1059 598 1124 in
627 1057 741 1125 divinis
768 1057 901 1147 eloquiis
928 1068 1154 1146 congruenter,
1179 1057 1223 1125 uti
1252 1066 1353 1146 patet,

183 1181 409 1271 appropriatur.
435 1183 471 1248 ln
493 1181 562 1248 loco
583 1181 732 1270 epistolae
758 1180 797 1248 ad
821 1180 1017 1267 Corinthios,
1049 1202 1142 1271 quem
1164 1182 1257 1250 modo
1280 1181 1355 1249 cita-

183 1305 298 1384 vimus,
316 1302 502 1371 charismata
527 1303 715 1392 illa-triplici
740 1303 988 1373 denominatione
1011 1303 1205 1384 indicantur3
1233 1314 1356 1372 namet

180 1429 299 1509 proiice
314 1425 524 1506 nominantur,
539 1435 569 1493 ct
579 1429 848 1511 ministrationes,
864 1437 895 1494 et
905 1411 1104 1513 operationes
1119 1423 1350 1518 (erepynpere).

183 1547 220 1612 Et
239 1558 395 1636 umquam
419 1552 544 1631 proiice
571 1547 697 1636 quidem
726 1548 904 1616 tribuuntur
930 1547 1046 1616 ibidem
1069 1547 1198 1637 Spiritui
1220 1547 1351 1626 Sanct03

183 1684 335 1762 umquam
358 1676 617 1739 ministrationes
637 1684 739 1741 autem
761 1675 920 1757 Domino;
944 1674 1077 1763 denique
1097 1685 1255 1762 tamquam
1282 1695 1354 1758 cpe-

183 1800 317 1864 rctiones
333 1797 553 1866 adscribuntur
571 1799 669 1866 Patri.
1036 1877 1038 1881 ‚

223 1941 316 2004 super
337 1940 462 1986 ornnem
484 1918 640 2009 cornero).
666 1921 765 1989 Hebr.
790 1920 970 2005 nappin-¹2³2.
989 1920 1128 1988 -Coro
1151 1941 1208 2011 pro
1225 1924 1353 1987 bomine

182 2052 230 2109 aut
254 2045 392 2109 hnmano
417 2065 531 2127 ponere
553 2063 645 2133 saepe
672 2043 786 2112 dicitur
812 2044 850 2111 ab
878 2045 1048 2129 Hebraeis,
1069 2056 1103 2112 ut
1124 2066 1155 2113 v.
1181 2066 1212 2134 g.
1237 2046 1270 2112 in
1292 2044 1353 2112 hoc

183 2169 232 2234 Ps.
258 2170 340 2248 ldd,
364 2189 412 2234 vs.
437 2171 477 2237 il
507 2189 515 2232 ε
538 2171 699 2235 benedicat
720 2173 824 2236 onerois
846 2191 920 2235 coro
943 2157 1068 2236 nomini
1086 2181 1195 2236 sancto
1212 2173 1292 2236 eins.
1318 2172 1352 2237 ln

183 2287 266 2357 libris
282 2310 408 2380 quoque
423 2290 493 2358 novi
517 2291 705 2358 Testamenti
721 2294 813 2357 borno
836 2290 950 2358 dicitnr
966 2313 1041 2357 caro
1064 2302 1095 2356 et
1110 2295 1252 2376 oonpnis.
1270 2290 1353 2360 Vide

182 2414 279 2482 XVI:
301 2417 341 2482 l7
359 2426 388 2482 et
403 2414 504 2484 Gal.l
526 2437 534 2479 :
557 2418 610 2484 ld.
632 2416 748 2484 Sensus
773 2426 819 2483 est
837 2439 845 2483 z
864 2414 1071 2482 Effundam...
1093 2435 1189 2504 super
1211 2395 1352 2502 posteros

182 2549 312 2618 vestros,
342 2559 396 2606 eos
420 2550 509 2627 puta,
534 2540 587 2628 qni
614 2538 654 2606 ad
681 2539 839 2607 Christum
866 2549 1094 2618 convertentur,
1118 2537 1213 2628 idque
1240 2537 1351 2604 faciam

183 2662 245 2729 sine
266 2663 446 2731 discrimine
467 2664 592 2744 aetatis,
616 2684 708 2731 sexus
732 2675 784 2731 aut
806 2663 1004 2731 conditionis.
1028 2664 1108 2732 Nam
1131 2683 1167 2730 ea
1189 2662 1350 2730 latitudine

183 2785 270 2854 verba
285 2808 381 2871 snper
396 2807 521 2853 ornnem
539 2809 667 2854 cernens
690 2786 839 2855 sumenda
862 2807 950 2868 esse,
967 2796 1109 2854 contexta
1127 2786 1224 2852 oratio
1241 2785 1348 2868 docet3

183 2912 292 2980 Gentes
310 2923 412 2978 tamen
429 2932 489 2978 non
506 2922 578 2978 sunt
593 2910 646 2979 hic
662 2911 981 3000 comprehendendae.
1003 2939 1018 2970 s
1034 2910 1212 2979 Dicendum
1228 2921 1294 2993 est,
1308 2911 1350 2978 ait

182 3035 283 3102 Castro
299 3034 347 3125 (in
369 3034 444 3102 [oet.
470 3037 546 3124 Cap.
566 3037 595 3102 ll
615 3056 622 3097 :
641 3035 713 3126 20),
737 3037 840 3103 Deum
862 3055 918 3103 sno
941 3035 1056 3124 populo
1077 3035 1257 3124 promittere
1278 3036 1349 3124 Spi-

182 3158 269 3226 ritum
282 3159 428 3227 Sanctum
445 3159 665 3227 effundendum
681 3160 712 3226 in
725 3160 810 3227 viros
825 3179 862 3226 ac
877 3159 1043 3238 mulieres,
1061 3179 1152 3226 senes
1164 3169 1194 3225 ct
1208 3158 1349 3240 iuveneS,

181 3302 282 3348 servos
304 3291 334 3348 et
357 3281 504 3363 ancillae,
523 3284 745 3352 convertendos
767 3284 807 3352 ad
827 3283 986 3351 Christum
1001 3304 1041 3351 ex
1056 3282 1197 3364 Indaeis,
1215 3304 1350 3369 quornm

180 3419 251 3474 sont
263 3412 442 3494 promisso,
461 3421 495 3476 nt
515 3410 558 3476 ait
581 3411 697 3479 Paulus
721 3410 761 3478 ad
784 3413 965 3479 Rom.le
986 3412 1025 3491 d;
1047 3430 1118 3478 nam
1139 3409 1201 3477 illis
1217 3410 1350 3498 promis-

180 3531 279 3599 siones
296 3532 392 3599 sactae
414 3543 503 3613 sunt,
521 3545 551 3600 et
575 3533 607 3599 in
630 3534 693 3601 illis
717 3534 888 3624 completae
904 3545 976 3601 sunt
991 3554 1030 3600 ex
1045 3531 1149 3601 debito
1165 3533 1302 3599 veritatis
1319 3544 1350 3600 et

180 3655 342 3724 fidelitatis.
372 3659 488 3724 Gentes
515 3668 618 3724 antem
644 3657 798 3725 admissae
824 3668 897 3724 sunt
923 3656 962 3724 ad
989 3655 1168 3724 eorumdem
1195 3655 1348 3724 bonorum

179 3779 440 3868 participationem
463 3800 525 3846 non
541 3801 580 3847 ex
595 3780 698 3849 debito
715 3781 931 3870 promissionis
947 3781 1009 3848 illis
1033 3780 1146 3861 lacae,
1164 3779 1220 3847 sed
1235 3801 1275 3844 cx
1289 3782 1350 3846 mi-
1455 3831 1457 3835 .

178 3907 358 3987 sericordio,
384 3915 417 3971 ut
438 3905 588 3993 explicuit
614 3926 738 3995 qnoque
764 3905 880 3973 Paulus
907 3905 946 3973 ad
974 3907 1067 3973 Rom.
1089 3905 1179 3973 XV:
1206 3905 1239 3970 8.
1262 3903 1350 3971 Sicut

178 4046 247 4115 ergo
274 4028 393 4095 Doctor
419 4028 554 4096 iustitiae
581 4027 723 4097 Christus
750 4031 923 4119 promissus
950 4039 997 4096 est
1024 4027 1139 4116 populo
1166 4026 1230 4106 illi,
1256 4025 1349 4093 etad

177 4151 361 4240 implendam
378 4153 616 4241 promissionem
641 4154 685 4221 illi
707 4152 942 4241 evangelizavit,
960 4151 1100 4241 quamvis
1116 4170 1155 4218 ex
1169 4148 1349 4216 misericor-

178 4274 226 4342 dia
242 4276 393 4344 Gentibus
409 4297 478 4344 scse
502 4276 659 4359 exhibuit3
685 4279 726 4344 ita
746 4276 862 4366 populo
882 4276 927 4343 illi
950 4275 1123 4365 promissus
1145 4284 1192 4339 est
1212 4271 1348 4360 Spiritus

177 4400 323 4483 Sanctus,
352 4412 383 4468 ct
410 4423 504 4491 super
536 4422 643 4470 omnes
674 4401 816 4469 homines
849 4400 1074 4487 cuiuscumque
1105 4394 1291 4464 conditionis
1318 4406 1348 4463 et
1416 4425 1419 4444 ·
