3074 5054
448 418 586 486 CAPUT
621 415 735 492 XVll,
772 414 895 483 VERS.
933 413 1079 481 ‘rt-77.
1292 413 1359 480 455

222 615 419 680 Praesentem
435 611 538 678 locum
556 629 613 699 per
628 607 841 698 Periphrasim
859 607 905 674 sic
918 604 1107 674 reddiderim
1123 625 1131 667 :
1150 604 1237 671 Deus
1253 613 1355 671 antem

185 737 282 818 noluit,
309 746 344 804 ut
369 734 510 803 homines
531 753 698 823 suspensas
714 734 753 802 ab
776 734 844 823 ipso
869 731 1020 800 haberent
1036 731 1115 797 vitae
1131 749 1206 798 suae
1223 731 1358 798 rationes

183 861 208 928 in
223 881 295 929 eum
312 859 418 940 linem,
436 870 471 927 ut
487 859 591 948 ipsum
608 867 805 947 quaererent,
824 857 851 923 si
869 855 947 923 forte
963 865 1161 922 attrectarent
1177 874 1247 922 eum
1265 864 1357 945 atque

183 987 360 1054 invenirent.
379 986 576 1072 Quamquam
600 983 738 1049 iuvenire
763 1002 834 1049 eum
858 979 984 1048 dillicile
1009 1000 1069 1047 nou
1094 990 1158 1062 est,
1177 1001 1273 1071 quum
1297 1002 1358 1049 uon
1456 1061 1460 1065 ⁴

183 1107 286 1195 procul
302 1118 440 1174 remotus
456 1107 528 1174 sita
545 1104 683 1194 quolibet
704 1115 863 1183 nostrum,
882 1103 946 1169 imo
963 1102 1090 1170 cuilibet
1110 1113 1250 1174 nostrum
1268 1127 1357 1195 prae-

184 1232 373 1300 sentissimus
399 1233 458 1310 sit3
489 1250 559 1297 nam
588 1229 712 1318 inipso
741 1227 890 1308 vivimus,
914 1238 944 1293 et
972 1247 1145 1306 movemur,
1173 1240 1203 1296 et
1231 1251 1356 1312 sumus;

184 1356 261 1445 quod
289 1356 468 1445 etquidem
494 1354 676 1422 vestratium
704 1354 869 1420 Petitarum
895 1353 1080 1431 innuerunt,
1104 1375 1175 1422 cum
1194 1355 1359 1428 dicerent:

184 1481 264 1548 Num
280 1482 377 1546 locrius
392 1481 561 1564 properiter
577 1498 697 1562 quoque
713 1498 835 1543 sanates.

223 1605 272 1670 De
297 1606 365 1671 Deo
388 1602 426 1670 ah
456 1601 581 1668 homine
605 1621 643 1666 ex
668 1601 818 1667 creaturis
847 1600 964 1669 lumine
992 1601 1120 1670 rationis
1147 1603 1362 1691 cognoscendo

179 1727 291 1795 dicturi
308 1746 417 1794 sumus
441 1726 472 1791 in
494 1725 746 1814 interpretatione
771 1725 927 1813 Epistulae
943 1724 982 1793 ad
999 1726 1156 1794 Romanos
1172 1727 1211 1795 ad
1227 1731 1303 1819 Cap.
1320 1732 1333 1796 l
1352 1755 1360 1798 ε

179 1853 235 1919 20.
261 1848 482 1942 Ψηλαφησειαν
511 1862 558 1916 est
585 1849 701 1916 doristi
730 1847 865 1937 Optativi
896 1849 995 1917 torma
1023 1851 1150 1919 Aeolica
1176 1873 1232 1942 pro
1261 1855 1363 1922 Attica

176 1972 402 2066 ψηλαφησαιεν.
426 1975 495 2040 lloc
514 1972 583 2040 loco
604 1970 767 2063 ψηλαφᾴν,
793 1976 834 2038 ad
854 1993 922 2038 rem
950 1974 1034 2062 quod
1055 1975 1180 2057 attinet,
1203 1978 1360 2064 signitica-

176 2101 263 2168 tione
280 2120 342 2166 nou
367 2098 470 2167 dillert
486 2118 502 2165 a
519 2109 667 2187 sequente
690 2100 850 2187 εὑρισκειν.
867 2099 1022 2167 Nimirum
1040 2101 1171 2188 legimus
1188 2123 1248 2170 nou
1265 2101 1362 2190 ψηλα-

177 2253 307 2321 φησειαν
331 2254 384 2291 και
405 2229 533 2318 adponet),
557 2226 612 2295 sed
631 2224 843 2318 ψηλαφησειαν
864 2252 882 2301 η
902 2229 1025 2319 eriperer.
1044 2268 1088 2278 —
1112 2233 1147 2298 ln
1172 2231 1307 2300 dictione
1329 2259 1364 2297 ou

181 2377 305 2443 μακραν
334 2355 454 2421 Litoten
484 2365 567 2421 nota.
598 2392 640 2402 -
668 2354 741 2422 Vox
768 2354 930 2439 eracapeda
966 2357 1060 2444 (nonis
1087 2377 1167 2423 noris
1197 2358 1364 2447 nronvoas)

181 2475 302 2544 fornae
325 2487 454 2544 estnon
478 2477 640 2555 Passinae,
671 2475 726 2544 sed
751 2476 890 2553 Mediae,
913 2487 946 2544 ut
972 2488 1114 2546 contexta
1135 2480 1233 2548 oratio
1256 2481 1366 2568 (ζωμεν

183 2626 236 2664 και
252 2600 359 2689 eopse)
375 2601 449 2668 satis
475 2599 675 2668 demonstrat.
695 2638 738 2650 —-
751 2601 838 2667 Pauli
856 2601 979 2669 effatum
1000 2623 1008 2664 ε
1027 2603 1068 2665 En
1086 2627 1170 2690 αυτῳ
1190 2627 1248 2696 γαρ
1265 2609 1364 2691 {aspen

187 2751 216 2788 κ.
241 2752 270 2792 τ.
295 2724 341 2806 λ.,
361 2727 488 2816 respicit
509 2747 570 2793 non
593 2746 697 2793 rerum
720 2737 893 2794 creatarum
912 2727 1163 2807 universitatem,
1182 2729 1237 2798 sed
1254 2730 1363 2799 huma-

188 2871 255 2919 nam
276 2862 394 2919 tantum
418 2863 609 2928 creaturam,
628 2857 662 2918 ut
679 2862 821 2918 contexta
837 2853 935 2919 oratio
960 2851 1076 2920 docet.
1095 2855 1162 2921 Nex
1178 2855 1289 2922 climax
1308 2877 1365 2923 uec

188 2973 362 3041 anticlimax
391 2985 436 3040 est
464 2974 496 3040 in
521 2974 603 3041 serie
627 2972 792 3042 verborum
820 2965 937 3062 ζωμενρ
967 2977 1149 3063 κινουμεθα,
1179 3001 1285 3065 espen,
1312 2978 1368 3047 sed

188 3096 285 3164 tribus
301 3097 431 3164 vocibus
448 3117 517 3178 res,
536 3096 573 3164 de
592 3116 653 3185 qna
670 3099 782 3186 agitur,
799 3102 928 3183 plenius
949 3101 1153 3167 describitur.
1172 3102 1367 3191 Praepositio

189 3244 216 3283 εν
236 3222 267 3288 iu
292 3222 344 3289 illo
361 3222 452 3289 ellato
469 3220 618 3288 sumenda
634 3233 680 3288 est
704 3233 737 3289 ut
762 3220 843 3290 diota
861 3223 952 3290 veluti
978 3226 1016 3289 de
1034 3227 1117 3306 loeo‚·
1133 3226 1268 3315 postulat
1285 3227 1368 3296 hunc

189 3364 312 3412 sensum
340 3345 457 3433 logicus
482 3367 579 3412 noxus
609 3344 693 3438 (pap)
720 3366 792 3412 cum
816 3347 1001 3434 antegressis
1021 3373 1028 3414 :
1048 3372 1167 3438 aaronye
1191 3374 1226 3414 on
1246 3375 1367 3443 μακραν

190 3494 246 3533 erro
274 3468 336 3545 ἑνος
365 3468 493 3535 ἕκαστον
519 3473 606 3557 ἡμων
634 3473 825 3561 ὑπαρχοντα.
850 3475 957 3562 ltaque
987 3472 1077 3540 docet
1101 3472 1153 3540 hic
1178 3475 1367 3564 ApostoluS,

189 3593 288 3661 Deum
303 3615 370 3662 esse
382 3595 462 3661 vitae
475 3607 598 3662 nostrae
614 3615 738 3662 causam
754 3595 949 3674 allicientem,
960 3597 1106 3663 contiuuo
1120 3597 1265 3666 omnibns
1278 3600 1368 3667 nobis

190 3716 294 3783 intime
322 3719 547 3806 praesentem'3
579 3739 640 3806 quo
659 3718 752 3786 simul
776 3719 868 3786 etiam
891 3718 1127 3786 immensitatem
1151 3721 1218 3808 ejus
1242 3721 1367 3812 oblique

192 3880 361 3889 ——--

221 3981 240 4049 ¹)
258 3981 333 4044 Quod
347 3981 458 4047 Spiuoza
475 3995 509 4032 ex
528 3979 576 4032 hoc
592 3979 665 4032 Pauli
678 3981 756 4032 effato
802 3987 867 4045 τιν,
886 3969 925 4039 ὡς
946 3987 1041 4054 χωρις
1062 3989 1155 4030 aerea
1178 3991 1219 4052 μη
1243 3970 1308 4056 Cpr.
1327 3968 1368 4030 En

189 4064 385 4118 Pantheismum
400 4079 478 4116 sunm
494 4063 610 4117 stabilire
627 4065 755 4127 volucrit,
804 4101 887 4162 αυτῳ
900 4099 957 4167 70³?
971 4078 1068 4162 qoepw
1082 4101 1133 4139 m
1146 4077 1307 4164 χινουμεθα
1319 4102 1368 4140 καί

190 4149 285 4199 mirum
305 4147 387 4199 videri
408 4146 599 4212 debet‚quum
618 4145 758 4211 Apostolus
927 4174 964 4240 (Ω
1237 4178 1242 4193 .
1290 4173 1309 4240 ὃ
1356 4215 1370 4227 ι

190 4235 236 4297 (vs.
249 4233 291 4300 ul)
304 4234 391 4284 verbis
404 4237 455 4284 tam
468 4233 613 4299 perspicuis
628 4232 755 4284 Condito·
804 4198 908 4261 wfm'
966 4198 1023 4249 W
1040 4199 1207 4263 σωματῑκῳ
1230 4201 1287 4297 W?
1309 4200 1354 4267 Hy

804 4299 877 4360 ματι
909 4298 1045 4339 τοιουτον
1076 4300 1104 4339 τι
1142 4273 1232 4365 depes·
1267 4299 1369 4365 ωσπερ

189 4330 243 4367 rem
256 4330 270 4368 a
282 4316 360 4368 rebus
371 4315 482 4367 conditis
494 4315 646 4378 distinguat.

221 4401 241 4463 ¹)
260 4399 287 4452 s,
308 4398 400 4463 Chrys,
418 4398 493 4450 Hom,
509 4399 541 4448 38
557 4397 585 4448 111
604 4398 661 4449 Ace.
682 4397 755 4462 Αρ,;
803 4371 951 4438 adorator
969 4398 1116 4465 αγνοησαι
1132 4397 1183 4438 τον
1201 4398 1274 4464 αερα
1293 4398 1369 4438 παν·

188 4477 223 4539 Tr
241 4473 318 4565 λεγω
336 4495 473 4562 ponpam
493 4476 588 4547 οὑτως
604 4495 690 4562 εγγυς
706 4496 756 4536 εσ-
802 4496 900 4558 ταχου
924 4495 1108 4559 κεχυμενον,
1122 4497 1173 4536 και
1191 4499 1225 4537 ου
1250 4497 1370 4566 paupera
