3074 5054
412 402 552 471 CAPUT
586 403 652 481 Xl,
689 403 811 472 VERS.
851 403 998 472 to-tu.
1231 403 1296 471 505

111 591 167 679 qui
184 561 284 679 patrio
300 611 444 659 sermone
467 592 633 660 utebantur
657 596 799 674 Graeco,
818 592 873 660 sed
896 589 1054 670 Ελληνας,
1073 590 1105 658 id
1129 601 1193 669 est,
1214 591 1297 658 Gen·

111 714 196 781 tiles.
216 715 253 780 Et
268 735 344 782 vero
360 717 457 783 series
474 717 661 784 narrationis
677 715 761 784 bunc
785 717 976 784 intellectum
996 716 1154 805 postulare
1170 716 1297 782 omnino

111 838 252 921 videtur3
280 860 351 907 nam
379 864 456 915 τινες
478 841 521 907 illi
545 840 603 923 (vs.
629 841 684 923 20)
709 841 840 929 reliquis
863 841 1129 930 praedicatoribus
1153 844 1212 928 (rs.
1238 835 1297 926 ta)

111 973 318 1047 opponuntur
342 959 397 1045 (δε)
422 975 578 1052 tamquam
603 965 679 1032 tales
704 966 758 1053 qui
783 965 936 1046 iacerent,
960 965 1044 1053 quod
1072 985 1133 1032 uon
1160 963 1297 1030 fecerant

111 1085 344 1185 reliqui-Cum
372 1107 445 1173 ergo
474 1087 585 1175 reliqui
610 1087 753 1155 dicantur
778 1089 978 1176 Evangelium
1004 1088 1210 1155 annuuoiasse
1234 1108 1298 1154 oon

111 1215 190 1278 aliia
210 1234 307 1299 quam
329 1215 406 1279 solis
426 1215 558 1279 Iudaeis
582 1209 698 1303 (pudere
722 1211 883 1288 λαλουντες
906 1237 957 1278 τον
982 1212 1070 1303 λογον
1093 1237 1118 1277 ει
1136 1238 1177 1299 μη
1207 1235 1297 1299 μονον

110 1331 286 1424 londonien),
303 1335 351 1404 ris
367 1335 467 1422 logica
490 1336 644 1424 postulat,
663 1348 695 1403 nt
711 1336 756 1403 illi
772 1360 848 1411 τινες
868 1336 1078 1423 intelligantur
1094 1336 1298 1423 Evangelinm

110 1456 297 1525 Antiochiae
323 1458 528 1525 annuuoiasse
557 1459 744 1525 Gentilibus.
771 1461 837 1527 Nec
861 1458 950 1526 video
976 1458 1050 1548 quid
1074 1458 1192 1539 obstet,
1217 1480 1296 1547 quo·

111 1581 216 1648 minus
240 1581 456 1659 coniciamus,
483 1602 639 1650 rumorem
665 1583 705 1651 de·
727 1584 871 1652 Cornelio
892 1584 1021 1671 suisque
1037 1603 1055 1650 a
1071 1585 1163 1651 Petro
1181 1584 1212 1648 in
1238 1585 1297 1649 Ec·

110 1704 239 1771 clesiam
267 1703 382 1772 Christi
412 1705 556 1773 admissis
584 1707 644 1773 iam
673 1717 738 1774 tum
767 1707 920 1796 perlatum
949 1707 1046 1774 luisse
1078 1706 1295 1788 Antiochiam,

110 1848 176 1917 quo
205 1839 344 1918 tempore
371 1829 600 1918 praedicatores
628 1830 672 1897 illi
701 1831 810 1920 Cyprii
839 1841 869 1897 et
897 1831 1048 1917 Cyrenaei
1078 1830 1158 1897 bano
1186 1798 1297 1897 urbem

109 1951 245 2019 adirent.
273 1953 313 2019 Hi
341 1973 414 2042 ergo
439 1954 464 2021 si
489 1955 676 2033 annaliter,
702 1954 750 2020 vel
778 1954 878 2042 ipsius
905 1955 988 2019 Petri
1019 1954 1162 2042 exemplo
1191 1953 1297 2021 induci

110 2087 297 2165 potuerunt,
324 2087 358 2144 ut
381 2075 528 2166 deinceps
552 2079 644 2146 etiam
673 2076 816 2145 Etbnicis
840 2077 1042 2164 Euangelium
1068 2077 1295 2166 praedicarent.

158 2317 215 2386 Ἠ.
242 2316 396 2383 Pervenit
418 2330 522 2385 eutem
546 2340 692 2386 sermo...
710 2341 807 2404 super
828 2323 918 2404 ictis,
938 2318 1025 2400 etc).
1044 2321 1164 2389 Graece
1180 2324 1195 2384 ὁ
1213 2318 1299 2410 leym

180 2464 247 2532 περι
271 2465 389 2520 aaron,
409 2441 442 2509 b.
462 2464 491 2510 e.
510 2446 598 2528 [omo
621 2446 659 2508 de
681 2447 732 2509 leis
755 2444 832 2510 viris
856 2443 982 2532 Cypriis
1006 2453 1035 2509 et
1057 2443 1225 2529 Cyrenaeis
1244 2442 1300 2532 (de

109 2565 196 2634 felici
224 2586 374 2634 successu
402 2587 463 2655 quo
491 2567 675 2634 Antiochiae
704 2567 857 2637 Gentibus
882 2567 1135 2657 praedicaverant
1160 2570 1299 2654 Euange-

109 2687 206 2778 lium)
231 2691 371 2778 peruenit
393 2691 431 2758 ad
461 2711 552 2758 aures
581 2692 731 2758 ecclesiae
759 2692 1079 2777 Hierosolymitanae,
1105 2690 1246 2779 adeoque
1269 2701 1299 2757 et

109 2813 152 2881 ad
175 2834 267 2881 aures
291 2814 416 2882 illorum
433 2816 672 2905 Apostolorum,
691 2816 744 2904 qui
767 2826 841 2883 tnnc
865 2817 1104 2902 Hierosolymae
1129 2816 1207 2883 forte
1231 2836 1300 2904 age-

110 2947 195 3005 rent.
212 2939 341 3006 Petrum
358 2949 387 3005 et
404 2940 550 3008 lacobnm
568 2940 611 3007 ibi
629 2952 695 3007 tum
712 2941 821 3021 luisse,
847 2960 885 3008 ex
902 2941 983 3007 serie
999 2940 1187 3007 narrationis
1203 2939 1296 3029 (Cap.

109 3061 176 3127 Xll
200 3080 208 3120 τ
234 3060 338 3150 t-t)
365 3073 412 3128 sat
439 3073 524 3129 certo
551 3061 719 3150 colligitur.
751 3062 799 3130 Ad
827 3062 885 3129 bos
912 3082 985 3149 ergo
1014 3061 1185 3128 reseramus
1213 3060 1297 3150 quod

109 3203 209 3271 porro
223 3194 327 3250 narrat
340 3185 440 3252 Lucas
458 3211 466 3251 :
485 3196 516 3250 et
530 3190 687 3252 eniserunt
702 3187 884 3251 Bernubom
898 3206 994 3271 usque
1011 3188 1053 3251 ad
1068 3186 1276 3251 Antiochiam
1281 3210 1297 3268 ,-

109 3309 235 3376 Gt'aece
253 3331 261 3372 :
280 3331 331 3371 nott
351 3304 564 3384 εξαπεστειλαν
588 3305 754 3398 Βαρναβαν
781 3305 917 3372 ὃιελθεινί
943 3330 982 3381 εις
1000 3305 1193 3393 detraxerant,
1213 3305 1246 3373 h.
1266 3327 1295 3374 e.
1396 3374 1398 3378 Α

108 3443 141 3497 et
163 3432 353 3516 ebleporeent
375 3433 562 3498 Bernobom
585 3443 621 3498 ut
644 3437 704 3498 iret
721 3429 856 3523 (desidera
880 3430 1055 3497 lnfinitivus
1076 3432 1168 3516 finis)
1185 3432 1300 3497 Antio-

109 3560 234 3641 ettam,
261 3567 350 3645 puta,
377 3568 410 3624 ut
436 3557 605 3646 apostolica
634 3557 816 3624 auctoritate
844 3554 1103 3644 comprobaretur
1128 3554 1213 3641 quod
1238 3555 1302 3623 lac·

108 3695 179 3750 tum
194 3681 295 3749 fuerat
310 3681 349 3750 ab
366 3681 428 3748 illis
444 3682 570 3769 Cypriis
591 3692 621 3747 et
644 3681 812 3768 Cyrenaeis
834 3677 1117 3769 praedicatoribus.
1144 3678 1301 3747 Barnabas

115 3844 290 3857 nnn-u·—

108 3952 218 4004 Ἅπας
245 3962 279 4002 an
306 3923 453 4000 Έλληνας
477 3943 603 4008 legerint,
625 3944 683 3996 dis·
729 3919 1121 3996 oratiolectionem‘Ellnuetg
1137 3933 1244 3986 omnino
1257 3935 1300 3984 ri-

109 4028 185 4080 cerni
205 4027 312 4092 nequit,
329 4039 412 4092 quum
429 4038 506 4078 voces
526 4026 583 4078 illas
604 4027 684 4078 inter·
729 4023 823 4075 dentur
842 4021 990 4088 postulare,
1011 4024 1040 4072 ut
1059 4021 1087 4071 in
1108 4017 1301 4070 Commentario

109 4113 260 4180 pretatione
280 4124 327 4163 sua
340 4125 394 4163 uon
407 4111 570 4176 distinguant
581 4111 685 4177 (Conler
732 4107 850 4159 docetur.

110 4201 171 4251 Act.
188 4198 246 4250 Vl:
268 4199 339 4261 l‚et
353 4196 411 4247 Act.
432 4197 509 4248 XlV:
528 4197 563 4263 t).
582 4198 684 4258 Quam-

112 4261 685 4347 quamvaroleotio‘EltlnuorginCodioibus
765 4277 784 4343 ¹)
801 4279 865 4327 vnn.
880 4291 951 4327 cuer.
965 4277 1022 4328 Vox
1044 4256 1171 4323 desident
1189 4285 1241 4323 non
1261 4271 1301 4321 le-

112 4361 243 4414 minorem
270 4360 350 4413 habet
382 4361 579 4424 auctoritatem,
610 4360 685 4411 alteri
731 4359 802 4422 gitur
813 4359 841 4409 in
851 4358 931 4410 Codd.
945 4358 1048 4422 aaut
1060 4357 1146 4410 necin
1157 4356 1237 4408 uariis
1249 4368 1301 4406 an-

111 4449 201 4498 tamen
213 4443 385 4510 praeferenda
398 4445 455 4506 est,
469 4457 552 4509 quum
565 4445 686 4495 contexta
731 4441 813 4506 tiquis
827 4439 1002 4492 versionibus.
