3074 5054
178 376 241 442 158
514 372 650 449 ACTUS
686 382 1021 464 APOSTOLORUM,

124 585 126 591 ·
175 580 263 643 rum,
292 564 366 651 quia
393 565 439 631 eis
472 566 639 637 obiioiebat
665 583 827 660 peecatum
860 572 1096 660 gravissimum,
1126 573 1210 661 quod
1237 574 1362 642 scilieet

174 684 333 755 Christum
346 687 544 758 oeeidissent.
562 695 608 760 Ne
621 715 693 783 ergo
707 695 774 762 eius
788 696 909 763 veniam
922 695 1099 786 desperent,
1113 698 1238 778 asserit,
1252 699 1360 766 Deum

174 830 231 899 per
255 809 415 879 Christum
431 814 535 882 omnia
552 818 677 886 omnino
700 830 845 908 peeeata,
859 821 951 887 etiarn
976 819 1037 888 hoe
1060 820 1272 903 Christieidii,
1290 824 1358 901 eis,

174 933 201 1000 si
219 934 395 1022 poeniteant
410 948 438 1004 et
455 938 583 1007 credant
598 941 630 1007 iu
646 941 825 1024 Christum,
843 942 1102 1011 condonaturum.
1122 971 1136 1001 ι

220 1181 276 1246 55.
303 1191 334 1246 et
357 1202 413 1246 uos
432 1202 541 1248 sumus
564 1191 656 1247 testes
678 1183 793 1247 horum
817 1184 1001 1265 verborum,
1028 1181 1120 1272 eto).
1146 1184 1266 1253 Graeoe
1295 1209 1358 1249 των

175 1323 318 1391 paperes
344 1326 476 1383 τουτων,
502 1302 586 1393 quod
602 1323 641 1370 ex
657 1323 745 1371 more
760 1303 907 1393 loquendi
932 1305 1166 1386 Hebraeorum,
1194 1305 1247 1394 qui
1265 1321 1361 1393 πῆς-ρ

173 1419 293 1512 (verbo)
306 1425 455 1493 vocabant
466 1448 529 1512 res,
543 1424 596 1493 hie
607 1425 789 1495 vertendum
801 1436 848 1494 est
862 1451 870 1493 ε
886 1430 1023 1494 istorum
1035 1449 1158 1494 rerum.
1175 1425 1361 1514 Intelligen-

175 1559 226 1615 tur
242 1559 344 1617 autem
360 1552 432 1618 lesu
447 1551 635 1618 resurreetio
660 1560 690 1616 et
714 1551 745 1616 in
769 1550 891 1618 eoelum
907 1549 1086 1636 adscensio,
1102 1571 1235 1641 quarum
1251 1569 1361 1616 rerum

174 1672 315 1761 Apostoli
339 1683 432 1741 testes
448 1673 570 1741 fuerant
593 1672 719 1741 oeulati.
742 1677 788 1740 Et
802 1674 947 1759 Spiritus
962 1675 1115 1757 Sanetus,
1142 1674 1281 1754 Graece,
1310 1697 1365 1735 και

178 1820 212 1861 το
228 1818 347 1884 europa
363 1792 396 1861 de
411 1821 445 1861 ro
462 1797 566 1887 ἅγιον,
587 1796 671 1887 quod
692 1797 874 1865 vertendum
897 1810 944 1866 est
962 1824 970 1866 :
989 1810 1019 1864 et
1031 1809 1201 1884 praeterea
1215 1797 1366 1882 Spiritus

177 1919 328 1986 Sanetus.
347 1920 396 1986 De
419 1920 519 1987 isthae
545 1920 575 1986 vi
603 1918 777 1988 Partieulae
793 1916 825 1984 de
847 1921 918 1989 vide
941 1921 1174 2010 Hoogevenium
1190 1919 1229 1987 ad
1245 1919 1360 2007 Vigor.

176 2044 252 2134 Cap.
267 2045 365 2123 Vlll,
384 2044 467 2112 Seet.
492 2044 590 2125 Vlll,
608 2045 748 2114 XXVll.
768 2046 875 2134 ltaque
899 2065 1009 2113 sensus
1025 2056 1094 2112 est:
1114 2046 1232 2111 Earum
1249 2063 1361 2111 rerum

177 2179 270 2237 testes
286 2190 395 2237 sumus
410 2189 472 2236 non
488 2180 605 2237 mutum
631 2190 704 2251 nos,
723 2170 778 2238 sed
794 2181 824 2237 et
843 2169 978 2259 Spiritus
994 2170 1142 2261 Sanetus,¹
1162 2189 1254 2258 quem
1270 2170 1363 2237 Deus

177 2293 261 2364 dedit
282 2295 321 2362 iis
343 2295 496 2362 omuibus
514 2296 568 2384 qui
585 2296 616 2362 in
632 2294 820 2363 admittenda
842 2294 903 2363 fide
919 2294 1034 2362 Christi
1050 2295 1119 2362 Deo
1135 2293 1295 2362 obediunt.
1315 2331 1363 2344 -

178 2418 349 2486 Veritatem
373 2437 500 2499 eorum,
518 2438 597 2508 quae
613 2419 754 2508 Apostoli
778 2416 998 2508 praedicabant
1021 2428 1056 2485 ut
1079 2428 1188 2497 testes,
1206 2427 1362 2484 contesta-

178 2539 268 2608 batur
283 2541 419 2630 Spiritus
442 2541 573 2609 Sanetus
595 2562 652 2630 per
674 2541 757 2608 varia
780 2541 984 2619 charismata,
1010 2551 1044 2608 ut
1068 2551 1141 2630 puta
1160 2539 1277 2609 donum
1300 2539 1363 2607 lin--

176 2686 328 2755 guarum,
343 2665 458 2734 donum
476 2665 675 2755 prophetiae,
693 2666 809 2733 donum
834 2666 983 2733 miracula
999 2664 1129 2744 edendi,
1144 2685 1223 2753 quae
1238 2662 1363 2731 charis-

177 2802 256 2858 mata
272 2790 430 2880 Apostolis
451 2790 583 2878 aliisque
605 2788 748 2857 fidelibus
769 2790 880 2857 oollata
899 2788 1009 2871 luisse,
1028 2810 1078 2856 res
1100 2787 1260 2856 manifesta
1277 2799 1359 2855 erat.

177 2915 225 2982 Cf.
245 2917 306 3004 Ep.
325 2914 364 2982 ad
380 2913 479 2982 Hehr.
498 2916 575 3003 Cap.
594 2915 624 2981 ll
645 2940 653 2981 ι
672 2916 711 2994 5,
730 2916 763 2981 l.

224 3166 280 3232 55.
305 3163 355 3231 Ad
372 3162 451 3230 haue
467 3163 551 3230 Petri
575 3162 745 3229 orationem
762 3161 919 3230 debuisset
943 3157 1141 3247 Synedristas
1165 3155 1361 3224 Christioidii

178 3288 227 3355 sui
256 3288 431 3378 poenitere;
461 3287 516 3356 sed
544 3287 594 3354 isti
623 3297 730 3354 eontra
758 3281 817 3373 (de)
844 3284 964 3352 animos
992 3281 1173 3362 obfirmant,
1197 3279 1274 3347 adeo
1302 3291 1359 3362 ut,

177 3412 281 3481 audito
309 3432 346 3481 eo
373 3413 457 3479 Petri
477 3432 655 3502 responso,
685 3411 732 3477 ira
758 3408 1023 3497 dirumperentur,
1048 3416 1078 3473 et
1103 3406 1164 3472 iarn
1184 3415 1363 3475 statuerent

178 3533 397 3627 (εβουλευοντο)
418 3537 585 3627 Apostolos
609 3535 764 3604 occidere.
779 3572 823 3582 -
836 3535 905 3601 lloe
928 3552 1021 3599 sensu
1044 3526 1229 3616 βουλευομαι
1245 3529 1362 3616 legitur

179 3658 259 3727 inira
283 3660 360 3749 Cap.
379 3660 504 3730 XXVll
525 3686 532 3728 :
552 3663 607 3729 59.
633 3658 683 3727 Ad
698 3655 864 3751 διεπριοντο
882 3655 964 3746 quod
980 3655 1105 3735 attinet,
1124 3674 1181 3743 pro
1198 3672 1260 3743 quo
1283 3651 1360 3721 alibi

179 3783 275 3873 (inira
290 3786 369 3875 Cap.
383 3784 445 3854 Vll
466 3810 473 3852 :
493 3787 547 3867 54)
571 3782 662 3873 plene
677 3782 789 3871 legitur
805 3778 970 3872 disruptores
993 3804 1060 3854 ταις
1081 3774 1222 3869 καρδιαις
1238 3800 1358 3856 aaron,

178 3908 255 3976 illud
277 3910 405 3999 proprie
427 3909 506 3977 valet
529 3910 766 3976 dissecabantur
785 3929 890 3974 serra.
916 3905 1086 3994 «Simplex
1105 3902 1234 3970 verbum
1257 3923 1358 3990 πριω,

211 4190 230 4256 1)
247 4189 313 4242 Van.
334 4203 405 4240 noer.
426 4188 535 4254 Vulgata
556 4191 644 4242 nostra
665 4187 744 4240 habet
788 4187 896 4252 Antiqq.
911 4184 973 4238 Itala
984 4224 990 4248 ‚
1003 4184 1117 4249 Syriaca,
1130 4180 1291 4246 Aethiopica,
1308 4193 1361 4233 nee

178 4272 296 4324 Ouarnus
305 4271 480 4323 obedientibus
493 4271 559 4334 sibi;
570 4271 616 4323 sed
627 4283 679 4322 vox
690 4284 745 4323 om·
789 4269 853 4321 leota
878 4268 929 4320 luit
951 4267 984 4319 ab
1007 4267 1132 4326 lreuaeo,
1154 4263 1338 4329 Chrysostoom
1352 4303 1359 4324 ,

178 4355 271 4416 uibus,
285 4353 556 4420 quantumvideo‚in
574 4353 646 4405 nullo
658 4352 745 4405 codiee
789 4350 980 4418 Theophylacto
1013 4348 1181 4402 Oeeumenio.
1225 4344 1360 4397 Glossema

179 4449 271 4502 graeoo
290 4435 394 4501 legitur.
416 4435 497 4489 tuest
512 4436 632 4494 ,otiante
658 4436 745 4489 Verss.
791 4436 855 4488 mihi
879 4435 994 4488 videtur.
