3074 5054
399 392 537 460 CAPUT
571 391 716 469 XXVll,
754 389 876 457 VERS.
914 391 1060 459 aio-54.
1260 399 1325 464 579

147 592 300 648 carerent.
324 584 413 650 Mens
432 580 518 647 illius
538 589 620 657 erat,
638 590 673 645 ut
689 599 797 645 omnes
818 579 850 644 in
877 579 946 645 navi
976 594 1209 667 permanerent,
1233 594 1327 673 atquc

148 713 254 768 mutuo
274 722 343 770 sese
358 703 498 768 iuvarent
513 700 647 781 auxilio,
665 711 696 767 et
714 699 792 767 nihil
812 700 994 768 intentatum
1010 702 1223 791 relinquerent
1241 706 1327 794 quod

147 841 198 889 ars
213 834 305 912 atque
324 824 475 892 industria
498 835 688 912 suggereret.
712 823 806 911 Atqui
827 824 858 889 in
874 835 958 891 tanto
975 825 1116 913 periculo
1129 847 1324 916 nequaquam

147 956 308 1013 nautarum
319 958 386 1015 arte
401 958 493 1035 atque
505 945 657 1013 industria
672 949 780 1012 cai-ere
796 957 951 1041 poterant.

192 1074 432 1141 Praetexuerant
453 1083 579 1151 nautae,
602 1071 682 1138 velle
703 1091 737 1138 se
759 1072 850 1139 etiam
876 1092 1003 1162 aprora
1024 1076 1180 1165 navigium
1203 1078 1327 1146 ancoris

148 1193 319 1277 infrenare3
344 1194 427 1283 quod
450 1207 483 1263 ιιι
507 1206 710 1284 praestarent,
742 1215 870 1263 necesse
887 1208 954 1264 erat
975 1209 1009 1265 ut
1031 1218 1174 1279 ancoras,
1192 1200 1327 1290 scaphae

147 1318 321 1406 impositas,
339 1318 498 1406 paululum
519 1338 537 1384 a
553 1319 674 1406 navigio
691 1320 800 1386 remoti
817 1319 848 1386 in
866 1339 952 1386 mare
967 1321 1180 1389 iactarent.-
1197 1324 1327 1391 Partici-

147 1440 234 1528 pium
251 1437 423 1526 μελλοντων
440 1461 501 1507 non
514 1440 657 1529 pendete
673 1463 837 1532 προφασει,
851 1441 907 1508 sed
919 1454 966 1510 est
978 1444 1140 1513 Genitivus
1153 1446 1326 1531 absolutas,

148 1566 271 1654 qualem
281 1566 382 1633 solent
397 1565 545 1634 adhibere
561 1567 760 1654 Graecipost
770 1567 958 1635 Particulam
975 1567 1031 1647 ὡς,
1049 1567 1102 1636 ubi
1120 1572 1216 1653 paesi
1228 1580 1324 1638 notat.

148 1687 196 1754 Cl.
210 1689 363 1755 Zeunium
379 1687 418 1755 ad
433 1688 543 1775 Viger.
557 1689 634 1777 Cap.
654 1688 748 1768 Vlll,
763 1698 840 1756 sect.
860 1690 909 1767 X,
930 1691 987 1756 lll.

193 1930 338 1996 33-31..
365 1931 496 1994 Etcum
512 1932 569 1994 lux
586 1932 739 2012 inciperet
755 1933 847 2014 fieri,
869 1928 957 2009 etc).
980 1929 1097 1997 Eadem
1113 1941 1215 1998 autem
1235 1925 1324 1999 nacte

148 2053 209 2140 (vs.
236 2051 295 2142 29)
323 2053 437 2119 Paulus
463 2074 561 2136 arque
588 2054 664 2117 dam
692 2056 861 2119 lacesceret
887 2055 989 2144 (αχρις
1016 2045 1050 2116 οὗ
1078 2051 1201 2140 apellae
1228 2055 1325 2145 ἥμερα

148 2173 298 2263 prosudat)
318 2179 464 2239 continuo
482 2176 713 2239 adhortabatur
735 2171 929 2263 (παρεκαλει,
955 2174 1174 2263 lmperleotum
1198 2174 1236 2242 de
1257 2187 1328 2242 actu

149 2317 242 2386 saepe
266 2295 391 2384 iterato)
414 2315 538 2374 omnes,
563 2307 598 2363 ut
616 2297 723 2364 cibum
745 2306 909 2384 caperent,
934 2293 1041 2362 dicens
1067 2321 1076 2362 ε
1107 2296 1218 2382 Agitur
1235 2294 1328 2363 hodie

151 2419 217 2485 dies
229 2418 368 2485 decimus
381 2406 513 2506 quartus
522 2439 559 2485 ex
568 2430 863 2506 quo,ecrpectootea
875 2415 1131 2510 (προσδοκῶντες)
1144 2417 1236 2485 finem
1251 2429 1328 2488 tem·

150 2543 290 2629 pestatis,
309 2545 412 2607 ieiuni
428 2546 621 2626 permancatis
639 2548 750 2626 (ασιτοι
772 2538 959 2622 bracatam),
977 2541 1062 2608 nullo
1090 2553 1214 2630 sumpto
1241 2540 1325 2608 cibo.

149 2665 347 2754 Quapropter
368 2663 478 2732 hortor
496 2685 569 2745 vos,
592 2676 627 2731 ut
648 2664 753 2732 cibum
777 2664 923 2744 sumatis;
948 2663 1008 2731 lroc
1031 2664 1113 2730 enirn
1137 2664 1328 2732 adsalutem

149 2799 280 2854 vestram
313 2787 396 2853 facit.
430 2787 483 2854 Sic
514 2787 596 2852 enim
629 2805 719 2874 pares
748 2785 835 2852 eritis
874 2784 1058 2873 perferendo
1095 2783 1236 2865 labores,
1273 2786 1325 2875 qui

149 2906 301 2976 subeundi
318 2907 407 2975 vobis
424 2919 516 2974 erunt
532 2906 571 2974 ad
587 2906 780 2973 evadendum
794 2907 825 2972 in
844 2917 970 2972 terram.
993 2907 1091 2986 Nam,
1112 2915 1147 2972 ιιι
1162 2905 1225 2972 dixi
1238 2955 1248 2984 ,
1262 2925 1331 2973 eva·

151 3028 247 3109 detis,
265 3049 323 3096 nec
339 3030 393 3096 nlli
411 3029 547 3095 restrium
564 3028 612 3094 vel
628 3027 760 3116 capillus
777 3027 933 3116 decapite
950 3028 1078 3116 peribit.

196 3150 294 3241 Λχρις
306 3149 356 3237 ob,
375 3174 471 3237 caque
486 3156 579 3234 dam,
594 3161 752 3238 utsupra,
767 3150 843 3237 Cap.
858 3150 919 3217 Vll
940 3173 948 3215 ι
966 3151 1006 3215 18
1019 3159 1051 3215 et
1066 3148 1165 3216 Hebr.
1181 3150 1228 3215 lll
1248 3173 1256 3216 ε
1273 3150 1327 3217 15.

151 3275 271 3342 Graeca
284 3275 408 3361 Belgica
419 3274 545 3340 valent:
565 3284 609 3339 tot
622 3275 677 3338 dot
693 3275 743 3336 bet
759 3274 818 3353 dap
833 3273 928 3336 wilde
939 3274 1088 3353 mordeo,
1105 3271 1127 3334 i.
1146 3291 1174 3337 e.
1190 3271 1286 3353 bacon
1302 3280 1332 3339 te

151 3400 290 3464 mordeo.
305 3437 349 3448 —
364 3391 701 3488 Τεσσαρεσκαιδεκατην
719 3394 833 3483 ἡμεραν
853 3403 900 3460 est
918 3393 1113 3460 accusativus
1128 3393 1239 3456 obiecti
1255 3403 1330 3457 tem-

150 3523 293 3604 poralis,
319 3534 488 3609 utsupra,
518 3520 594 3607 Cap.
624 3519 702 3584 Xlll
731 3541 739 3583 :
766 3518 822 3584 11.
845 3514 928 3582 Vide
950 3516 1008 3584 Gr.
1032 3533 1102 3602 pag.
1125 3515 1202 3581 235.
1227 3515 1261 3580 6.
1284 3549 1329 3561 -

151 3643 291 3712 Verbum
308 3640 455 3708 ὃιατελειν
472 3642 524 3709 hic
542 3641 732 3709 construitur
753 3658 824 3705 cum
842 3636 994 3704 adiectivo
1013 3646 1130 3702 statam
1154 3633 1327 3714 indicante;

152 3765 259 3833 eodem
284 3766 376 3833 modo
399 3765 541 3844 AElianus
568 3767 656 3854 (Vor.
683 3763 766 3830 Hist.
796 3760 867 3827 Lib.
893 3761 938 3837 X,
969 3760 1000 3847 6)
1029 3756 1106 3825 dixit
1132 3779 1140 3822 ε
1166 3751 1329 3818 barreteam

152 3911 272 3962 ανοσος.
298 3888 474 3962 Notandum
493 3897 596 3954 autem
622 3898 686 3966 est,
704 3895 890 3953 structuram
915 3880 996 3947 hanc
1019 3899 1088 3947 esse
1103 3878 1274 3957 rariorem,
1300 3888 1330 3944 et

152 4009 253 4076 solere
269 4009 442 4076 istiusmodi
461 4006 562 4074 verbis
579 4007 663 4094 iungi
683 4006 861 4095 Participia.
877 4001 959 4072 Vide
971 4004 1030 4071 Gr.
1045 4020 1115 4090 pag.
1135 4001 1213 4077 569,
1234 4001 1266 4066 l.
1284 4034 1329 4046 —-

151 4132 244 4219 Quod
271 4133 385 4202 dicitur
410 4154 511 4195 ασιτοι
539 4125 721 4210 διατελειτε,
752 4124 844 4216 μηδεν
871 4119 1132 4216 προσλαὸομενοι,
1161 4120 1239 4188 illud
1266 4139 1328 4201 nou

152 4256 245 4324 nimis
259 4255 462 4345 premendum
481 4262 539 4320 est.
560 4253 679 4340 Nempe
697 4271 759 4328 non
783 4251 909 4320 omnino
925 4249 964 4324 ab
984 4246 1066 4316 omni
1084 4244 1155 4313 cibo
1170 4243 1328 4323 abstinue-

152 4381 232 4464 rint,
258 4381 314 4450 sed
338 4380 379 4449 ob
401 4381 600 4458 continuum,
626 4378 656 4444 in
679 4397 742 4464 quo
764 4386 977 4456 versarentur,
1003 4371 1112 4442 mortis
1134 4370 1327 4461 periculum,
