3074 5054
486 382 625 450 CAPUT
664 383 711 460 V,
753 380 875 450 VERS.
919 381 1065 449 lii—20.
1296 381 1356 448 151

200 570 415 658 praedicabant,
434 592 527 661 quam
544 571 588 637 illi
607 569 768 658 negabant.
788 571 869 658 Ergo
886 569 917 637 in
935 569 1073 637 novellae
1096 567 1255 656 religionis
1271 586 1360 658 prae·

198 692 329 763 dicatores
361 696 433 763 odic
464 707 647 763 exarserunt
679 695 875 784 potissimum
906 693 1090 761 Sadducaei.
1123 691 1216 778 Quod
1243 691 1359 759 dicitur

198 840 331 897 αναστας,
356 818 552 886 referendum
576 817 637 886 hoc
658 829 705 886 est
728 830 788 885 mm
810 816 848 885 ad
870 822 885 880 ‘a
905 839 1062 908 αρχιερευς
1078 835 1170 907 quam
1192 815 1231 883 ad
1251 837 1359 888 παντες

197 947 217 1005 at
235 967 285 1007 aaa
307 967 404 1030 aurp.
431 947 539 1011 Putem
564 953 686 1021 autem,
711 963 818 1009 vocam
839 965 973 1016 αναστας
996 942 1027 1008 iu
1051 940 1205 1030 praesenti
1227 941 1295 1008 loco
1320 938 1358 1006 ad

196 1067 365 1136 erectionem
390 1089 451 1136 non
479 1071 623 1153 eorporis
649 1067 704 1135 sed
732 1070 835 1133 animi
855 1087 925 1134 esse
947 1065 1159 1145 referendam3
1185 1076 1219 1132 ut
1240 1064 1361 1131 scilicet

194 1188 382 1276 significetur,
399 1212 556 1260 summum
580 1189 759 1280 pontificem
781 1201 964 1278 ceterosque
986 1188 1196 1270 Sadducaeos,
1215 1186 1361 1275 Synedrii

193 1333 369 1396 assessoreS,
387 1318 453 1384 zelo
470 1337 545 1384 suae
561 1326 664 1384 sectae
680 1314 882 1403 (επλησθησαν
895 1314 1001 1401 ζηλου)
1018 1319 1185 1395 caecitates,
1204 1313 1363 1381 doctrinae

192 1438 371 1510 Christianae
393 1462 578 1531 progressus
601 1441 683 1509 haud
705 1440 840 1530 amplius
865 1441 983 1509 tulisse.
999 1442 1105 1508 —De
1129 1440 1285 1508 locutione
1308 1461 1363 1502 aar

190 1585 237 1625 aaa
262 1587 338 1628 ειναι
366 1563 481 1632 videsis
508 1565 672 1652 vigeram,
698 1565 775 1654 Cap.
801 1565 867 1645 lX,
893 1563 976 1631 Sect.
1005 1565 1047 1644 V,
1074 1565 1118 1631 X.
1144 1561 1363 1630 Detruduntnr

189 1688 319 1776 Apostoli
340 1708 403 1755 nou
424 1689 456 1755 in
473 1709 630 1754 carcerem
652 1692 817 1773 privarant
833 1686 917 1755 velut
937 1689 1165 1770 emancipandi,
1184 1685 1240 1754 sed
1255 1687 1286 1753 iu
1300 1708 1362 1771 pa·

187 1816 292 1882 ilicone
311 1813 452 1906 (τηρησις
479 1811 648 1904 dapenna),
675 1815 762 1904 qnasi
784 1814 937 1882 manifesti
960 1813 1120 1883 cuiusdam
1145 1812 1275 1880 sceleris
1297 1815 1359 1878 rei.

227 2063 280 2128 l9.
300 2063 443 2146 diopetas
463 2073 569 2128 autern
592 2059 751 2149 nomana).
770 2061 839 2128 Nou
860 2060 922 2126 iam
945 2079 1026 2126 unus
1042 2070 1096 2126 aut
1109 2058 1188 2126 alter
1204 2078 1243 2126 ex
1259 2059 1361 2148 alpos-

184 2183 268 2262 tolis,
286 2184 342 2253 sed
361 2185 499 2252 universi
523 2205 630 2252 omnes
653 2182 718 2272 (aaa
741 2207 810 2258 τους
834 2180 1034 2266 anomalam)
1059 2180 1281 2272 comprehensi
1297 2179 1364 2248 lue·

181 2319 247 2375 rant
268 2320 298 2376 et
320 2309 353 2374 iu
378 2328 536 2375 carcerem
558 2307 689 2375 detrusi.
715 2309 823 2394 ltaque
851 2306 1013 2397 desperata
1042 2304 1141 2375 rideri
1171 2315 1291 2395 poterat
1314 2326 1364 2373 res

180 2430 372 2518 evangelica3
391 2451 499 2497 verum
522 2426 576 2513 (de)
593 2428 752 2519 Apostolis
777 2430 843 2496 suis
866 2428 975 2496 dexter
994 2428 1081 2496 adest
1100 2430 1200 2495 Deus.
1224 2428 1362 2516 Angelus
1474 2525 1476 2533 Ι

178 2551 292 2642 aliquis
317 2554 459 2642 sequenti
484 2566 575 2621 nocte
592 2549 656 2638 (dra
678 2576 729 2628 της
751 2575 868 2629 aaaron,
890 2556 1032 2636 pendant
1048 2554 1078 2618 ia
1094 2551 1198 2637 nait),
1217 2551 1365 2618 reseratis

178 2677 314 2744 carceris
340 2676 458 2744 loribus
471 2726 480 2758 ,
495 2698 549 2744 eos
565 2676 637 2744 iude
659 2676 775 2744 educit.
801 2676 851 2744 ad
875 2696 940 2743 rem
963 2675 1016 2742 hio
1039 2686 1143 2743 monet
1163 2674 1327 2742 Cornelius
1347 2694 1365 2742 a

177 2801 320 2891 Lapide:
347 2802 472 2869 «Disce
489 2801 560 2879 hic,
579 2805 698 2887 inquit,
717 2802 749 2868 ia
773 2800 867 2869 relius
891 2801 985 2869 arctis
1006 2801 1140 2868 maxime
1162 2800 1228 2868 suis
1251 2798 1361 2868 adesse

176 2926 301 3007 Deum,
316 2938 445 3015 tumque
460 2947 548 2994 suam
560 2927 747 3015 potentiam,
766 2927 857 2993 etiam
874 2947 930 3015 per
947 2925 1153 3007 miraculum,
1171 2925 1202 2992 in
1220 2925 1258 2992 iis
1274 2936 1362 2992 tuen·

177 3049 229 3116 dis
251 3050 429 3130 ostendere3
448 3051 552 3138 itaque
568 3050 683 3117 nemini
701 3061 774 3117 tunc
790 3049 1038 3139 desperandum,
1053 3049 1109 3118 sed
1125 3049 1228 3139 potius
1245 3068 1360 3116 acuen-

176 3172 251 3240 dam
275 3173 417 3262 spemin
445 3174 568 3254 Deum,
592 3156 723 3263 eiusque
746 3194 837 3263 opem
862 3175 996 3241 maxima
1021 3173 1134 3242 fiducia
1157 3172 1360 3242 invocandam

175 3315 265 3375 esse,
279 3296 324 3363 uti
342 3294 394 3362 hic
409 3295 521 3363 fecisse
538 3295 717 3385 ApostoloS,
738 3316 799 3363 non
818 3308 865 3363 est
881 3295 1055 3363 dubium.»

226 3539 281 3606 20.
306 3541 379 3622 Ite,
398 3550 429 3605 et
448 3550 568 3607 stantes
589 3543 774 3626 loquimini,
793 3540 885 3630 etc).
911 3542 1032 3610 Graece
1051 3539 1207 3614 eruderare
1231 3538 1264 3606 lr.
1285 3559 1314 3606 e.
1333 3549 1365 3606 et

177 3682 234 3727 von
248 3666 407 3731 carentes.
433 3666 488 3730 Est
506 3665 655 3753 Particip.
674 3667 750 3732 dor.
770 3665 859 3732 Pass.
884 3685 956 3732 cum
984 3663 1209 3752 significatione
1236 3663 1360 3729 Media.

178 3783 230 3850 Cf.
249 3786 306 3853 Gr.
325 3806 396 3875 pag.
415 3789 494 3854 art.
513 3759 729 3855 Commendari
747 3786 808 3855 hoc
826 3787 921 3855 verbo
945 3787 1068 3855 videtur
1084 3787 1252 3877 praecipua
1269 3805 1363 3874 quae·

179 3907 251 3974 dam
275 3909 370 3976 animi
392 3911 563 3977 constantia
586 3921 617 3978 et
644 3909 814 3978 firmitudo.
838 3911 929 3977 Certe
952 3910 1064 3978 adduci
1088 3932 1149 3978 non
1179 3930 1307 3999 possum
1330 3919 1365 3976 ut

180 4031 318 4113 credam,
336 4034 522 4102 vocabulum
538 4033 599 4102 lroc
616 4033 806 4111 redundare,
825 4045 859 4102 ut
875 4033 1001 4123 quidam
1023 4035 1142 4102 volunt.
1167 4037 1211 4101 In
1227 4037 1359 4119 tempto,

182 4168 256 4245 puta
267 4158 297 4224 in
310 4159 405 4225 variis
418 4158 540 4248 Templi
553 4159 737 4248 porticibus.
756 4161 875 4226 Omnia
891 4161 984 4225 cerba
997 4163 1081 4227 citae
1098 4163 1191 4226 tatas
1198 4185 1214 4243 ,-
1226 4178 1337 4246 graece
1352 4183 1360 4225 ε

182 4303 234 4354 της
249 4284 323 4356 tona
338 4306 461 4356 racana.
492 4285 560 4350 Vita
576 4293 679 4350 autem
700 4281 752 4350 hic
774 4281 957 4370 intelligitur
971 4286 1078 4362 satas,
1093 4293 1127 4349 ut
1143 4280 1307 4348 conficitur
1324 4299 1363 4345 err

186 4403 253 4471 loco
276 4407 435 4496 parallelo,
454 4408 530 4497 Cap.
548 4409 628 4476 Xlll
648 4433 655 4473 ε
675 4410 731 4476 ἳ6.
755 4409 804 4474 De
828 4411 930 4474 salute
948 4421 1079 4475 aeterna
1094 4428 1154 4474 vox
1170 4409 1232 4481 ζωη
1248 4405 1363 4472 dicitur
