3074 5054
414 396 553 464 CAPUT
586 393 700 473 XVll,
738 393 860 462 VERS.
899 394 1044 462 att-26.
1255 395 1320 462 tte

127 588 325 657 beneficium
353 586 552 664 contulisset,
581 585 745 653 aliusnon
774 594 840 651 erat
867 603 960 672 quant
988 604 1069 651 unus
1097 604 1188 652 verus
1217 587 1317 654 Deus.

124 715 242 800 Quare
266 733 305 780 ex
328 713 372 780 rei
395 712 524 779 veritate
548 708 664 777 Paulus
687 708 792 775 dicere
816 719 958 797 poterat:
978 710 1080 794 qtrem¹
1098 730 1171 793 erpo
1187 708 1269 792 (ουν,
1286 720 1321 778 ut

123 856 249 926 nempe
265 836 317 903 illa
333 835 495 924 inscriptio
511 833 617 920 docet)
633 835 817 916 decorantes
833 832 868 912 (i.
883 852 912 898 e.
929 851 1116 922 quamquam
1133 834 1318 919 nescientes

122 961 206 1048 quis
236 960 313 1028 deus
341 959 394 1025 ille
419 955 474 1044 sit)
500 960 623 1041 colitis,
648 958 873 1039 Athenienses,
897 957 981 1022 hunc
1002 978 1056 1041 epo
1079 957 1164 1025 voltis
1185 961 1238 1026 tic
1264 983 1323 1028 aa·

122 1087 266 1150 sauneio.

179 1331 330 1398 at-tt.
358 1331 444 1394 deus
461 1331 518 1413 qui
534 1331 610 1412 fecit
625 1331 799 1412 mundum,
816 1327 907 1416 ete).
927 1329 1052 1417 lgnotus
1076 1328 1320 1399 Atheniensibus

124 1453 189 1521 ille
205 1453 284 1520 deus
309 1453 379 1542 quis
396 1453 452 1530 sit,
473 1452 640 1542 Apostolus
665 1454 706 1519 ite
722 1474 817 1538 porro
843 1452 995 1530 declarat,
1010 1464 1043 1520 ut
1059 1453 1152 1520 sintul
1181 1455 1322 1522 ostendat

124 1575 303 1646 salsitatem
327 1577 428 1645 cultus
452 1577 648 1646 idololatrici.
670 1579 707 1646 llt
724 1600 816 1668 quent
840 1578 929 1646 docet
948 1579 1066 1659 Deum,
1086 1578 1170 1647 ltunc
1195 1580 1235 1647 ita
1251 1581 1322 1649 des-

124 1704 249 1786 cribit,
269 1715 302 1771 ut
324 1714 442 1793 pateat,
465 1702 554 1770 illum
578 1724 638 1770 non
660 1724 729 1771 esse
749 1724 845 1771 unum
866 1724 904 1771 ex
920 1703 1043 1782 multis,
1061 1703 1199 1793 deosque
1222 1704 1321 1773 Athe·

124 1830 295 1897 niensium
312 1849 370 1895 nee
386 1848 467 1906 esse,
486 1848 544 1896 nec
560 1828 621 1896 dici
643 1849 735 1918 posse
758 1829 846 1897 tales.

184 1955 247 2021 Hic
270 1955 357 2021 Deus
373 1958 399 2040 (ὁ
415 1950 521 2042 Θεος),
535 1953 653 2041 iuquit,
668 1953 721 2041 qni
746 1951 896 2019 mundum
921 1951 1061 2020 condidit
1076 1963 1106 2020 et
1122 1953 1225 2021 omnia
1242 1975 1321 2042 quae

126 2076 169 2144 in
183 2077 301 2145 mundo
326 2077 535 2158 continentur,
550 2076 602 2143 ille
619 2097 715 2166 quum
734 2076 811 2144 coeli
830 2088 994 2165 terraeque
1010 2078 1166 2145 Dominus
1182 2079 1242 2159 sit,
1261 2100 1322 2147 non

128 2198 293 2270 inhabitat
308 2201 434 2290 templa,
460 2200 621 2268 hominurn
639 2219 731 2266 mauu
748 2210 917 2280 exstructa,
935 2200 1024 2288 quasi
1042 2201 1080 2268 iis
1097 2202 1137 2268 sit
1154 2203 1323 2270 conclusus

129 2338 170 2393 et
186 2326 463 2415 circumscriptus3
485 2344 542 2391 nee
563 2323 644 2390 idem
669 2321 811 2390 manibus
836 2321 980 2389 humanis
998 2325 1205 2391 ministrator
1227 2325 1324 2416 (θερα-

130 2461 289 2541 πευεται),
304 2450 391 2540 quasi
405 2453 472 2516 ulla
484 2471 518 2514 re
530 2447 640 2538 (τινος)
653 2448 799 2537 indigeat,
809 2469 906 2534 quum
921 2451 985 2532 ipse
997 2452 1145 2515 contiuuo
1158 2451 1210 2514 det
1223 2450 1324 2531 (αυτος

132 2570 262 2664 διδους)
286 2575 406 2642 eunetis
427 2572 605 2641 hominibus
627 2573 732 2663 (πασι)
757 2574 848 2640 vitant
873 2572 1084 2663 halitumque,
1110 2585 1138 2639 et
1158 2597 1194 2640 ec
1216 2579 1325 2641 omnic

129 2703 209 2791 (και
224 2723 264 2762 τα
281 2697 424 2788 record),
443 2718 522 2788 quae
538 2698 601 2765 illis
618 2697 792 2764 necessaria
809 2710 894 2764 sunt.

186 2822 384 2902 Putavertm,
407 2821 582 2888 Articulum
607 2820 685 2910 t(in
704 2826 719 2885 ὁ
737 2819 830 2911 Θεος)
856 2823 919 2888 trin
949 2820 1065 2888 habere
1092 2822 1242 2889 Pronum.
1269 2822 1323 2891 de-

132 2946 332 3014 monstrativi
342 2998 351 3033 ,
370 2945 464 3034 idque
476 2946 517 3014 ob
529 2966 664 3034 sequeus
680 2947 964 3014 Demonstrativurn
982 2947 1078 3022 οὑτως.
1090 2985 1134 2996 -
1150 2948 1223 3016 Vox
1238 2948 1324 3039 θερα-

136 3093 242 3135 πευειν
270 3070 330 3138 hoc
358 3069 439 3149 loco,
460 3070 544 3159 qnod
570 3081 711 3137 contexta
740 3070 838 3136 oratio
866 3069 1074 3152 demonstrat,
1104 3069 1270 3139 adhibetur
1285 3075 1324 3138 de

139 3197 230 3260 cultu
246 3206 390 3279 eeteroo,
404 3204 555 3282 quatenus
573 3192 624 3260 ltic
640 3204 759 3261 constat
775 3193 885 3260 oblatis
902 3193 1065 3261 sacrificiis
1082 3207 1112 3261 et
1124 3193 1322 3265 donariis-

142 3319 192 3384 De
207 3317 345 3386 absentia
361 3318 493 3386 Articuli
515 3328 585 3385 ante
608 3339 736 3408 ουρανου
752 3328 782 3384 et
797 3341 850 3407 γης
865 3316 935 3384 vide
951 3319 1009 3387 Gr.
1029 3337 1099 3407 pag.
1117 3321 1182 3388 tto
1199 3331 1229 3387 et
1247 3323 1323 3390 llll.

189 3572 245 3639 26.
271 3571 418 3655 Fecitque
442 3592 479 3635 oc
506 3589 588 3653 troo,
621 3567 707 3646 etc).
737 3569 857 3636 Graeca
885 3566 1015 3635 liberius
1043 3568 1089 3635 sic
1121 3569 1322 3639 reddideris:

148 3751 343 3760 ι--ι--ο-υ

186 3855 204 3920 ¹)
226 3856 292 3906 vta.
329 3869 400 3907 nncr.
434 3855 482 3905 Pro
516 3840 712 3899 ὁν-τουτον
759 3845 856 3895 tionem
875 3853 926 3891 και
938 3854 977 3892 τα
990 3853 1090 3894 παντα
1108 3846 1213 3898 omnino
1231 3851 1324 3913 postn-

145 3949 184 3997 ρει
223 3947 251 3996 in
289 3949 383 3998 neutro
423 3959 518 4011 genem
553 3933 711 3992 ὁ-τουτο
758 3925 811 3976 lare
826 3925 889 3976 mihi
909 3927 1014 3978 videtur
1030 3934 1152 3982 contexta
1164 3932 1325 3994 oratio,nec

146 4030 172 4080 tn
199 4028 281 4082 codd,
310 4029 407 4089 Atat),
436 4041 546 4094 eamque
574 4026 711 4078 leotronam,
758 4009 858 4072 dubito,
870 4011 934 4074 quin
960 4011 1024 4065 haec
1047 4027 1170 4078 germana
1187 4016 1221 4068 sit
1240 4015 1324 4067 Lucae

145 4113 223 4164 etiam
239 4112 350 4176 Vulgata
367 4117 455 4166 nostra
472 4111 560 4164 relert.
757 4093 900 4157 Sfllipiffls
926 4105 1010 4160 e⁰(l1le
1035 4096 1136 4158 ffllflflsr
1154 4094 1224 4163 (illd
1249 4096 1325 4150 ¹⁰⁰il⁰
1415 4151 1418 4158 .

177 4193 196 4258 ¹)
215 4194 280 4245 Van.
294 4209 366 4247 tuor.
379 4196 428 4247 Pro
449 4204 527 4243 κατα
546 4201 645 4242 παντα
672 4192 712 4241 est
757 4183 836 4222 κατα
848 4175 1083 4243 πανῗα(”ὓῑ9”θ)ι
1099 4192 1181 4244 quum
1196 4178 1247 4230 lam
1265 4179 1324 4230 dic·

146 4292 247 4332 καιτα
260 4292 360 4333 carra
373 4284 713 4350 incodd.t1)ttetatiquot
758 4245 1323 4332 tumsttddoomcr,castaldatu.

146 4365 430 4432 Minusculis3eamquo
440 4366 576 4420 lectionem
585 4367 712 4418 exhibent
758 4355 876 4403 menium
892 4354 934 4405 Sli-
950 4355 1060 4408 lesalli
1072 4357 1175 4423 saepius
1186 4372 1261 4413 V⁰0⁰S
1272 4369 1324 4408 καῑ

146 4449 223 4501 etiam
234 4449 336 4514 antiqui
350 4449 470 4501 nonnulli
482 4450 629 4516 scriptores.
645 4448 712 4500 Lec·
728 4461 738 4487 ⁶
759 4455 784 4501 et
805 4451 884 4491 κατα
897 4443 1003 4495 inietse
1016 4448 1208 4510 permutarunt.

1162 4557 1201 4616 28
