3074 5054
175 396 240 463 548
522 395 656 462 ACTUS
691 393 1027 476 APOSTOLORUM,

174 583 303 652 Messias
327 584 474 651 divinitus
498 585 731 653 annunciandus
760 597 825 652 erat
848 596 1004 674 tamquam
1029 588 1138 652 Filius
1162 588 1225 651 Dei
1230 609 1245 666 ,··
1268 587 1357 674 atqui

173 708 257 775 lesus
288 711 464 776 Nazarenus
498 721 655 797 tamquam
690 712 758 778 talis
793 711 909 778 mundo
938 712 1037 778 suerat
1071 711 1239 779 exhibitus.
1276 711 1356 779 Vid.

174 832 284 901 Matth.
309 834 355 900 iil.
374 834 589 901 —Credibiie
616 846 718 901 autem
743 847 807 914 est,
838 835 878 901 ob
903 835 1059 923 publicam
1088 837 1131 902 rei
1152 837 1284 914 samam,
1305 837 1359 901 lu-

174 955 282 1036 daeos,
308 956 345 1023 ad
370 978 449 1045 quos
472 978 648 1025 sermonem
673 957 804 1025 habebat
824 958 958 1038 PauluS,
984 981 1043 1026 non
1070 959 1197 1026 latuisse
1218 979 1253 1025 ea
1276 979 1361 1046 quae

175 1079 259 1145 eirea
277 1080 378 1145 lesum
395 1091 479 1167 gesta
496 1080 618 1148 fuerant
633 1081 670 1147 ad
688 1082 772 1170 ripas
790 1081 943 1148 iordanis.

221 1203 269 1269 De
294 1200 352 1269 hoo
379 1206 528 1272 Actorum
558 1205 626 1272 loeo
655 1206 776 1292 prolixe
799 1206 919 1292 egimus
949 1206 978 1271 in
1007 1205 1232 1272 Dissertatione
1260 1225 1359 1293 supra

175 1331 260 1416 (pag.
280 1329 355 1408 542)
381 1330 489 1409 eitata3
518 1329 623 1418 ibique
642 1328 727 1418 (pag.
748 1328 1003 1410 61—78)variis
1024 1328 1212 1416 argumentis
1230 1327 1360 1394 firmare

176 1450 274 1517 eonati
298 1472 406 1519 sumus
429 1464 566 1519 nostram
592 1452 784 1540 perdifficilis
808 1452 902 1519 huius
927 1453 985 1518 loni
1012 1452 1309 1541 interpretationem.

220 1690 366 1757 54-55.
395 1690 486 1768 Quod
508 1702 611 1755 utitem
635 1691 798 1754 suscitavit
822 1711 892 1754 eum
917 1691 1109 1771 amortuis,
1136 1685 1226 1774 ete).
1251 1686 1360 1773 Pergit

176 1810 237 1876 iam
254 1811 422 1899 Apostolus
440 1832 478 1877 ex
493 1811 721 1900 Prophetarum
741 1811 866 1903 seriptis
883 1810 1008 1889 dooere,
1027 1822 1191 1877 venturum
1209 1809 1358 1876 Messiam

177 1955 194 2000 a
211 1947 310 2002 morte
333 1936 371 2004 ad
388 1937 479 2003 vitam
498 1936 594 2002 fnisse
610 1934 835 2014 revocandum,
855 1934 948 2026 idque
965 1936 1005 2000 ita
1022 1945 1055 2000 nt
1076 1955 1136 2000 non
1158 1934 1259 2002 denuo
1276 1945 1361 2001 esset

179 2059 360 2125 moriturus.
376 2059 468 2144 Quod
485 2059 644 2126 oraculum
662 2056 773 2126 deinde
790 2058 923 2126 ostendit
939 2069 1081 2125 eventum
1099 2079 1190 2125 suum
1210 2057 1361 2125 habuisse

178 2183 209 2248 in
227 2203 360 2270 persona
376 2185 447 2250 lesu
466 2184 616 2249 Nazareni
632 2182 810 2271 (ee-58).
830 2184 945 2250 Sensus
963 2195 1033 2249 est:
1052 2183 1142 2260 Quod
1158 2193 1264 2247 uotum
1280 2177 1362 2271 (du)

178 2308 264 2371 Deus
279 2318 347 2371 erut
364 2310 576 2372 suscitaturus
592 2305 780 2393 (ανεστησεν)
792 2309 984 2374 Messium-o
999 2311 1133 2372 mortuis
1147 2309 1277 2391 posthoc
1294 2327 1363 2372 ιιοιι

178 2433 360 2495 rediturum
376 2433 411 2496 ιἰι
427 2443 562 2495 mortem
578 2429 634 2518 (εις
651 2426 845 2521 drapdoper),
867 2434 940 2495 oiim
956 2453 1017 2514 per
1033 2432 1156 2496 larrium
1169 2432 1364 2514 prophetam

177 2558 223 2620 ita
239 2559 348 2620 dioto.-
369 2548 536 2640 Cooserum
558 2558 639 2621 vodis
662 2556 823 2638 beneficio,
843 2557 964 2642 Daoidi
980 2559 1054 2620 oiim
1072 2559 1249 2639 promisso,
1269 2556 1364 2620 berte·

177 2680 253 2760 ficio
266 2690 421 2763 perpetuo
436 2681 558 2744 stabilio
582 2700 720 2765 quaeque
737 2682 770 2759 ιἰι
788 2689 954 2744 aeternum
970 2689 1044 2744 soret
1061 2680 1231 2742 duraturo.
1258 2678 1339 2742 Ideo
1348 2729 1360 2760 ,

178 2823 290 2890 nempe
314 2802 352 2869 ad
378 2803 459 2870 idem
483 2802 721 2882 declarandum,
743 2805 827 2869 Deos
851 2808 956 2895 etium—
971 2807 1006 2868 io
1030 2805 1091 2867 ulio
1114 2800 1177 2882 (και
1201 2824 1230 2864 εν
1255 2804 1363 2891 ετερῳ)

178 2927 306 2990 Psalmo
330 2946 436 3009 poros
453 2928 600 3009 Doridis,
619 2930 653 2991 iu
669 2928 804 2992 Messioe
825 2949 963 3011 persono
981 2929 1144 3012 loquentia,
1164 2928 1266 2990 dicit:
1284 2927 1322 2993 N
1321 2949 1365 2992 οιι

176 3054 360 3134 permittes,
378 3062 414 3116 ut
429 3051 565 3117 Sanctus
583 3062 654 3116 tosus
671 3053 775 3117 videat
790 3054 1037 3134 corruptionem.
1056 3087 1100 3099 --

225 3177 271 3241 Ex
299 3176 402 3243 verbis
426 3176 540 3243 Psalmi
569 3176 621 3257 hie
644 3177 744 3243 eitatis
769 3177 877 3265 liquet,
904 3176 1050 3254 Messium
1067 3197 1105 3239 ιιι
1120 3176 1215 3240 semei
1233 3175 1365 3258 quidem

171 3311 380 3389 ‚experturum
397 3300 434 3366 iri
452 3300 594 3388 eorporis
610 3299 658 3367 sui
684 3299 950 3388 putrefactionem.
979 3301 1060 3386 Ergo
1078 3300 1108 3364 in
1134 3297 1236 3364 verbis
1254 3321 1365 3383 μηκετι

179 3589 239 3631 των
265 3586 398 3654 superma
423 3566 489 3650 ἁμα
511 3561 663 3640 cindados,
681 3563 744 3637 ἡτις
791 3591 858 3645 quae
880 3592 926 3643 per
947 3576 1072 3628 Davidem
1092 3575 1161 3628 diota
1181 3575 1268 3627 iuerat
1288 3580 1366 3629 tam-

181 3681 232 3719 και
249 3653 267 3720 d
272 3681 301 3718 ια
322 3651 424 3740 Δαβιδ
440 3654 600 3744 dempera,
621 3660 660 3729 ὡς
684 3678 744 3717 ono
791 3676 870 3737 quam
888 3676 922 3713 ex
939 3661 1034 3712 Christi
1052 3674 1162 3727 persona
1181 3659 1365 3725 proterentem

182 3769 346 3835 προσωπου
382 3769 473 3808 aaron
504 3743 638 3835 λεγοντος
675 3750 745 3834 ὅπερ
792 3745 862 3812 qnod
884 3747 907 3796 ei
930 3744 1007 3796 Pater
1029 3747 1085 3795 erat
1109 3745 1252 3794 dicturus:
1275 3743 1368 3796 Filius

183 3861 266 3920 uterq)
289 3859 349 3898 απο
370 3861 422 3898 του
444 3860 556 3926 πατρος
576 3832 683 3922 apetie
700 3832 747 3898 λε.
793 3842 864 3879 meus
882 3842 910 3878 es
930 3834 972 3887 ιιι,
991 3841 1036 3892 epo
1056 3827 1131 3877 hodie
1151 3825 1230 3891 portui
1249 3831 1288 3885 te;
1304 3829 1367 3877 tum

182 3929 297 4018 ywqm.
314 3931 375 4000 υἷος
393 3951 450 4013 μου
473 3951 498 3989 Εἰ
515 3951 564 3990 συ.
581 3950 638 4015 ⁵7⁶⁰
655 3949 748 4011 σημε,
794 3911 899 3962 demum
917 3923 977 3960 eum
999 3910 1068 3960 nasei
1086 3907 1236 3959 hominibus
1255 3910 1282 3957 et
1298 3909 1365 3958 oriri

183 4042 233 4110 por
265 4039 423 4107 peperat-naa
451 4040 496 4080 σε·
536 4041 602 4080 τοτε
633 4038 747 4106 pereunt
1276 4100 1280 4110 Ι
1320 4100 1325 4110 .

184 4133 277 4173 αυτου
294 4107 386 4195 deputo
404 4109 540 4198 persudat
556 4132 617 4181 τοις
634 4107 749 4196 usipus.
827 4103 845 4168 ¹)
864 4103 992 4155 particula
1011 4082 1043 4151 de
1055 4101 1097 4152 hie
1118 4113 1215 4151 novum
1236 4099 1300 4165 qmd
1318 4114 1367 4152 rn-

793 4006 924 4054 asserens,
938 4005 997 4042 oum
1011 3992 1048 4042 eis
1060 3992 1241 4041 innotesceret.
1252 4008 1264 4034 o

183 4195 747 4289 ποις,εξοτουὴγνωσιςαυτουεμελλε
793 4191 866 4243 ducit
893 4191 1015 4257 valetque
1041 4191 1203 4243 tantumdem
1236 4205 1267 4242 ao
1295 4200 1363 4241 και.

182 4290 329 4380 γενεσθαι,
353 4303 377 4352 ὴ,
404 4317 425 4352 e.
454 4321 466 4347 a
496 4301 609 4367 Spiritus
637 4300 748 4352 Sanctus
794 4287 893 4351 Deque
910 4284 1055 4337 Particulae
1072 4263 1222 4333 deuotione
1238 4281 1299 4334 vide
1316 4281 1364 4333 Gr.

184 4393 289 4455 propter
301 4387 418 4438 homines
431 4387 456 4436 in
471 4385 556 4450 speeie
573 4383 709 4435 columbae
721 4383 749 4432 in
795 4390 854 4443 pag.
877 4374 935 4426 467.
954 4365 984 4437 ζ,
998 4379 1024 4426 et
1048 4374 1227 4452 Hermannum
1250 4371 1283 4423 ad
1305 4371 1364 4437 Vig.

184 4485 244 4525 eum
260 4469 400 4530 involavit,
419 4482 449 4520 ao
464 4480 516 4519 vox
538 4479 553 4518 a
573 4465 644 4519 coelo
660 4465 749 4526 venit,
796 4461 858 4527 Pag.
872 4458 929 4510 845.
