3074 5054
484 375 623 443 CAPUT
658 375 694 453 l,
730 372 852 442 VERS.
890 374 1037 441 21—25.
1310 375 1351 441 57

221 588 259 631 coc
284 568 367 631 viris
391 569 447 652 qui
469 566 631 630 nobiscnm
653 575 727 630 anot
754 561 961 649 conprepati).
987 563 1044 631 Gr.
1069 583 1128 626 ron
1154 561 1353 635 considerator

180 689 247 774 ἡμιν
273 687 342 777 (die
368 699 432 752 met
459 708 516 754 ons
543 684 776 775 verpaderden)
803 689 860 772 qni
886 687 1048 753 nobiscnm
1074 690 1251 753 conversati
1280 698 1354 754 ment

182 823 241 878 toto
256 810 309 877 illo
328 821 487 900 tempore,
505 832 566 896 qno
584 813 720 876 intravit
736 821 766 876 et
781 813 881 876 cocinit
898 813 1057 875 internos
1072 810 1228 876 Dominus
1244 812 1350 894 Iesus,

181 932 212 1001 h.
230 955 257 1001 e.
280 954 342 1022 quo
365 934 445 1000 inter
467 953 524 1001 nos
545 945 575 1000 et
600 933 764 1000 nobiscum
787 933 849 1020 egit
870 932 1025 1000 Dominus
1045 933 1146 998 lesus.
1172 932 1228 997 Est
1248 930 1280 996 in
1302 930 1352 998 bis

181 1058 279 1126 verbis
311 1057 363 1124 illa
395 1057 527 1125 formula
559 1057 705 1147 loquendi
737 1057 972 1138 Hebraeorum,
1006 1077 1065 1145 qua
1098 1077 1154 1146 per
1172 1056 1352 1138 ,dictionem

181 1179 241 1264 einp
257 1192 319 1255 areg
345 1180 468 1266 (egredi
484 1191 514 1244 et
533 1181 677 1269 inpredi)
702 1177 877 1248 universam
901 1181 981 1248 vitae
1004 1179 1177 1268 agendique
1191 1180 1353 1270 'rationem

179 1300 305 1370 alicuius
334 1303 545 1391 designabant.
573 1304 655 1372 Vide
675 1307 688 1371 l
711 1305 796 1372 Sam.
826 1305 938 1371 XXIX
964 1330 973 1370 ι
999 1307 1031 1372 6.
1062 1306 1206 1371 Ceterum
1233 1306 1354 1373 Graeca

179 1424 298 1514 phrasis
314 1427 449 1515 elliptioa
466 1437 528 1507 est;
547 1447 617 1495 nam
634 1429 724 1517 plene
740 1428 939 1524 scribendum
957 1428 1009 1495 hic
1024 1439 1112 1495 erat:
1131 1424 1160 1490 iv
1178 1420 1351 1513 ᾧεισηλΘεν

179 1556 221 1642 εφ’
236 1553 334 1638 ἡμας,
352 1552 404 1615 καὶ
421 1549 536 1628 chaldea
552 1557 603 1645 αφ’
618 1554 715 1640 ἡμων.

220 1794 274 1860 22.
301 1795 459 1876 incipiens
482 1815 503 1858 n
525 1794 712 1877 baptismate
728 1797 881 1874 Ioannis,
900 1791 989 1879 eto).
1012 1795 1085 1862 Vox
1101 1791 1265 1886 αρξαμενος
1282 1795 1351 1861 iun-

178 1916 277 2005 genda.
298 1928 345 1983 est
373 1938 445 1984 oum
473 1918 667 2006 praecedenti
697 1922 827 1996 Ἰησους,
857 1929 891 1986 ut
918 1939 1028 1987 sensus
1056 1919 1128 1986 sit:
1153 1917 1191 1985 ab
1215 1939 1251 1985 eo
1279 1919 1351 1986 inde

179 2052 315 2130 tempore
334 2062 395 2130 qno
415 2044 545 2116 loannes
565 2041 752 2132 baptizabat,
774 2043 923 2132 usquein
942 2043 1025 2111 diem
1049 2043 1261 2111 adscensionis
1280 2045 1352 2113 lesu

179 2167 208 2232 in
222 2167 355 2235 coelum.
371 2167 591 2255 -Colligitur
607 2189 645 2235 ex
662 2168 722 2237 boo
738 2169 825 2249 loco,
846 2167 927 2236 banc
943 2168 1036 2235 veluti
1055 2168 1266 2236 definitionem
1283 2189 1351 2236 csse

179 2292 335 2380 Apostoli,
361 2302 394 2359 ut
416 2311 528 2380 nempe
552 2291 592 2358 sit
619 2293 706 2360 testis
735 2292 971 2360 resurrectionis
1000 2291 1115 2360 Christi
1144 2291 1231 2377 (vide
1256 2312 1352 2381 supra

179 2413 215 2481 ad
230 2435 276 2482 vs.
299 2412 348 2503 8).
369 2415 458 2481 Hanc
481 2415 585 2481 testari
611 2437 671 2482 non
696 2437 803 2483 omnes
827 2427 966 2505 poterant
990 2416 1043 2504 qui
1059 2416 1091 2480 in
1108 2415 1265 2482 Christum
1283 2435 1351 2482 crc-

179 2535 333 2618 didonem,
353 2535 409 2603 sed
426 2536 469 2603 illi
490 2548 625 2619 tantum,
639 2539 753 2626 quibus
770 2560 809 2606 ex
825 2539 956 2606 mortuis
973 2537 1128 2605 redivivus
1144 2535 1348 2633 apparuisset.

180 2662 236 2728 Per
256 2665 482 2727 attractionem
502 2663 653 2750 scriptum
674 2676 720 2729 est
740 2671 790 2737 τῆς
812 2664 925 2752 ἡμερας
944 2658 979 2738 ἧς
1001 2660 1148 2752 ανεληφθη
1169 2682 1225 2751 pro
1246 2671 1265 2755 p
1285 2685 1351 2726 ανε-

179 2780 347 2874 1ηφοη.ο1.
368 2785 573 2872 Grplttl.
815 2754 828 2779 *

221 3027 275 3092 23.
300 3028 345 3108 Et
364 3037 548 3094 statuerunt
571 3026 676 3114 dnos).
702 3029 761 3098 Gr.
785 3052 936 3107 εστησαν,
955 3028 1040 3118 quod
1063 3029 1115 3096 hio
1135 3029 1215 3097 valet
1233 3050 1351 3114 propo·

178 3159 321 3229 suerunt,
341 3160 414 3238 puta
437 3160 593 3238 tamquam
610 3152 809 3240 Apostolatirs
825 3152 1017 3220 candidatos.
1042 3153 1177 3238 Quinam
1203 3152 1260 3229 hos
1274 3174 1351 3240 ‚pro-

178 3272 352 3359 posuerint,
368 3292 428 3340 non
453 3273 598 3341 distincte
622 3275 747 3342 dicitur.
767 3277 862 3343 Corn.
878 3295 895 3342 a
913 3276 1030 3365 Lapide
1053 3275 1221 3354 existimat,
1237 3274 1351 3352 lactum

179 3393 211 3460 id
226 3393 321 3462 luisse
344 3397 383 3463 ab
406 3397 464 3476 iis,
491 3399 543 3487 qui
568 3410 632 3466 tum
650 3411 826 3488 praesentes
847 3410 951 3479 erant,
972 3400 1128 3467 omnihus
1156 3398 1352 3476 Fromondus

178 3537 248 3584 vero
266 3520 421 3608 opinatur,
439 3522 567 3588 Petrum
590 3523 621 3588 in
637 3523 704 3592 ista
726 3523 960 3591 candidatorum
982 3523 1132 3589 electione
1148 3542 1240 3588 usum
1256 3521 1352 3589 luisse

178 3639 290 3708 iudicio
307 3637 482 3710 ceterorum
499 3645 738 3733 Apostolorum,
763 3646 803 3712 ita
827 3656 861 3711 ut
883 3644 914 3712 bi
935 3644 1014 3711 duos
1037 3643 1106 3710 illos
1131 3642 1214 3709 viros
1237 3663 1351 3732 propo-

178 3767 294 3833 suerint
309 3767 484 3856 eligendos3
505 3770 559 3836 sed
577 3790 672 3859 quum
697 3772 798 3837 Lucas
821 3769 906 3839 nullo
928 3769 959 3837 id
983 3768 1076 3836 verbo
1098 3767 1229 3847 indicet,
1247 3767 1351 3834 dicen-

177 3897 263 3973 dum*
277 3899 418 3980 videtur,
448 3900 564 3967 lactum
591 3898 624 3966 id
648 3900 744 3968 luisse
765 3901 805 3968 ab
827 3900 866 3968 iis
888 3920 967 3988 quos
995 3898 1230 3987 adloquebatur.
1255 3897 1350 3985 Atqui

178 4042 236 4087 non
260 4021 296 4088 ad
310 4022 403 4099 ¹solos
419 4022 603 4111 Apostolos
622 4022 677 4090 sed
701 4022 740 4089 ad
758 4032 934 4111 praesentes
950 4021 1095 4088 universe
1111 4040 1217 4087 omnes
1233 4038 1352 4085 sermo·

178 4165 245 4211 nem
266 4165 356 4212 suum
378 4144 541 4234 dirigebat.
564 4148 699 4230 loseph,
719 4146 772 4233 qui
797 4145 1010 4234 patronymico
1033 4163 1090 4210 suo
1107 4142 1238 4223 ,nomine
1261 4161 1351 4209 voca-

177 4269 264 4337 batur
291 4272 469 4350 Bnrsobcs‚
494 4271 516 4337 i.
547 4292 576 4337 e.
607 4273 695 4356 filins
721 4271 817 4336 Sebce
833 4269 1021 4355 bugu-§.CA
1044 4271 1064 4337 2
1088 4269 1171 4335 Sam.
1194 4268 1259 4334 XX
1279 4290 1286 4331 :
1305 4265 1348 4354 1),

176 4395 427 4482 agnominabatur
441 4394 565 4484 (επεκλη
583 4393 615 4481 η)
632 4398 772 4472 Ἰουστος,
788 4394 871 4483 quod
887 4405 934 4461 est
950 4394 1052 4483 ipsum
1069 4393 1212 4471 Latinum
1236 4393 1346 4467 instes.
