3074 5054
556 391 695 458 CAPUT
730 391 781 472 X,
817 391 940 461 vsstts.
979 391 1034 458 56.
1309 385 1375 453 289

200 585 365 672 interprete
386 592 494 648 nostro
518 601 575 670 pno
600 580 782 648 Parentbesi
808 579 920 647 babeo.
946 577 1151 646 accusativus
1172 577 1234 667 (vs.
1254 575 1308 658 56)
1323 596 1374 637 τον

198 705 280 797 λογον
302 704 477 774 censendus
501 714 548 772 est
574 703 711 793 pendere
738 704 777 770 ab
802 699 921 784 orders,
947 700 1030 790 quod
1058 711 1124 767 enat
1146 699 1177 765 in
1206 708 1309 764 mente
1329 695 1377 763 di-

198 829 309 907 centis,
330 827 452 916 quando
469 826 645 894 inchoatam
670 826 852 893 sententiam
873 825 1040 913 interrupit
1064 843 1121 912 per
1143 819 1346 889 Parentbesin
1367 843 1375 885 :

197 954 278 1026 οὑτος
293 974 359 1015 εστι
383 972 504 1014 παντων
531 951 657 1039 Κυριος.
677 951 755 1016 Nam
772 946 857 1036 quod
872 948 993 1015 animus
1009 947 1077 1012 eius
1093 956 1159 1011 erat
1175 942 1280 1011 dicere
1299 969 1307 1012 ε
1325 965 1376 1007 τον

197 1071 301 1164 loyor,
322 1078 354 1138 o‘u
379 1071 669 1160 απεστειλε-ὐμεις
693 1068 813 1151 cedetne,
839 1082 922 1159 patet
946 1068 1008 1145 hoc
1031 1088 1071 1134 cx
1094 1089 1142 1136 vs,
1162 1070 1220 1148 57,
1249 1066 1301 1134 ubi
1327 1087 1376 1135 ι’θ·

198 1197 329 1264 sumitur
352 1196 501 1264 sententia
521 1197 686 1264 Versiculo
704 1199 747 1264 56
763 1193 926 1273 inchoata,
945 1212 1024 1282 quae
1040 1192 1082 1258 ibi
1101 1213 1158 1282 per
1173 1191 1376 1259 Parentbosin

197 1319 294 1389 iuerat
318 1322 500 1410 interrupta.
531 1323 681 1388 Putamus
706 1341 818 1410 porro,
846 1322 887 1384 ool
909 1341 976 1383 rem
999 1316 1083 1407 quod
1106 1317 1230 1396 attinet,
1249 1318 1329 1384 inter
1345 1338 1379 1385 se

199 1465 256 1511 non
285 1444 413 1513 differre
445 1468 496 1510 τον
531 1444 638 1535 loyor,
668 1457 698 1512 et
724 1468 758 1508 ro
786 1465 944 1534 penoperov
976 1465 1072 1532 ρημα.
1101 1479 1146 1490 -
1173 1442 1379 1509 Accusalivus

199 1565 258 1655 (VS.
287 1567 347 1655 58)
374 1569 482 1642 Ιησουν
510 1592 560 1632 τον
589 1591 648 1631 uno
676 1568 835 1658 Ναζαρετ,
860 1577 905 1634 esi
930 1566 1138 1633 Accusaliutls
1161 1565 1379 1654 epexegelious

200 1692 365 1778 antegressi
382 1716 415 1755 το
432 1714 588 1784 prosperos
605 1716 701 1783 ρημα.

242 1815 350 1902 ltaque
377 1815 498 1882 Graeca
524 1816 571 1882 sic
598 1816 707 1882 Latine
734 1814 954 1903 explicamus:
983 1817 1042 1881 Vos
1070 1816 1157 1881 scitis
1183 1816 1311 1880 verbum
1339 1814 1382 1900 (le

204 1936 331 2023 parole),
354 1940 436 2023 quod
459 1938 620 2004 isroilitis
638 1936 882 2027 praedicandum
899 1941 989 2004 arisit
1004 1938 1110 2018 Deus,
1127 1960 1238 2022 paoem
1254 1961 1382 2007 arthuro-

203 2063 311 2127 cioado
331 2083 391 2146 per
411 2063 519 2148 Iesum
548 2063 713 2129 Christum
733 2062 798 2152 (hic
820 2075 866 2128 ost
888 2063 1046 2129 Dominus
1070 2061 1250 2152 omnium)‚·
1267 2067 1379 2148 scitis,

204 2182 338 2272 inquam,
353 2185 481 2251 verbum
497 2187 580 2270 quod
594 2188 716 2269 foetum
732 2184 970 2276 (praedicatum)
985 2198 1029 2252 cst
1047 2191 1092 2274 (το
1108 2210 1265 2277 yenopenon
1283 2211 1380 2278 ρημα,

200 2302 229 2371 la
245 2307 369 2395 parole,
388 2309 440 2397 qui
465 2308 534 2376 s’est
558 2308 612 2374 iait
633 2307 794 2391 entendre)
808 2330 868 2393 per
883 2312 1067 2376 ninivensem
1092 2311 1267 2396 Iordanem,
1288 2315 1384 2379 initio

194 2432 290 2496 ducto
315 2427 510 2522 (αρξᾱμενον)
531 2453 551 2517 n
574 2432 733 2516 Galilaea,
758 2443 828 2517 posi
852 2433 1041 2516 baptismum
1057 2455 1158 2518 *quem
1179 2438 1385 2518 praedicabat

134 2620 137 2626 ,
191 2553 359 2639 Ioannem
376 2556 462 2634 scitis
486 2557 594 2622 Iesum
609 2557 816 2624 Nazarenum
823 2607 836 2640 ,
855 2568 892 2621 ut
911 2560 1041 2622 retmerit
1063 2579 1136 2624 cum
1157 2559 1243 2623 Deus
1258 2559 1384 2642 Spiritu

181 2679 315 2748 Sancto
331 2692 361 2747 ct
376 2685 510 2760 virtute,
540 2686 596 2767 qui
619 2682 731 2770 (lesus)
754 2687 911 2752 Iudaeam
932 2688 1118 2767 paraprovit
1142 2687 1335 2769 bertefoeiorts
1352 2698 1382 2752 et

180 2822 320 2871 senous
335 2826 443 2870 omues
458 2829 479 2871 a
494 2806 624 2872 Dioholo
641 2828 824 2891 oppressos,
841 2812 919 2894 puio
934 2810 1020 2874 Deus
1037 2820 1106 2874 erat
1122 2831 1194 2875 cum
1211 2809 1280 2875 illo.

250 2931 308 2994 Vos
323 2933 411 2995 scitis
425 2931 555 2995 uerbum
571 2933 672 3015 pund,
692 2929 782 3018 etc).
803 2933 972 3000 Caesareae
989 2932 1177 3001 habitatores
1194 2954 1230 3000 eo
1246 2945 1384 3024 tempore

179 3062 262 3117 lton
287 3064 429 3141 poterant
450 3073 512 3119 nou
533 3054 594 3120 iam
622 3054 811 3122 inaudivisse
839 3055 877 3123 de
906 3054 1082 3124 Christiana
1110 3056 1279 3145 religione,
1305 3078 1385 3147 quae

180 3169 273 3242 inde
289 3197 306 3242 a
323 3162 466 3265 pluribus
481 3178 570 3244 annis
591 3198 647 3266 per
662 3178 868 3246 Palaestinam
892 3178 1140 3268 praedicabatur.
1159 3179 1291 3248 Publica
1307 3180 1384 3250 baec

179 3301 245 3365 lei
263 3302 387 3384 notitia,
405 3322 484 3391 quae
507 3302 768 3369 Caesare'e'nsibus
793 3323 853 3369 non
878 3302 1030 3381 deluerit,
1052 3305 1179 3371 aPetno
1200 3304 1381 3384 attenditur,

175 3421 272 3491 {lum
289 3446 343 3494 eos
355 3425 528 3515 alloquens
547 3426 624 3494 dixit
639 3451 647 3493 :
665 3429 842 3505 immitis,
862 3425 1060 3515 praebiturus
1076 3427 1138 3494 illis
1154 3427 1381 3496 distinctionem

179 3534 258 3615 liae
273 3548 313 3616 de
332 3569 366 3615 re
390 3550 545 3616 notitiam.

243 3675 442 3738 ouuuuoions
463 3693 574 3756 paoem
601 3693 660 3755 per
684 3673 792 3737 Iesum
815 3671 1003 3760 Christum).
1030 3673 1147 3738 Pacem
1170 3672 1309 3760 intelligo
1332 3693 1384 3741 rc-

195 3796 446 3864 conciliationem
474 3794 601 3861 humani
624 3793 747 3881 generis
768 3814 839 3860 cum
864 3795 951 3875 Den;
976 3813 1061 3874 eam,
1090 3794 1234 3882 inquam,
1260 3793 1298 3861 de
1322 3815 1382 3884 qua

196 3918 365 4008 Apostolus
392 3916 429 4006 (i
457 3919 531 3984 Cor.
557 3918 615 3984 V:
640 3916 787 4004 18—20)
808 3916 959 4005 loquitur,
986 3916 1059 3982 dum
1089 3914 1191 3982 dicit:
1215 3916 1301 3981 Deus
1324 3938 1382 3982 nos

202 4045 414 4110 reconciliavit
441 4044 499 4108 sihi
518 4063 579 4126 per
609 4040 767 4106 Christum
774 4066 790 4124 ;
815 4051 844 4105 et
866 4043 953 4106 dedit
975 4040 1065 4105 uobis
1088 4042 1309 4106 ministerium
1333 4062 1383 4104 ro-

202 4169 484 4246 oouciliatiortis...,
511 4176 540 4231 et
559 4167 668 4250 posuit
692 4167 727 4229 iu
744 4163 833 4229 uobis
857 4164 986 4230 verbum
1014 4163 1295 4228 reconciliationis.
1315 4163 1383 4226 Pro

204 4292 320 4359 Christo
349 4312 422 4376 erpo
450 4293 602 4374 lepotiorte
629 4291 814 4374 suupimur.

241 4422 344 4490 Voces
360 4414 413 4483 δια
437 4419 528 4493 Ιησου
551 4419 689 4509 Χριστου
708 4425 816 4504 putem
833 4435 902 4481 esse
918 4415 1103 4502 iungendos,
1123 4435 1185 4481 non
1202 4434 1274 4481 cum
1292 4437 1384 4503 ecap-

1189 4539 1231 4596 iil
