3074 5054
231 379 275 445 72
571 372 705 440 ACTUS
741 371 1080 449 APOSTOLORUM,

231 566 265 634 S.
284 565 446 655 Scriptura
462 563 500 631 de
517 561 630 630 divinis
647 560 731 650 loqui
750 562 827 629 solet
848 561 940 629 modo
963 560 1111 628 humano.
1129 561 1225 650 Atqui
1243 560 1411 640 Hebraeis,

231 710 366 780 qnorum
383 686 637 757 consuetudinem
654 704 760 752 sacrae
784 686 903 752 litterae
927 696 1071 775 spectare
1095 684 1212 767 solent,
1231 685 1414 755 honoratior

232 798 320 883 locus
338 823 404 880 erat
419 811 458 879 ad
474 811 652 891 dexteram,
678 820 730 888 nt,
749 809 775 876 si
797 809 847 876 cui
871 811 938 876 Rex
962 809 1098 898 primum
1123 821 1192 898 post
1213 829 1247 876 se
1263 808 1413 876 honorem

230 940 323 1008 vellet
349 936 482 1014 deferri,
513 935 597 1002 huno
624 934 663 1002 ad
692 934 849 1002 dexteram
878 933 947 1001 soiii
975 935 1023 1001 sui
1058 934 1167 1002 sedere
1196 934 1327 1001 iuberet.
1359 936 1408 1002 uf.

233 1067 253 1133 5
270 1065 348 1150 Reg.
368 1062 398 1127 il
415 1085 422 1128 :
441 1062 494 1128 ta.
515 1061 622 1148 itaque
637 1061 853 1144 metaphorica
870 1058 984 1126 locutio
1000 1061 1084 1124 sedet
1099 1061 1140 1124 od
1152 1062 1314 1125 dexterum
1330 1061 1393 1126 Dei
1398 1111 1410 1144 ,

232 1189 359 1281 proprie
387 1187 465 1254 valet
494 1206 502 1248 τ
533 1187 601 1253 1)εο
631 1185 791 1274 proximus
820 1195 867 1251 est
894 1183 1031 1261 honore,
1061 1183 1234 1272 ceterisque
1261 1185 1413 1251 creaturis

234 1312 482 1404 quibuscumque
504 1308 671 1399 praelatus.
690 1307 790 1396 Ergo,
809 1319 842 1375 ut
863 1307 941 1375 Estii
967 1307 1071 1374 verbis
1092 1318 1215 1374 utamur
1231 1306 1278 1396 (in
1295 1309 1355 1397 Ep.
1376 1309 1413 1377 ad

235 1437 334 1504 Hebr.
359 1435 397 1503 ad
421 1436 531 1525 Capi
553 1434 634 1523 εὖ),
660 1454 717 1523 per
741 1433 802 1501 hoc
825 1434 908 1522 quod
933 1433 1075 1501 Christus
1103 1433 1216 1500 dicitur
1241 1437 1348 1500 sedere
1373 1437 1415 1500 od

237 1565 399 1626 doctorum
424 1561 504 1638 Dei,
519 1578 579 1625 non
604 1556 796 1646 significatur
813 1579 883 1625 euna
901 1579 968 1625 esse
984 1560 1053 1627 Dec
1069 1559 1154 1626 Patri
1170 1558 1342 1647 aequalem.
1362 1558 1414 1626 Sic

235 1684 316 1751 enim
339 1694 369 1750 et
389 1684 481 1750 Pater
502 1682 541 1749 ad
562 1683 720 1750 dexteram
744 1682 816 1749 Filii
841 1681 980 1763 sederet,
1005 1694 1035 1748 et
1058 1683 1192 1771 Spiritus
1219 1682 1348 1750 Sanctus
1375 1681 1414 1750 ad

235 1811 394 1879 dexteram
409 1809 592 1896 utriusque;
611 1807 673 1875 imo
690 1807 736 1875 sic
752 1808 851 1874 Filius
867 1807 905 1876 ab
922 1817 1047 1874 aeterno
1064 1808 1185 1874 sederet
1200 1806 1238 1874 ad
1255 1805 1413 1875 dexteram

236 1934 354 2015 Patris;
375 1953 453 2022 quae
471 1932 574 2000 omnia
590 1943 661 2000 suut
677 1944 799 2020 praeter
815 1952 940 1999 sensum
961 1931 1160 2020 Scripturae,
1178 1942 1208 1998 et
1223 1951 1240 1998 a
1256 1931 1413 2017 Symbolis

235 2058 306 2127 fidei
323 2056 412 2124 nobis
434 2056 472 2123 ab
495 2054 636 2123 Ecclesia
659 2054 777 2122 traditis
800 2053 970 2122 dissonant.
999 2057 1039 2122 m
1058 2074 1158 2142 neque
1179 2054 1348 2141 significari
1365 2056 1412 2120 vi-

237 2182 326 2250 detur
342 2179 513 2268 assumptio
530 2189 656 2246 naturae
679 2177 831 2245 humanae
847 2178 877 2243 in
895 2177 1087 2268 hypostasim
1105 2176 1256 2257 diviuam3
1282 2177 1314 2245 id
1330 2179 1412 2246 enim

233 2306 348 2376 iactum
377 2317 439 2388 est,
470 2304 592 2395 quando
620 2307 796 2373 incarnatus
823 2317 868 2372 est
891 2305 1053 2386 Christus,
1083 2325 1143 2371 non
1165 2316 1328 2394 postquam
1357 2305 1419 2373 ad·'

234 2431 355 2499 scandit
377 2431 408 2498 in
431 2431 564 2499 coelum.
590 2429 652 2497 Sed
676 2433 897 2496 adductorum
920 2433 981 2496 Dei
1003 2433 1110 2495 sedere
1131 2428 1256 2510 dicitur,
1276 2430 1413 2518 quiese-

236 2555 372 2624 cundum
393 2563 742 2642 naturam-assumptam
763 2553 886 2642 quietus
909 2553 970 2619 iam
994 2550 1131 2641 possidet
1150 2572 1302 2619 summam
1327 2552 1412 2619 illam

235 2678 413 2765 dignitatem
436 2688 467 2744 ει
489 2676 618 2765 gloriam
635 2675 740 2764 regni,
759 2695 851 2764 quam
869 2676 961 2743 habet
985 2695 1079 2765 supra
1099 2697 1222 2743 omnem
1238 2687 1411 2745 creaturam

235 2803 396 2891 proximus
423 2802 504 2868 Deo.
535 2802 604 2867 Hoc
632 2801 714 2868 enim
743 2810 789 2866 cst
816 2800 898 2889 qnod
923 2802 1030 2867 Patres
1062 2821 1123 2868 non
1157 2801 1257 2868 solum
1287 2801 1411 2870 Christo

236 2925 372 3006 homiui,
397 2925 453 2992 sed
477 2924 568 2992 etiam
597 2925 656 3014 ipsi
686 2935 812 2991 naturae
840 2924 906 2991 eius
935 2923 1087 2991 hnmanae
1111 2927 1226 3014 passim
1252 2927 1409 3007 tribuunt,

235 3049 372 3117 dicentes
395 3069 461 3116 eam
484 3048 631 3116 elevatam
654 3068 722 3115 esse
745 3036 784 3114 ad
803 3068 983 3116 consessum
1009 3047 1152 3116 dexterae
1167 3049 1245 3132 Dei3
1266 3050 1411 3140 quodque
1533 3081 1535 3085 ·

235 3177 265 3242 in
283 3174 359 3242 festo
376 3175 559 3242 Dominicac
575 3175 796 3243 Adscensionis
813 3173 892 3241 inira
907 3174 1071 3241 Actionem
1087 3195 1104 3241 a
1120 3175 1280 3243 sacerdote
1296 3175 1411 3243 dicitur
1530 3193 1533 3199 ’

234 3303 265 3369 in
286 3301 362 3368 haec
379 3300 473 3368 verba
492 3327 499 3369 :
518 3304 601 3367 diem
617 3303 824 3386 celebrantes,
844 3324 903 3387 quo
918 3302 1076 3368 Dominus
1092 3313 1209 3382 noster,
1228 3305 1411 3386 uuipcaitua

233 3429 265 3492 F
266 3427 343 3491 iiius
361 3439 444 3506 tuus,
462 3431 587 3492 ursitum
597 3427 664 3521 ,titt
676 3429 868 3511 [cupititatis
881 3438 1006 3492 nostroe
1022 3427 1229 3492 substantium
1243 3431 1277 3491 ira
1290 3429 1411 3510 plotino

236 3563 308 3617 tuoe
323 3555 451 3618 dextero
473 3553 645 3617 coitocccr't.
666 3549 808 3617 Christus
831 3551 883 3639 qui
905 3549 1076 3618 secundum
1100 3560 1239 3644 naturam
1262 3570 1349 3617 suam
1366 3550 1412 3618 di-

236 3675 336 3741 vinam
361 3685 409 3741 est
429 3674 497 3740 Deo
520 3673 602 3740 Patri
627 3693 683 3760 per
706 3672 808 3740 omnia
832 3672 987 3761 aequalis,
1005 3672 1107 3754 idem,
1127 3683 1277 3762 qnatenus
1302 3672 1409 3754 humo,
1489 3734 1495 3745 .

235 3798 380 3886 dignitate
404 3797 559 3865 secundus
587 3808 633 3863 εει
657 3816 674 3863 a
697 3798 804 3876 Patre,
824 3797 936 3864 ceteris
960 3799 1130 3880 creaturiS,
1150 3806 1301 3886 quotquot
1320 3809 1408 3878 sunt,

235 3921 378 3989 omnibus
395 3921 609 4009 praestantior.

279 4048 376 4111 donec
400 4044 747 4129 portam-scatentia,
779 4042 875 4130 etc),
906 4044 938 4111 h.
969 4066 998 4111 ε.
1032 4044 1130 4113 donec
1163 4046 1325 4113 subiecero
1355 4047 1409 4115 uui

233 4188 340 4237 omnes
365 4166 558 4235 adversarios
582 4177 664 4235 tuos.
687 4168 735 4234 Cs.
763 4170 776 4234 i
799 4169 872 4235 Cur.
898 4169 960 4237 XV
980 4194 988 4236 z
1008 4171 1159 4248 att-293
1181 4171 1276 4238 Hebr.
1297 4172 1325 4238 ll
1347 4198 1354 4238 ε
1374 4174 1407 4238 8.

234 4292 363 4358 Locutio
379 4292 471 4359 ducta
487 4301 534 4357 est
555 4312 594 4358 cx
609 4312 696 4359 more
717 4292 853 4361 hostium
877 4293 1067 4361 devictorum
1093 4294 1172 4362 coila
1194 4296 1325 4385 pedibus
1348 4297 1410 4363 cal-

234 4414 336 4482 candi.
363 4414 416 4527 Gi.¹
434 4417 498 4482 los.
517 4417 548 4483 X
574 4441 580 4484 :
604 4419 666 4499 am
687 4419 706 4484 5
724 4418 800 4506 aeg.
828 4419 885 4488 V:
906 4421 943 4500 53
964 4421 1016 4485 Ρε.
1042 4420 1167 4488 xxvu
1187 4440 1194 4482 :
1215 4423 1270 4503 593
1291 4422 1407 4502 isaiae,
