3074 5054
481 393 621 460 cuuur
658 391 930 472 xv11,vnns
971 393 1071 492 5-9.
1304 396 1370 463 aru

231 588 333 653 6-7.
358 587 404 652 Ει
427 607 498 652 cum
520 605 586 650 noae
611 586 808 650 invenissent
832 604 901 668 eos,
923 593 1009 675 eto).
1029 583 1145 654 Paulus
1168 596 1200 652 et
1222 585 1303 655 Silas
1318 599 1371 655 aut

112 692 118 702 ⁴
191 721 259 778 tunc
284 709 363 776 torte
387 708 515 779 aberant
530 725 547 773 a
564 707 657 774 domo
675 707 811 786 lasonis,
830 717 902 788 aut,
921 727 986 774 rem
1005 706 1236 796 praevidentes,
1251 721 1372 777 mature

190 856 220 902 se
242 836 274 902 iu
299 834 391 901 aliam
416 833 544 902 domum
562 831 767 900 contulerant.
786 834 869 920 Ergo
893 830 1015 900 factiosi
1039 833 1090 899 isti
1107 831 1234 901 domum
1252 835 1372 902 lasonis

190 957 318 1045 ingressi
344 965 378 1024 ut
402 954 570 1045 Apostolos
595 954 668 1022 inde
691 954 907 1042 extraherent,
929 976 1001 1022 cum
1025 977 1089 1023 aaa
1112 937 1304 1024 invectasent
1320 961 1374 1045 (μη

185 1083 331 1176 inpostea)
348 1105 427 1174 quos
452 1082 658 1173 quaerebant,
678 1083 781 1172 ipsum
807 1084 965 1164 Iasonem,
984 1104 1119 1172 cumque
1139 1083 1199 1152 hoc
1217 1084 1375 1152 Christia-

185 1233 244 1278 nos
267 1213 358 1278 alica
372 1211 543 1278 nonnullos
566 1210 660 1291 (τινας
684 1204 857 1300 αδελφους),
876 1208 918 1276 ihi
936 1208 1015 1276 torte
1032 1221 1184 1299 repertos,
1205 1222 1374 1295 pertraxe-

180 1347 266 1402 rant
291 1332 420 1427 (eropon)
449 1337 491 1399 ad
518 1335 605 1400 urbm
625 1335 804 1417 praefectos
833 1332 891 1415 (eru
917 1356 987 1407 τους
1015 1329 1230 1424 πολιταρχας),
1260 1338 1376 1421 vocife-

179 1471 295 1526 rantes
308 1454 458 1543 (βοωντες)
472 1456 550 1524 haec
561 1481 568 1524 :
579 1457 633 1523 lsti
651 1455 794 1523 homines
810 1455 998 1542 (intelligunt
1009 1456 1204 1525 Christianae
1217 1457 1376 1545 religionis

179 1583 419 1671 praedicatores
434 1582 603 1669 universe),
622 1580 675 1668 qui
693 1583 878 1647 uniuersum
894 1582 1003 1646 orbem
1016 1580 1080 1663 (την
1097 1580 1284 1668 noncupatum)
1298 1604 1374 1667 per-

180 1707 364 1773 turbarunt
391 1706 700 1790 (neocaesareense),
731 1702 775 1769 illi
801 1701 864 1770 huc
888 1723 1012 1792 quoque
1040 1714 1209 1785 veneruut;
1239 1704 1376 1795 hospitio

177 1853 245 1900 eos
267 1833 393 1920 excepit
420 1831 528 1908 lason;
553 1840 585 1895 et
607 1831 641 1893 ta·
662 1849 770 1894 omnes
794 1837 861 1919 (και
886 1829 966 1892 οὑτοι
994 1851 1114 1904 παντες.
1141 1831 1211 1897 scil.
1239 1832 1374 1914 Paulus,

179 1954 292 2035 Silas,
311 1956 420 2034 lason,
439 1963 470 2019 et
484 1952 529 2018 illi
549 1947 687 2041 αδελφοι.
708 1971 754 2018 rs.
774 1951 806 2033 e)
823 1964 931 2019 contra
948 1952 1072 2020 decreta
1088 1955 1230 2022 Caesaris
1245 1954 1375 2039 faciunt,

174 2081 311 2166 quippe
334 2079 391 2162 qai
418 2079 526 2142 dicunt
552 2078 670 2156 alium,
700 2085 824 2164 praeter
851 2077 1033 2153 Caesarem,
1060 2076 1150 2144 nohis
1182 2101 1248 2145 esse
1274 2097 1377 2164 repere

179 2198 344 2292 (βασιλεα
369 2197 502 2289 λεγοντες
525 2196 622 2288 ἕτερον
646 2201 746 2280 ειναι),
774 2220 885 2289 nempe
910 2202 1026 2268 lesum.

239 2325 285 2388 Τα
306 2319 450 2412 deppam
473 2323 633 2408 Καισαρος
649 2341 684 2389 ee
709 2322 934 2403 intellexerint,
950 2323 1064 2412 quibus
1088 2336 1212 2392 cautum
1237 2336 1321 2408 erat,
1340 2347 1378 2393 ne

192 2447 268 2535 quis
291 2446 321 2513 in
348 2445 524 2533 regionibus
539 2443 670 2512 devictis
696 2466 752 2512 rex
776 2446 944 2529 diceretur,
964 2448 1022 2515 nisi
1045 2448 1186 2515 Caesaris
1207 2450 1376 2538 permissu.

193 2569 245 2636 Cl.
264 2570 410 2638 Grotium
425 2569 465 2638 ad
481 2567 515 2635 h.
535 2569 557 2636 l.
577 2571 684 2658 ltaque
700 2571 859 2658 Apostolis
881 2573 1055 2661 ceterisque
1071 2571 1275 2655 Christiana,
1295 2573 1381 2662 quhd

190 2693 303 2760 lesum
329 2691 476 2758 Messiam
501 2690 639 2760 dicerent
663 2712 765 2780 regem
794 2712 831 2761 ac
853 2695 1042 2774 Dominum,
1061 2695 1300 2764 calumniatores
1329 2698 1379 2765 isti

192 2815 314 2882 crimen
337 2813 546 2903 impingebant
572 2814 734 2882 seditionis
759 2826 866 2884 contra
889 2820 1113 2907 lmperatorem
1132 2821 1321 2889 Romanum.
1336 2857 1381 2871 -—

194 2943 258 3010 Pro
273 2963 327 3017 την
343 2964 519 3027 οικουμενην
537 2941 648 3029 legitur
665 2943 696 3009 in
713 2942 845 3031 Vulgata
868 2947 990 3026 arbem,
1005 2965 1097 3034 quam
1114 2967 1222 3014 vocem
1239 2958 1382 3016 contexta

203 3066 298 3133 oratio
316 3085 377 3131 non
394 3065 526 3153 patitur;
545 3062 628 3133 haud
644 3064 738 3133 dubie
754 3066 917 3154 legendum
934 3077 982 3134 est
996 3069 1116 3136 ortem.
1136 3104 1180 3118 —-
1197 3070 1268 3137 Vox
1286 3095 1383 3136 ανασ-

203 3213 301 3255 τατοω
320 3189 400 3256 ualet
422 3211 594 3254 αναστατον
617 3212 726 3258 noreio.
749 3191 877 3279 Propria
894 3210 930 3257 ea
953 3202 1018 3272 est,
1042 3202 1077 3259 ut
1092 3190 1226 3274 videtur,
1252 3193 1385 3263 dialecto

205 3315 441 3383 Alexandrinae.
467 3316 516 3382 Cl.
542 3315 697 3400 Sturzium
727 3318 775 3382 De
801 3318 934 3383 dialecto
961 3318 1169 3383 Macedonica
1188 3331 1218 3386 et
1244 3319 1385 3388 Alexan·

205 3441 314 3523 drino,
334 3461 366 3528 p.
388 3441 464 3506 tto.
487 3475 527 3488 —·
545 3435 760 3504 ’Υποδεδεκται
783 3439 868 3507 Pers.
888 3441 1008 3507 Passir.
1030 3440 1255 3528 significatione
1270 3446 1382 3523 activa,

206 3575 235 3631 ut
251 3561 494 3654 προσκεκληται,
512 3584 625 3652 supra,
644 3566 722 3653 Cap.
741 3565 820 3632 Xlll
842 3589 850 3630 :
869 3565 902 3631 2.

248 3809 350 3876 8-9.
366 3806 614 3874 Concitaverarat
628 3818 735 3874 autem
750 3808 886 3892 plebem,
901 3807 992 3897 eto).
1009 3811 1248 3878 Pertarhnrunt
1264 3812 1386 3882 animos

208 3929 378 4026 (εταραξαν)
401 3932 634 4020 magistratuum
661 3934 833 4022 populique
855 3936 1084 4000 calumniosam
1111 3937 1193 4002 harro
1217 3942 1388 4006 accusatio·

207 4077 276 4122 reem
292 4058 490 4123 audientium
506 4056 825 4145 (cneocaesaream).
852 4057 1007 4124 Nimirum
1025 4059 1203 4142 maluerint,
1222 4081 1261 4126 ne
1277 4061 1385 4128 civitas

207 4199 313 4248 eorum
331 4200 387 4268 pro
404 4178 551 4249 seditiosa
568 4179 735 4249 haberetur
751 4201 768 4249 a
785 4182 946 4249 Romanis.
966 4183 1005 4248 Et
1021 4183 1229 4270 magistratus,
1248 4187 1388 4251 satisda-

209 4305 292 4368 tione
308 4313 432 4387 accepta
452 4301 517 4390 (και
535 4299 679 4389 inliceret
700 4328 734 4367 το
759 4307 902 4392 ἔκανον)ιι
919 4304 1027 4371 iasone
1043 4314 1073 4371 el
1090 4305 1237 4395 reliquis,
1256 4307 1308 4396 qui
1326 4306 1387 4374 und

208 4443 276 4492 cum
296 4425 348 4491 illo
366 4426 396 4491 iu
415 4426 516 4494 lorum
533 4426 656 4495 adducti
674 4427 814 4507 fueraut,
832 4446 887 4494 eos
903 4426 1099 4495 dimiserunt.
