3074 5054
177 367 219 432 uu
517 362 651 430 AGTUS
685 364 1020 444 Apostolorum,

175 554 280 621 aetatis
302 572 339 619 ac
360 572 454 619 sexus
479 552 540 618 illis
564 551 647 619 venit
669 573 708 617 eoo
727 556 878 637 veritate,
897 565 931 620 ut
946 553 1023 622 dixit
1043 555 1177 634 Paulus;
1195 566 1226 621 at
1241 577 1279 620 eoo
1294 560 1354 622 mr·-

175 682 351 746 rerioordt'c
367 678 406 744 ad
423 679 538 747 Gentes
555 677 646 745 etiam
663 698 731 745 sese
750 678 870 746 effudit.
889 707 903 738 s

221 816 251 869 et
264 805 498 888 prophetabunt
516 805 583 887 put
604 801 729 890 vestri).
749 804 967 887 Describitur,
986 806 1056 894 quis
1072 806 1194 873 iuturus
1211 806 1251 872 sit
1267 809 1354 889 effee-

177 941 226 994 tus
242 929 309 995 eius
326 927 517 1017 quodmodo
534 927 654 995 dixerat
672 947 679 989 :
699 929 860 1012 effundam
876 931 913 993 ole
929 930 1060 1014 Spiritu
1082 951 1163 996 meo.
1183 928 1232 996 hd
1247 949 1355 995 rocem

174 1055 365 1138 prophetare
380 1052 464 1143 quoti
487 1063 622 1142 spectat,
646 1073 743 1142 quum
763 1053 936 1141 explicetur
952 1075 1009 1144 per
1025 1054 1138 1136 verba,
1157 1074 1236 1143 quae
1251 1055 1354 1121 statim
1410 1131 1412 1135 ⁸

177 1178 219 1246 ibi
236 1177 424 1245 adiiciuntur
442 1198 450 1240 ε
469 1179 608 1244 visiones
622 1179 771 1244 videbunt
793 1187 822 1242 et
843 1180 968 1254 somnio
983 1180 1203 1261 somniabunt,
1223 1197 1258 1244 ea
1275 1197 1353 1258 vox,

178 1321 364 1390 quamquam
388 1301 463 1368 alias
486 1300 577 1367 latius
600 1310 699 1388 patet,
717 1298 778 1367 hoc
795 1300 863 1368 loco
880 1300 1029 1369 sumenda
1051 1311 1097 1367 est
1120 1299 1159 1366 de
1177 1301 1257 1364 dorio
1277 1320 1356 1383 pro-

175 1427 320 1508 phetiae,
350 1434 500 1513 quatenus
528 1444 584 1513 per
612 1423 672 1491 hoc
700 1423 880 1512 intelligitur
907 1424 1017 1492 collata
1047 1423 1161 1504 alicui,
1186 1443 1225 1489 ex
1252 1422 1356 1490 divina

177 1567 275 1636 eaque
302 1546 545 1614 extraordinaria
567 1546 768 1628 revelatione,
798 1541 931 1636 cognitio
961 1549 1174 1629 occultorum,
1203 1549 1355 1637 praeteri-

177 1681 298 1749 torum,
325 1670 551 1759 praesentium,
569 1681 622 1738 aut
637 1670 824 1739 futurorum.
846 1672 911 1740 Sub
927 1675 1008 1738 dono
1031 1671 1213 1760 prophetiae
1236 1673 1356 1763 reliqua

179 1797 366 1865 charismata
381 1817 398 1864 a
415 1798 499 1865 loe'le
514 1796 830 1886 comprehenduntur.
850 1799 898 1865 Ex
920 1819 981 1887 quo
1005 1798 1097 1865 etiam
1117 1797 1285 1885 colligitur,
1306 1820 1357 1866 va-

179 1918 319 1986 ticinium
344 1918 405 1986 boc
429 1920 601 1987 rectissime
622 1939 640 1986 a
663 1921 756 1986 Petro
780 1920 875 1987 luisse
896 1920 1078 2008 allegatum3
1105 1920 1189 2010 quod
1212 1932 1241 1989 et
1264 1923 1357 1990 tacito

180 2054 370 2133 agnoverunt
386 2042 490 2111 ludaei
507 2043 552 2110 illi
565 2043 691 2110 circiter
707 2054 754 2111 ter
769 2044 873 2123 mille,
899 2045 953 2133 qui
977 2044 1015 2110 ad
1036 2043 1116 2111 hanc
1131 2046 1215 2112 Petri
1232 2047 1357 2114 concio-

180 2189 251 2235 nem
275 2167 313 2235 ad
333 2167 425 2236 tidem
445 2165 651 2235 Christianam
673 2177 744 2234 sunt
767 2168 907 2234 conversi
925 2168 1036 2258 (inira,
1055 2188 1101 2234 vs.
1122 2167 1191 2257 hl).
1211 2169 1356 2236 Ceterum

173 2291 363 2380 ‘prophetiae
385 2289 519 2370 donum,
549 2309 611 2378 quo
638 2310 732 2357 sensu
760 2289 837 2356 illud
859 2309 952 2378 supra
978 2288 1190 2370 delinivimuS,
1219 2290 1358 2358 solemne

180 2415 277 2482 luisse
292 2415 324 2480 in
340 2413 496 2502 primitiva
513 2411 670 2492 Ecclesia,
685 2433 721 2478 ex
739 2431 826 2479 sacra
842 2411 970 2480 historia
987 2421 1117 2480 constat.
1136 2411 1185 2479 Gi.
1199 2414 1270 2480 hot.
1288 2417 1336 2481 Xl
1346 2436 1354 2477 :

181 2541 241 2622 aa
259 2540 338 2605 xur
358 2507 420 2614 2i,
438 2538 476 2617 n
495 2537 575 2603 xxi
598 2556 607 2599 ι
629 2538 682 2602 rr.
703 2574 746 2584 -
768 2537 782 2602 1
805 2535 888 2602 um.
913 2537 926 2601 1
951 2560 960 2602 :
988 2537 1040 2602 rs.
1065 2536 1193 2603 noceat
1217 2536 1359 2625 sorpto

179 2663 252 2730 libri
277 2661 529 2751 Apocalypseos,
552 2661 683 2727 loannes
705 2659 893 2749 Apostolus,
919 2660 1111 2747 Evangelista
1134 2668 1163 2726 et
1184 2659 1355 2748 Propheta.

180 2789 246 2856 Nec
261 2806 401 2854 cessasse
423 2797 493 2875 post
516 2786 737 2875 Apostolorum
760 2794 889 2852 aetatem
912 2784 1093 2873 prophetiae
1109 2783 1242 2864 donum,
1260 2783 1355 2852 fidem

180 2913 253 2979 lacit
272 2911 306 2979 S.
331 2910 468 2978 lustinus
490 2912 610 2997 blartyr
635 2935 643 2978 z
677 2910 808 3000 «Apud
831 2931 904 2990 nos,
930 2913 1054 2996 inquit,
1079 2909 1242 2998 hucusque
1264 2909 1356 2976 etiam

181 3034 364 3124 prophetica
380 3043 497 3121 erstant
513 3032 610 3114 dona;
636 3033 719 3101 unde
743 3045 773 3101 et
794 3056 849 3102 vos
865 3034 950 3123 (scil.
968 3033 1101 3122 Iudaei)
1117 3032 1287 3120 intelligere
1303 3033 1356 3102 de-

180 3157 278 3236 betis,
294 3176 372 3246 quae
393 3156 468 3223 olim
488 3156 520 3222 in
540 3177 653 3244 genere
677 3169 779 3225 vestro
802 3157 904 3237 luere,
924 3155 1353 3224 eaesseinnost1·anslata¹.

180 3279 229 3346 Cf.
248 3279 341 3345 etiam
363 3277 481 3346 Euseb.
500 3279 542 3345 H.
567 3280 605 3344 E.
632 3279 703 3346 Lib.
722 3281 764 3349 V.
782 3281 858 3369 Cap.
880 3281 940 3361 tu,
959 3279 1125 3367 Origenem
1142 3278 1212 3345 Lib.
1232 3280 1265 3357 l,
1283 3277 1354 3346 adv.

182 3405 327 3482 Celsum,
361 3414 391 3470 et
421 3401 672 3484 Theodoretum,
702 3404 814 3492 quiin
843 3424 900 3471 suo
928 3403 1169 3483 commentario,
1199 3401 1237 3469 ad
1265 3404 1358 3471 lohlis

111 3610 118 3621 .
181 3547 252 3615 cap.
276 3530 316 3606 h,
335 3525 411 3592 baec
435 3526 570 3593 scribit:
601 3528 687 3592 «Ad
709 3538 818 3593 nostre
844 3549 941 3613 nsque
969 3540 1111 3611 temporo
1138 3525 1252 3594 donum
1280 3527 1358 3595 illud

182 3648 369 3737 permansit3
393 3658 423 3715 et
446 3659 518 3716 sunt
538 3649 619 3715 inter
641 3630 748 3716 fideles
769 3651 865 3718 sancti
889 3650 966 3727 viri,
992 3670 1102 3739 puram
1126 3649 1238 3721 mentis
1258 3650 1357 3717 aciem

181 3773 347 3850 habentes,
363 3773 416 3861 qui
432 3772 580 3841 derebus
597 3773 707 3841 futuris
721 3775 816 3842 multa
832 3786 861 3842 et
877 3787 1084 3864 praenoscunt
1099 3785 1129 3840 et
1145 3773 1352 3862 praedicunt'.

213 3959 233 4026 ¹)
246 3958 274 4011 S.
287 3955 526 4020 Justiu.iuDialcg.
536 3969 596 4007 cum
607 3954 745 4022 Tryphone
824 3957 843 4021 ³)
854 3956 951 4046 Λχρις
985 3980 1022 4046 a?
1041 3959 1126 4044 ἡμων
1146 3981 1233 4020 soum
1255 3953 1357 4047 διεφυ..

180 4041 288 4104 Iudaeo,
307 4056 334 4107 p.
356 4041 404 4092 308
418 4039 446 4090 in
463 4037 526 4090 edit.
540 4038 629 4091 Coton.
642 4053 648 4088 :
661 4045 745 4112 παρα
792 4047 888 4132 >affin
906 4071 940 4110 το
956 3981 1063 4136 (ζωρον.
1089 4072 1138 4109 και
1156 4071 1231 4110 m„
1251 4070 1279 4109 εν
1296 4071 1358 4122 τοις

179 4139 237 4207 ΥαΡ
253 4117 324 4203 ἧμιν
337 4141 388 4179 και
402 4138 492 4207 poppa
506 4138 564 4223 Ψ(
574 4138 745 4205 liminum
792 4139 888 4227 ἅγιοις
902 4134 1006 4226 ανδρες
1019 4139 1147 4228 καθαρον
1159 4161 1209 4211 της
1222 4133 1358 4212 (laerones

180 4230 362 4296 χαρισματα
377 4226 470 4270 WW'
490 4205 519 4280 εξ
535 4230 569 4268 ⁰²³
586 4230 637 4268 και
660 4229 744 4267 “vm
790 4254 824 4308 ro
844 4251 965 4291 οπτικον
983 4251 1117 4314 εχοντες,
1136 4231 1162 4290 oi
1179 4226 1277 4290 nolte
1298 4250 1357 4291 των

180 4320 313 4362 ‘mmm‘
343 4294 491 4389 ⁰i³⁵²bm²
516 4300 561 4360 ὁτι
581 4320 619 4360 τα
646 4293 744 4406 wal
792 4317 961 4406 pellorratr
978 4343 1029 4381 και
1047 4341 1287 4408 προγινωσκουσι
1306 4344 1357 4382 και

182 4411 211 4451 er
238 4411 380 4541 τῳθγενει
405 4391 489 4475 ripeta
506 4409 577 4452 orror
604 4410 643 4459 εις
665 4409 745 4472 ημας
792 4408 984 4499 προλεγουσι.

184 4501 287 4565 μετετε
305 4504 334 4554 η.
