3074 5054
177 359 243 428 456
536 363 670 432 ACTUS
698 364 1029 445 APOSTOLORUM,

177 551 254 618 nihil
279 552 362 620 aliud
378 562 425 620 est
449 573 540 641 quam
558 574 614 642 per
630 554 815 643 haptismum
834 557 926 625 alicui
950 561 1073 639 addici,
1089 562 1211 638 diceri,
1227 565 1345 627 inuinci-

174 680 252 762 puri
261 731 270 760 ,
283 681 442 763 submitti,
461 683 584 759 uoueri,
602 684 799 765 consecrari,
818 692 847 746 et
863 682 996 770 quodam
1022 683 1113 751 modo
1129 688 1250 764 uniri,
1268 685 1346 752 unde

177 813 320 871 nascatur
335 803 473 871 debitum
497 803 671 892 praestandi
696 825 731 871 ea
747 805 865 887 officia,
881 826 959 895 quae
974 807 1148 877 istiusmodi
1165 810 1257 876 statui
1275 831 1346 877 con-

175 936 307 1016 gruunt3
324 937 358 994 ut
374 925 449 992 adeo
466 926 497 992 in
515 927 603 993 cuius
619 947 730 994 nomen
748 929 917 1017 baptizatus
934 930 989 1014 sis,
1007 929 1104 998 huius
1128 935 1220 1000 etiam
1237 955 1345 1002 nomen

176 1049 309 1116 tenearis
332 1047 487 1138 profiteri,
506 1047 580 1116 huic
604 1048 742 1117 obedire.
761 1051 873 1118 Confer
898 1051 949 1121 hie
970 1074 1048 1142 quae
1064 1057 1239 1124 notavimus
1255 1078 1346 1147 supra

176 1173 214 1240 ad
236 1174 312 1260 Cap.
335 1172 412 1240 Vlll
432 1191 439 1232 :
461 1173 514 1240 ld.
538 1171 629 1257 Quod
651 1193 722 1259 ergo
744 1173 818 1241 dicit
840 1175 1007 1264 Apostolus
1031 1202 1040 1243 t
1064 1180 1109 1244 Iu
1131 1183 1208 1264 quid
1230 1181 1286 1267 (εις
1304 1179 1347 1268 τι)

177 1324 251 1387 erpo
266 1303 418 1387 baptizoti
434 1305 528 1384 estis,
548 1300 605 1368 hac
622 1301 796 1390 periphrasi
815 1303 1055 1392 explicaverim:
1075 1306 1344 1396 Quandoquidem,

177 1440 212 1496 ιιι
232 1427 353 1508 dicitis,
372 1447 411 1493 ne
432 1426 591 1493 audivistis
614 1426 739 1515 quidem
763 1448 799 1494 au
825 1429 865 1495 sit
890 1428 1024 1518 Spiritus
1044 1431 1192 1512 Sanctus,
1210 1431 1345 1520 adeoque

178 1574 236 1621 nec
256 1551 398 1641 baptizati
420 1551 540 1618 fueritis
563 1549 678 1617 Christi
704 1550 903 1641 baptismate,
932 1554 1048 1642 quippe
1068 1556 1151 1645 quod
1174 1577 1236 1622 non
1253 1557 1347 1625 admi·

179 1679 326 1745 nistratur
353 1677 421 1744 sine
448 1675 603 1742 mentione
629 1675 764 1765 Spiritus
786 1678 905 1756 Sancti,
930 1683 964 1744 in
992 1684 1069 1766 quid
1096 1703 1167 1766 erpo
1195 1684 1347 1768 baptizoti

179 1804 282 1869 eatis?
297 1811 340 1853 -⁵-
357 1800 536 1890 Suspicatus
564 1799 657 1866 luerit
682 1800 814 1880 Paulus,
839 1813 873 1870 ut
895 1814 1048 1885 reserat,
1073 1806 1157 1874 viros
1180 1806 1251 1874 illos
1275 1808 1346 1898 bap·

178 1929 269 1995 tismo
294 1926 418 1995 loannis
434 1925 530 1992 luisse
546 1924 732 2013 baptizatos3
751 1945 879 2015 eamque
904 1927 944 1994 ob
960 1949 1084 1996 causam
1101 1930 1213 1998 dixerit
1229 1952 1290 1998 non
1315 1936 1347 1998 iu

178 2075 289 2140 quem,
315 2048 370 2117 sed
392 2053 428 2115 iu
454 2050 543 2135 quid.
569 2047 795 2136 Respondent:
814 2051 857 2115 Iu
884 2053 1019 2117 Ioannis
1048 2055 1207 2138 baptisma
1236 2055 1290 2138 (εις
1316 2079 1348 2118 το

178 2170 514 2260 Ιωαννοιβαπτισμα).
533 2175 568 2239 ln
590 2193 651 2260 quo
676 2192 824 2262 responso
850 2186 896 2240 est
919 2175 1036 2265 aliquid
1060 2178 1256 2257 inconcinni;
1276 2177 1348 2268 quid

178 2303 259 2370 onim
276 2301 427 2388 intelligas
438 2300 598 2384 baptizari
613 2303 647 2364 itt
663 2302 843 2383 cuiuspiam
854 2301 1070 2383 baptismum?
1085 2304 1203 2391 Nempe
1220 2303 1245 2369 si
1263 2303 1349 2369 aliter

179 2429 354 2515 interrogati
376 2425 524 2504 fuissent,
542 2423 707 2500 dixissent,
726 2423 849 2512 opinor,
868 2423 1023 2510 baptizari
1037 2430 1156 2511 luimus
1171 2450 1191 2491 o
1207 2428 1348 2509 totoue,

110 2570 117 2585 ·
180 2576 262 2623 nunc
277 2573 350 2619 vero
371 2570 466 2639 quum
484 2558 677 2636 rogarentur,
694 2551 728 2613 in
745 2550 820 2634 quid
835 2528 977 2637 baptizati
995 2562 1114 2630 essent,
1134 2551 1322 2640 respondent
1339 2571 1347 2611 ε

180 2684 223 2748 Io
239 2681 393 2764 baptisma
410 2673 545 2742 loannis.

224 2904 324 2970 t-7.
352 2901 561 2965 [licitantem
576 2897 721 2962 Paulus:
738 2860 876 2961 locutios
893 2896 1080 2979 baptizavit,
1099 2894 1186 2976 ete).
1206 2899 1349 2974 loannes,

178 3027 297 3118 inquit,
314 3025 484 3108 baptizavit
505 3017 677 3111 (εβαπτισε)
700 3021 852 3104 baptismo
873 3024 1083 3104 poeniteutiae
1107 3016 1283 3107 (βαπτισμα
1301 3046 1352 3108 με·

121 3307 130 3331 .»
210 3278 229 3343 ¹)
240 3275 279 3327 nd
290 3274 369 3327 verba
380 3273 427 3338 Ep.
438 3273 471 3322 ad
482 3270 556 3321 Rom.
571 3269 633 3336 Cap.
646 3269 692 3320 Vl:
705 3269 739 3321 3:
786 3265 900 3331 Apostoli
919 3281 925 3316 :
946 3265 988 3316 Art
1008 3267 1036 3315 iri
1054 3267 1158 3318 contine
1181 3265 1235 3332 (Gr.
1256 3275 1297 3326 εις
1319 3277 1351 3316 το

178 3360 335 3423 Quicumque
356 3353 487 3420 baptizoti
506 3353 566 3403 estis
586 3353 615 3402 in
636 3351 740 3402 Christo
785 3343 893 3428 crepa)
905 3355 985 3406 Pauli
1002 3355 1131 3420 baptizati
1148 3357 1225 3417 estis,
1242 3356 1271 3406 in
1291 3371 1351 3408 eum

174 3443 234 3494 Iesu
252 3440 305 3507 (Gr.
326 3448 366 3498 εις
378 3423 511 3511 Χριστθι
525 3420 657 3500 Inuoco),
676 3433 740 3485 haec
785 3453 890 3492 sensum
920 3439 947 3489 in
974 3437 1129 3490 Graecorum
1158 3439 1352 3491 commentariis

176 3536 248 3584 notat
257 3531 320 3582 Klee
329 3529 503 3596 (commentar
518 3527 583 3578 iiber
596 3526 641 3577 des
653 3527 739 3591 Apos-
786 3521 895 3588 exponi,
909 3527 939 3572 ut
949 3521 1098 3584 significent
1112 3536 1118 3570 :
1131 3520 1203 3573 Num
1216 3535 1267 3585 per
1282 3522 1352 3586 hap·

173 3615 209 3666 tel
219 3613 315 3665 Paulus
331 3611 537 3664 Sendschreihen
549 3623 582 3660 an
594 3610 636 3660 die
646 3609 739 3660 humer
786 3606 890 3656 tismum
901 3604 930 3654 in
940 3617 1126 3654 montaniacum
1139 3604 1270 3668 adscripti
1281 3605 1350 3663 ostis,

174 3711 201 3763 p.
222 3696 280 3758 ιιι)
296 3711 301 3746 :
315 3708 364 3744 auu
383 3694 459 3744 lesus
477 3691 605 3744 Guarsnus
625 3703 740 3740 censoru
788 3695 816 3739 ιιι
853 3687 980 3738 Pontiani
1013 3688 1181 3739 diceremini?
1217 3688 1352 3741 Salmeron

174 3791 249 3843 sepo,
266 3775 349 3826 heiszt
364 3772 449 3825 durch
465 3773 506 3823 dic
526 3772 607 3836 Teuta
617 3769 673 3822 sich
687 3769 740 3819 ihm
789 3769 828 3834 (Τ.
851 3768 884 3831 X,
906 3768 988 3819 Tract.
1012 3768 1052 3833 32)
1076 3768 1108 3819 ad
1128 3769 1208 3820 verba
1228 3769 1351 3822 Matthaei

174 3859 217 3911 uls
237 3856 392 3923 Elpeuthum
412 3855 569 3922 leinqepehen
593 3855 648 3904 uad
669 3852 740 3902 Erh-
787 3851 857 3917 [Cap.
876 3849 957 3901 XVlll
972 3863 976 3896 :
992 3849 1033 3916 ta)
1048 3867 1052 3901 :
1069 3850 1245 3915 Baptizautca
1264 3866 1308 3903 eos
1324 3854 1353 3903 iu

173 3939 311 4006 ansprueh
329 3940 380 4004 auf
395 3939 446 3989 den
464 3937 562 3988 Sohatz
574 3937 659 3989 seiher
673 3936 741 3987 Ver·
786 3933 890 3984 nominc
901 3932 992 3983 Patria
1001 3939 1024 3984 ιι
1036 3933 1106 3994 Filii,
1118 3936 1178 3995 eto,
1190 3933 1254 3985 haec
1266 3938 1350 3986 notat:

174 4026 272 4076 dienste
286 4023 444 4088 emptamque
453 4020 563 4086 hahealt
577 4020 634 4073 Cor.
647 4020 657 4070 l
670 4037 676 4072 :
688 4018 738 4086 ιι),
789 4037 801 4063 «
814 4015 923 4077 Graece,
944 4016 1043 4080 iuquit,
1061 4015 1171 4067 habetur
1190 4017 1217 4066 in
1237 4018 1353 4069 Accusa-

174 4109 257 4160 heiszt
273 4108 315 4159 uls
337 4106 409 4157 Glied
427 4104 480 4156 ihm
497 4103 539 4155 als
554 4103 643 4168 Haupt
655 4104 738 4169 periet
786 4104 839 4155 tivo
853 4120 859 4155 :
871 4105 900 4156 itt
911 4117 1006 4153 uomere
1027 4103 1129 4163 Patris,
1142 4107 1202 4164 eto,
1217 4109 1247 4155 ut
1263 4103 1290 4154 hi
1308 4103 1352 4170 qui

175 4196 292 4255 werden,
309 4194 338 4244 tn
357 4192 398 4244 die
418 4192 532 4257 intripste
550 4188 739 4253 Gemeinschast
786 4187 909 4252 baptizati
920 4190 996 4248 sunt,
1010 4190 1143 4238 transeant
1159 4188 1186 4236 in
1199 4187 1353 4238 nomencla-

173 4280 257 4330 aeinca
270 4275 584 4329 LehcuazurTheihtamc
596 4274 739 4324 aestimem
788 4275 891 4333 turam,
912 4275 958 4322 aut
980 4270 1101 4322 dicantur
1126 4270 1172 4320 filii
1192 4271 1239 4321 Dei
1260 4270 1352 4330 Patris,

174 4360 259 4412 Geiste
278 4362 479 4426 auspeuommeu
496 4357 602 4406 worden
622 4370 693 4422 sepa.
709 4383 739 4392 -
788 4354 880 4405 tratres
896 4354 954 4404 Filii
973 4355 1033 4416 Dei,
1052 4353 1144 4419 templa
1163 4357 1189 4404 et
1208 4352 1352 4429 habitacula

173 4442 260 4499 Estius
282 4441 323 4506 (ad
344 4443 355 4494 ι
375 4441 479 4499 cont:
503 4439 543 4506 43)
565 4437 639 4499 docet
662 4439 739 4496 verba
790 4436 902 4503 Spiritus
912 4437 1009 4489 Sancti.
1025 4457 1036 4482 »
