3074 5054
220 414 222 418 ·
276 390 342 458 398
631 390 764 459 aurbs
801 388 1136 474 aeasaabeatlll,

480 659 650 734 CAPUT
702 661 954 736 bdellium
1006 662 1247 737 SEXTUM.

272 858 465 908 buouunuruu.
485 855 581 908 Paulus
591 859 617 908 et
629 856 709 920 Silas,
723 862 860 923 peragrata
871 857 973 920 Cilicia,
988 861 1126 911 transeunt
1136 858 1163 909 in
1178 858 1341 924 provinciam
1352 857 1459 925 Lycao·

306 940 377 992 niam
387 979 393 1002 ,
405 941 616 1006 perveniuntque
633 940 750 1004 Derben,
765 941 860 993 deinde
876 941 1011 1006 Lystram,
1024 955 1091 1007 quae
1109 940 1175 993 duae
1187 945 1251 993 sunt
1268 955 1300 993 ex
1320 942 1378 994 eius
1391 955 1458 1008 pro-

306 1023 405 1086 vinciae
413 1021 571 1074 civitatibus.
580 1021 679 1087 Lystris
687 1023 820 1089 apostolici
831 1025 932 1075 itineris
939 1036 1025 1075 comes
1035 1022 1151 1075 adscitur
1162 1023 1326 1075 Christianus
1335 1025 1456 1090 quidam,

305 1102 455 1154 Timotheus
464 1103 580 1166 nomine,
593 1117 632 1154 vs.
647 1101 705 1153 t-l.
718 1103 834 1169 Apostoli
848 1117 915 1169 quae
926 1118 1012 1171 nuper
1024 1103 1208 1170 Hierosolymis
1222 1105 1327 1157 luerent
1338 1105 1457 1170 decreta,

305 1187 403 1252 ubique
415 1185 697 1239 Bibulae-Christianis
715 1187 844 1238 servanda
864 1187 985 1251 tradunt;
999 1188 1094 1240 novelli
1112 1203 1177 1254 quos
1196 1189 1347 1241 invisebant
1361 1187 1457 1241 Chris-

305 1271 369 1323 tiani
379 1271 505 1323 mutiano
518 1272 543 1322 in
558 1271 610 1323 fide
622 1272 856 1336 confirmabantur,
869 1276 895 1324 et
906 1286 1015 1325 numero
1034 1273 1118 1326 indies
1130 1275 1327 1337 accrescebant,
1338 1288 1381 1326 ve.
1395 1274 1456 1326 l-e.

303 1352 384 1405 Porro
396 1353 566 1419 Evangelium
579 1354 770 1419 praedicantia
789 1354 900 1419 Phrygia
914 1360 941 1407 et
954 1356 980 1406 iu
993 1354 1104 1418 Galatia,
1121 1370 1187 1422 quas
1199 1357 1317 1421 regiones
1329 1369 1392 1408 cum
1404 1370 1457 1423 pe-

234 1473 237 1478 ·
304 1440 465 1501 ragrassent,
477 1437 664 1503 venissentque
680 1438 708 1488 in
719 1437 807 1488 Asiam
820 1439 1046 1503 proconsularem,
1059 1439 1134 1490 vetiti
1145 1442 1230 1491 sunta
1243 1438 1343 1506 Spiritu
1356 1440 1457 1493 Sancto

304 1519 475 1584 Evangelium
485 1519 521 1570 ibi
532 1519 703 1571 annunciare.
717 1520 738 1569 a
751 1518 850 1571 Galatia
861 1521 888 1570 in
903 1520 1012 1585 Mysiam
1024 1521 1136 1572 veniunt
1151 1523 1230 1587 atque
1243 1518 1305 1571 binc
1316 1520 1342 1570 iu
1357 1519 1457 1586 Bitby-

219 1644 222 1649 .
303 1602 373 1653 niam
385 1601 513 1668 proficisci
530 1602 659 1666 cogitant,
672 1601 717 1653 sed
731 1606 760 1654 ut
771 1601 821 1654 hoc
840 1602 955 1654 iacerent
973 1616 1025 1655 non
1046 1603 1175 1669 permittit
1185 1602 1236 1653 illis
1247 1601 1364 1669 Spiritus
1383 1604 1454 1656 lesu.

303 1685 388 1747 Quare
401 1687 564 1738 reflectentes
574 1685 606 1737 ad
618 1699 747 1748 occasum,
758 1699 805 1752 per
817 1686 925 1752 Mysiam
938 1688 1050 1739 veniunt
1061 1686 1200 1748 Troadem,
1214 1685 1258 1737 ubi
1271 1684 1369 1737 Paulus
1380 1687 1456 1737 diri-

302 1770 374 1822 nitus
382 1769 547 1832 admonetur,
560 1773 656 1820 utoum
667 1769 741 1820 sociis
753 1769 826 1820 illinc
835 1769 940 1832 naviget
953 1769 979 1819 in
991 1769 1179 1830 Macedoniam,
1192 1767 1224 1820 ad
1236 1767 1412 1832 Evangelium
1425 1769 1455 1820 in

302 1853 344 1905 illa
364 1855 471 1920 regione
487 1854 707 1920 praedicandum,
720 1867 759 1905 vs.
779 1853 853 1905 l-tt.
873 1853 965 1918 ltaque
987 1853 1117 1906 solventes
1132 1853 1245 1916 Troade,
1262 1851 1411 1919 appellunt·
1419 1852 1454 1904 ad

302 1937 394 1988 urbem
405 1936 570 1989 Macedoniae
582 1935 724 2003 Philippos.
740 1936 776 1987 lbi
789 1936 886 1988 Paulus
896 1937 1068 2001 Evangelium
1077 1938 1192 2004 primum
1205 1935 1338 2002 praedicat
1350 1935 1454 1986 mulie-

303 2019 375 2071 ribus
386 2018 535 2080 nonnullis,
549 2032 659 2084 quarum
680 2033 747 2082 una,
768 2018 848 2084 Lydia
865 2020 987 2081 nomine,
1005 2018 1038 2070 ad
1056 2019 1112 2070 eius
1131 2018 1351 2084 praedicationem
1370 2016 1454 2070 fidem

301 2100 475 2154 Christianam
486 2099 601 2167 proiessa
612 2101 646 2152 ab
658 2100 749 2152 eodem
768 2100 925 2165 baptizatur,
938 2115 976 2152 vs.
993 2100 1083 2152 rt-re.
1097 2100 1196 2152 ibidem
1209 2099 1356 2166 paulopost
1368 2099 1454 2165 spiri-

302 2189 358 2237 tum
371 2185 506 2237 fatidicum
523 2184 593 2237 eiieit
612 2198 646 2235 ex
665 2183 758 2236 ancilla
775 2183 903 2250 quadam,
918 2197 986 2249 quae
1003 2183 1146 2235 divinando
1164 2197 1290 2248 magnum
1309 2185 1453 2248 quaestum

299 2268 433 2322 adferebat
445 2269 557 2320 dominis
568 2268 630 2320 suis.
644 2266 695 2329 Qui
715 2267 832 2320 dolentes
849 2268 898 2319 sibi
915 2269 1022 2334 periisse
1037 2271 1175 2334 quaestum
1192 2280 1270 2319 suum
1280 2306 1286 2328 ,
1298 2265 1412 2318 Paulum
1424 2271 1454 2320 et

299 2351 381 2404 Silam
398 2355 575 2418 apprehensos
586 2351 684 2402 sistunt
695 2351 764 2416 apud
778 2350 851 2401 urbis
868 2352 1048 2415 magistratus,
1063 2353 1196 2416 tamquam
1214 2347 1335 2414 publicae
1351 2348 1455 2414 quietis

299 2434 510 2501 perturbatores3
530 2432 662 2499 simulque
681 2431 826 2498 Philippica
847 2432 921 2498 plebs
941 2432 1099 2485 tumultuose
1119 2433 1146 2483 in
1163 2431 1298 2498 Apostolos
1315 2430 1452 2494 insurgit,

299 2531 338 2568 ve.
354 2515 542 2576 manauere
560 2516 726 2580 magistratus
737 2517 767 2566 ut
778 2514 927 2566 furentibus
945 2514 1119 2577 satisfaciant,
1132 2513 1242 2565 Paulum
1260 2518 1286 2565 et
1303 2511 1386 2564 Silam
1404 2513 1453 2564 in-

300 2599 436 2651 demnatos
447 2599 535 2663 flagris
545 2598 618 2650 coedi
630 2597 723 2649 iubent
736 2600 762 2649 et
774 2598 799 2648 iu
812 2609 942 2649 carcerem
957 2596 1060 2648 detrudi
1071 2637 1077 2660 ,
1088 2612 1126 2649 vs.
1141 2598 1247 2647 tt-tb.
1261 2595 1345 2648 Media
1358 2599 1452 2648 autem

299 2686 375 2735 nocte
388 2681 420 2734 fit
437 2687 521 2734 terrae
542 2685 642 2743 motae,
660 2683 687 2732 et
707 2680 801 2732 ianuae
820 2681 930 2731 carceris
950 2682 1118 2746 aperiuntur;
1131 2694 1213 2746 quare
1232 2682 1319 2732 custos
1337 2680 1454 2731 carceris

298 2768 371 2816 ratus
383 2764 504 2828 effugisse
517 2763 633 2824 vinctos,
647 2775 737 2813 necem
752 2762 801 2813 sibi
820 2765 903 2828 parat.
919 2761 970 2813 Sed
983 2763 1016 2814 ab
1028 2777 1058 2814 eo
1070 2762 1166 2814 scelere
1179 2762 1275 2813 Paulus
1283 2761 1371 2813 virum
1383 2774 1452 2828 pro-

299 2845 380 2908 hibet,
394 2847 459 2912 quin
471 2849 497 2897 et
507 2845 564 2896 lesu
574 2843 676 2896 cbristo
685 2842 805 2895 eumdem
817 2843 942 2905 lucratur,
952 2858 990 2895 vs.
1002 2845 1093 2897 25-35.
1106 2844 1171 2896 Cum
1180 2845 1318 2908 illuxisset,
1329 2843 1451 2910 Apostoli

298 2928 440 2981 honorifice
457 2943 472 2980 a
489 2927 684 2992 magistratibus
703 2940 717 2977 e
736 2939 838 2978 carcere
857 2927 1035 2989 dimittuntur,
1056 2929 1171 2995 visisque
1192 2927 1273 2994 Lydia
1292 2931 1319 2980 et
1339 2927 1453 2995 reliquis

298 3010 453 3062 Christianis
462 3009 687 3077 Philippensibus,
701 3006 751 3061 alib
763 3008 974 3075 proficiscuntur,
987 3025 1025 3062 vs.
1039 3009 1129 3063 ta-lo.
1171 3014 1173 3019 “

314 3180 589 3247 1-5.‘Peraerrit
615 3188 720 3243 uatem
754 3177 874 3243 Derbete
902 3188 933 3243 et
963 3179 1131 3262 ipserum,
1162 3177 1249 3256 etc).
1281 3177 1451 3264 Peragrata

265 3302 391 3383 Cilicia,
417 3299 549 3381 Paulus
568 3300 630 3368 sila
654 3300 783 3381 comite,
800 3275 886 3367 adiit
901 3301 1076 3387 Lycaoniae
1097 3300 1252 3381 ciuitates,
1271 3299 1400 3367 Derben
1418 3312 1450 3368 et

266 3429 426 3513 Lystram,
444 3423 497 3491 ubi
520 3434 626 3503 antea,
644 3421 784 3489 Bernaba
807 3421 947 3489 adiutore
963 3423 1054 3510 (Cap.
1073 3423 1175 3490 XlV:
1196 3423 1335 3513 6—25),
1353 3446 1449 3514 pros·

265 3568 341 3637 pero
365 3558 494 3627 euentu,
518 3545 719 3633 Evangelium
741 3544 983 3634 praedicaverat.
1010 3545 1146 3629 Depetat
1162 3544 1222 3633 (ην)
1245 3559 1347 3615 autem
1364 3549 1449 3636 Lys-

266 3686 330 3741 tlae
353 3673 554 3740 Christianus
578 3672 708 3756 q'tte’dem
732 3669 875 3756 (μαθητης
898 3669 955 3752 τις)
976 3672 1103 3734 eremitae
1122 3669 1278 3758 (ονοματι.
1299 3672 1383 3741 Vide
1407 3676 1449 3744 ad

266 3799 312 3864 lx
331 3817 339 3859 :
359 3799 412 3882 53)
429 3794 631 3871 Timotheum
651 3793 823 3860 ismarum
839 3793 968 3860 babebat
985 3793 1125 3860 Euaicen
1139 3792 1171 3876 (d
1183 3795 1324 3865 Timoth.
1341 3799 1354 3864 l
1370 3823 1380 3865 r
1397 3801 1446 3885 5),

263 3927 433 3991 mulierem
448 3920 804 3989 Iudaeo-Christianam
828 3925 902 4012 (υἷος
916 3944 1057 4010 γυναικος
1074 3918 1216 3998 londonae
1232 3924 1366 4012 πιστης),
1384 3949 1447 4012 pa.

264 4059 344 4113 trem
372 4056 476 4110 eutem
502 4044 659 4110 Gentilem
681 4043 804 4133 (πατρος
830 4037 863 4105 δε
883 4038 1052 4129 Ἕλληνος).
1075 4043 1201 4112 Scilicet
1225 4067 1286 4114 noll
1312 4052 1446 4139 quaevis

262 4192 333 4238 cum
356 4166 531 4238 Gentilibus
553 4164 747 4232 matrimonia
772 4162 893 4231 ludaeis
921 4176 1009 4231 erant
1032 4167 1202 4255 prohibita.
1221 4170 1364 4241 Habebat
1387 4178 1446 4245 Ti-

263 4292 405 4362 mctheiis
426 4290 477 4358 ille
497 4293 581 4356 vitae
603 4289 676 4353 bace
703 4288 902 4356 Christianae
925 4293 1140 4357 testimouium
1163 4295 1390 4387 (εμαρτυρειτο,
1410 4312 1446 4368 ue

261 4437 356 4507 supra
371 4416 418 4484 Vl
438 4440 445 4482 :
464 4415 501 4503 5)
516 4433 534 4481 a
547 4411 733 4479 Christianis
755 4433 816 4480 nou
843 4424 958 4481 tantum
976 4415 1215 4500 Lystrensibus,
1234 4419 1441 4506 taurilibus,
