<?xml version="1.0" encoding="UTF-8"?>
<!DOCTYPE html PUBLIC "-//W3C//DTD XHTML 1.0 Transitional//EN"
    "http://www.w3.org/TR/xhtml1/DTD/xhtml1-transitional.dtd">
<html xmlns="http://www.w3.org/1999/xhtml" xml:lang="en" lang="en">
 <head>
  <title>
</title>
<meta http-equiv="Content-Type" content="text/html;charset=utf-8" />
  <meta name='ocr-system' content='tesseract 3.04.00' />
  <meta name='ocr-capabilities' content='ocr_page ocr_carea ocr_par ocr_line ocrx_word'/>
</head>
<body>
  <div class='ocr_page' id='page_1' title='image "./commentariusina00beelgoog/commentariusina00beelgoog_0180.png"; bbox 0 0 3074 5054; ppageno 0'>
   <div class='ocr_carea' id='block_1_1' title="bbox 498 366 1358 450">
    <p class='ocr_par' dir='ltr' id='par_1_1' title="bbox 498 366 1358 450">
     <span class='ocr_line' id='line_1_1' title="bbox 498 366 1358 450; baseline 0.005 -16"><span class='ocrx_word' id='word_1_1' title='bbox 498 366 636 434; x_wconf 77' lang='lat' dir='ltr'>CAPUT</span> <span class='ocrx_word' id='word_1_2' title='bbox 670 368 733 450; x_wconf 92' lang='lat' dir='ltr'><em>Vl,</em></span> <span class='ocrx_word' id='word_1_3' title='bbox 769 370 892 440; x_wconf 81' lang='lat' dir='ltr'><em>Vnus.</em></span> <span class='ocrx_word' id='word_1_4' title='bbox 930 372 1054 439; x_wconf 78' lang='lat'><strong>9-10.</strong></span> <span class='ocrx_word' id='word_1_5' title='bbox 1299 370 1358 438; x_wconf 82' lang='lat' dir='ltr'><em>lb’l</em></span> 
     </span>
    </p>
   </div>
   <div class='ocr_carea' id='block_1_2' title="bbox 179 553 1363 2490">
    <p class='ocr_par' dir='ltr' id='par_1_2' title="bbox 179 553 1363 2490">
     <span class='ocr_line' id='line_1_2' title="bbox 182 553 1360 651; baseline 0.002 -29"><span class='ocrx_word' id='word_1_6' title='bbox 182 555 284 622; x_wconf 73' lang='grc' dir='ltr'><em>ἕκατον</em></span> <span class='ocrx_word' id='word_1_7' title='bbox 309 553 442 622; x_wconf 81' lang='lat' dir='ltr'><em>laudator</em></span> <span class='ocrx_word' id='word_1_8' title='bbox 469 580 676 633; x_wconf 79' lang='grc' dir='ltr'><strong>κατοικουντες</strong></span> <span class='ocrx_word' id='word_1_9' title='bbox 703 583 755 632; x_wconf 79' lang='grc' dir='ltr'><em>την</em></span> <span class='ocrx_word' id='word_1_10' title='bbox 784 556 1007 650; x_wconf 77' lang='grc' dir='ltr'>Αλεξανδρειαν</span> <span class='ocrx_word' id='word_1_11' title='bbox 1031 585 1083 623; x_wconf 86' lang='grc' dir='ltr'><em>και</em></span> <span class='ocrx_word' id='word_1_12' title='bbox 1105 583 1158 635; x_wconf 81' lang='grc' dir='ltr'><em>την</em></span> <span class='ocrx_word' id='word_1_13' title='bbox 1178 581 1284 651; x_wconf 84' lang='grc' dir='ltr'>χωραν</span> <span class='ocrx_word' id='word_1_14' title='bbox 1299 583 1360 624; x_wconf 83' lang='lat' dir='ltr'><em>arro</em></span> 
     </span>
     <span class='ocr_line' id='line_1_3' title="bbox 180 677 1363 773; baseline 0.003 -29"><span class='ocrx_word' id='word_1_15' title='bbox 180 704 232 744; x_wconf 80' lang='lat' dir='ltr'><em>rou</em></span> <span class='ocrx_word' id='word_1_16' title='bbox 248 702 320 770; x_wconf 84' lang='grc' dir='ltr'><strong>προς</strong></span> <span class='ocrx_word' id='word_1_17' title='bbox 336 677 455 766; x_wconf 64' lang='lat' dir='ltr'><em>Aspona</em></span> <span class='ocrx_word' id='word_1_18' title='bbox 472 677 674 768; x_wconf 76' lang='grc' dir='ltr'>καταβαθμου</span> <span class='ocrx_word' id='word_1_19' title='bbox 698 705 789 773; x_wconf 72' lang='grc' dir='ltr'>μεχρι</span> <span class='ocrx_word' id='word_1_20' title='bbox 812 706 872 746; x_wconf 80' lang='grc' dir='ltr'><em>των</em></span> <span class='ocrx_word' id='word_1_21' title='bbox 894 687 982 772; x_wconf 77' lang='lat' dir='ltr'><em>ipsun</em></span> <span class='ocrx_word' id='word_1_22' title='bbox 996 681 1181 759; x_wconf 78' lang='grc' dir='ltr'><strong>Αιθιωπιας,</strong></span> <span class='ocrx_word' id='word_1_23' title='bbox 1198 680 1231 749; x_wconf 87' lang='lat' dir='ltr'><em>h.</em></span> <span class='ocrx_word' id='word_1_24' title='bbox 1251 703 1279 748; x_wconf 90' lang='lat' dir='ltr'><em>e.</em></span> <span class='ocrx_word' id='word_1_25' title='bbox 1298 704 1363 748; x_wconf 91' lang='lat' dir='ltr'><em>non</em></span> 
     </span>
     <span class='ocr_line' id='line_1_4' title="bbox 181 807 1362 890; baseline 0.004 -23"><span class='ocrx_word' id='word_1_26' title='bbox 181 807 285 876; x_wconf 88' lang='lat' dir='ltr'><em>minus</em></span> <span class='ocrx_word' id='word_1_27' title='bbox 307 826 404 890; x_wconf 89' lang='lat' dir='ltr'><em>quom</em></span> <span class='ocrx_word' id='word_1_28' title='bbox 431 808 532 871; x_wconf 89' lang='lat' dir='ltr'><em>decies</em></span> <span class='ocrx_word' id='word_1_29' title='bbox 554 817 682 872; x_wconf 91' lang='lat' dir='ltr'><em>centena</em></span> <span class='ocrx_word' id='word_1_30' title='bbox 704 809 811 872; x_wconf 90' lang='lat' dir='ltr'><em>millia</em></span> <span class='ocrx_word' id='word_1_31' title='bbox 832 809 1029 872; x_wconf 89' lang='lat' dir='ltr'><em>Iudaeorum</em></span> <span class='ocrx_word' id='word_1_32' title='bbox 1052 807 1198 873; x_wconf 83' lang='lat' dir='ltr'><em>hubitant</em></span> <span class='ocrx_word' id='word_1_33' title='bbox 1219 807 1362 872; x_wconf 82' lang='lat' dir='ltr'><em>Aleaan-</em></span> 
     </span>
     <span class='ocr_line' id='line_1_5' title="bbox 181 933 1363 1020; baseline 0.001 -22"><span class='ocrx_word' id='word_1_34' title='bbox 181 935 289 998; x_wconf 88' lang='lat' dir='ltr'><em>driam</em></span> <span class='ocrx_word' id='word_1_35' title='bbox 312 943 469 1018; x_wconf 90' lang='lat' dir='ltr'><em>totamque</em></span> <span class='ocrx_word' id='word_1_36' title='bbox 493 935 672 1016; x_wconf 79' lang='lat' dir='ltr'><em>reqionem,</em></span> <span class='ocrx_word' id='word_1_37' title='bbox 690 945 810 1020; x_wconf 89' lang='lat' dir='ltr'><em>quanta</em></span> <span class='ocrx_word' id='word_1_38' title='bbox 824 944 912 1018; x_wconf 91' lang='lat' dir='ltr'><em>patet</em></span> <span class='ocrx_word' id='word_1_39' title='bbox 928 956 948 998; x_wconf 90' lang='lat' dir='ltr'><em>a</em></span> <span class='ocrx_word' id='word_1_40' title='bbox 963 937 1114 999; x_wconf 79' lang='lat' dir='ltr'><strong><em>descensu</em></strong></span> <span class='ocrx_word' id='word_1_41' title='bbox 1136 933 1252 1018; x_wconf 73' lang='lat' dir='ltr'><em>Libyae</em></span> <span class='ocrx_word' id='word_1_42' title='bbox 1267 956 1363 1020; x_wconf 88' lang='lat' dir='ltr'><em>usque</em></span> 
     </span>
     <span class='ocr_line' id='line_1_6' title="bbox 181 1053 1361 1140; baseline -0.001 -18"><span class='ocrx_word' id='word_1_43' title='bbox 181 1059 223 1122; x_wconf 87' lang='lat' dir='ltr'><em>ad</em></span> <span class='ocrx_word' id='word_1_44' title='bbox 238 1055 428 1140; x_wconf 76' lang='lat' dir='ltr'><em>Aethiopiae</em></span> <span class='ocrx_word' id='word_1_45' title='bbox 443 1057 533 1138; x_wconf 73' lang='lat' dir='ltr'><em>sines.</em></span> <span class='ocrx_word' id='word_1_46' title='bbox 552 1056 651 1122; x_wconf 90' lang='lat' dir='ltr'><em>Porro</em></span> <span class='ocrx_word' id='word_1_47' title='bbox 673 1059 700 1119; x_wconf 84' lang='lat' dir='ltr'><em>oi</em></span> <span class='ocrx_word' id='word_1_48' title='bbox 723 1078 783 1119; x_wconf 79' lang='lat' dir='ltr'><em>ano</em></span> <span class='ocrx_word' id='word_1_49' title='bbox 804 1053 947 1130; x_wconf 78' lang='grc' dir='ltr'>Κιλικιας</span> <span class='ocrx_word' id='word_1_50' title='bbox 967 1080 1019 1118; x_wconf 83' lang='grc' dir='ltr'><em>και</em></span> <span class='ocrx_word' id='word_1_51' title='bbox 1042 1053 1142 1129; x_wconf 84' lang='grc' dir='ltr'><strong>Ασιας</strong></span> <span class='ocrx_word' id='word_1_52' title='bbox 1162 1066 1234 1122; x_wconf 90' lang='lat' dir='ltr'><em>sunt</em></span> <span class='ocrx_word' id='word_1_53' title='bbox 1257 1056 1361 1123; x_wconf 88' lang='lat' dir='ltr'><em>ludaei</em></span> 
     </span>
     <span class='ocr_line' id='line_1_7' title="bbox 180 1178 1363 1266; baseline 0.001 -22"><span class='ocrx_word' id='word_1_54' title='bbox 180 1182 315 1245; x_wconf 86' lang='lat' dir='ltr'><em>oriundi</em></span> <span class='ocrx_word' id='word_1_55' title='bbox 336 1202 375 1244; x_wconf 84' lang='lat' dir='ltr'><em>ea</em></span> <span class='ocrx_word' id='word_1_56' title='bbox 399 1178 531 1262; x_wconf 81' lang='lat' dir='ltr'><em>Ctttcta,</em></span> <span class='ocrx_word' id='word_1_57' title='bbox 551 1190 581 1244; x_wconf 92' lang='lat' dir='ltr'><em>et</em></span> <span class='ocrx_word' id='word_1_58' title='bbox 596 1201 635 1245; x_wconf 86' lang='lat' dir='ltr'><em>ea</em></span> <span class='ocrx_word' id='word_1_59' title='bbox 657 1181 759 1256; x_wconf 83' lang='lat' dir='ltr'><em>Asia,</em></span> <span class='ocrx_word' id='word_1_60' title='bbox 779 1180 898 1246; x_wconf 88' lang='lat' dir='ltr'><em>scilicet</em></span> <span class='ocrx_word' id='word_1_61' title='bbox 913 1180 1159 1263; x_wconf 88' lang='lat' dir='ltr'><em>proconsulari,</em></span> <span class='ocrx_word' id='word_1_62' title='bbox 1179 1198 1257 1266; x_wconf 88' lang='lat' dir='ltr'><em>quae</em></span> <span class='ocrx_word' id='word_1_63' title='bbox 1277 1198 1363 1245; x_wconf 91' lang='lat' dir='ltr'><em>com·</em></span> 
     </span>
     <span class='ocr_line' id='line_1_8' title="bbox 182 1305 1363 1394; baseline -0.002 -22"><span class='ocrx_word' id='word_1_64' title='bbox 182 1305 372 1394; x_wconf 87' lang='lat' dir='ltr'><em>plectebatur</em></span> <span class='ocrx_word' id='word_1_65' title='bbox 387 1306 534 1392; x_wconf 81' lang='lat' dir='ltr'>Mysiam,</span> <span class='ocrx_word' id='word_1_66' title='bbox 551 1305 696 1392; x_wconf 83' lang='lat' dir='ltr'><strong>Lydiam,</strong></span> <span class='ocrx_word' id='word_1_67' title='bbox 711 1305 834 1373; x_wconf 81' lang='lat' dir='ltr'><em>Cariam</em></span> <span class='ocrx_word' id='word_1_68' title='bbox 850 1316 880 1372; x_wconf 91' lang='lat' dir='ltr'><em>et</em></span> <span class='ocrx_word' id='word_1_69' title='bbox 895 1305 1077 1392; x_wconf 83' lang='lat' dir='ltr'><em>Phrygiam.</em></span> <span class='ocrx_word' id='word_1_70' title='bbox 1097 1305 1162 1371; x_wconf 88' lang='lat' dir='ltr'><em>lam</em></span> <span class='ocrx_word' id='word_1_71' title='bbox 1176 1324 1263 1384; x_wconf 85' lang='lat' dir='ltr'><em>vero,</em></span> <span class='ocrx_word' id='word_1_72' title='bbox 1282 1305 1363 1371; x_wconf 90' lang='lat' dir='ltr'><em>sicut</em></span> 
     </span>
     <span class='ocr_line' id='line_1_9' title="bbox 181 1425 1359 1520; baseline 0 -26"><span class='ocrx_word' id='word_1_73' title='bbox 181 1428 308 1510; x_wconf 90' lang='lat' dir='ltr'><em>illorum</em></span> <span class='ocrx_word' id='word_1_74' title='bbox 321 1425 506 1520; x_wconf 80' lang='grc' dir='ltr'>Λιβερτινων</span> <span class='ocrx_word' id='word_1_75' title='bbox 531 1430 659 1519; x_wconf 88' lang='lat' dir='ltr'><em>propria</em></span> <span class='ocrx_word' id='word_1_76' title='bbox 683 1429 835 1517; x_wconf 82' lang='lat' dir='ltr'><em>quaedam</em></span> <span class='ocrx_word' id='word_1_77' title='bbox 854 1438 920 1495; x_wconf 88' lang='lat' dir='ltr'><em>erat</em></span> <span class='ocrx_word' id='word_1_78' title='bbox 944 1447 1115 1515; x_wconf 88' lang='lat' dir='ltr'><em>synagoga,</em></span> <span class='ocrx_word' id='word_1_79' title='bbox 1134 1427 1176 1494; x_wconf 91' lang='lat' dir='ltr'><em>ita</em></span> <span class='ocrx_word' id='word_1_80' title='bbox 1191 1428 1284 1494; x_wconf 90' lang='lat' dir='ltr'><em>etiam</em></span> <span class='ocrx_word' id='word_1_81' title='bbox 1301 1428 1359 1509; x_wconf 92' lang='lat' dir='ltr'><em>iis,</em></span> 
     </span>
     <span class='ocr_line' id='line_1_10' title="bbox 181 1550 1363 1641; baseline 0.003 -25"><span class='ocrx_word' id='word_1_82' title='bbox 181 1551 234 1639; x_wconf 92' lang='lat' dir='ltr'><em>qui</em></span> <span class='ocrx_word' id='word_1_83' title='bbox 263 1571 357 1641; x_wconf 90' lang='lat' dir='ltr'><em>porro</em></span> <span class='ocrx_word' id='word_1_84' title='bbox 390 1563 624 1633; x_wconf 87' lang='lat' dir='ltr'><em>memorantur,</em></span> <span class='ocrx_word' id='word_1_85' title='bbox 655 1572 807 1640; x_wconf 90' lang='lat' dir='ltr'><em>synagoga</em></span> <span class='ocrx_word' id='word_1_86' title='bbox 841 1551 1079 1639; x_wconf 77' lang='lat' dir='ltr'><em>Hiirosolymae</em></span> <span class='ocrx_word' id='word_1_87' title='bbox 1112 1550 1205 1618; x_wconf 88' lang='lat' dir='ltr'><em>luerit</em></span> <span class='ocrx_word' id='word_1_88' title='bbox 1232 1552 1363 1639; x_wconf 86' lang='lat' dir='ltr'><em>singulis</em></span> 
     </span>
     <span class='ocr_line' id='line_1_11' title="bbox 181 1649 1361 1766; baseline 0.004 -27"><span class='ocrx_word' id='word_1_89' title='bbox 181 1675 319 1762; x_wconf 87' lang='lat' dir='ltr'><em>propria,</em></span> <span class='ocrx_word' id='word_1_90' title='bbox 334 1649 432 1763; x_wconf 84' lang='lat' dir='ltr'><em>eaque</em></span> <span class='ocrx_word' id='word_1_91' title='bbox 443 1676 620 1743; x_wconf 91' lang='lat' dir='ltr'><em>inservierit</em></span> <span class='ocrx_word' id='word_1_92' title='bbox 632 1678 805 1765; x_wconf 80' lang='lat' dir='ltr'><em>peregrinis</em></span> <span class='ocrx_word' id='word_1_93' title='bbox 817 1678 879 1744; x_wconf 92' lang='lat' dir='ltr'><em>illis</em></span> <span class='ocrx_word' id='word_1_94' title='bbox 893 1677 1029 1757; x_wconf 91' lang='lat' dir='ltr'><em>ludaeis,</em></span> <span class='ocrx_word' id='word_1_95' title='bbox 1042 1677 1096 1766; x_wconf 91' lang='lat' dir='ltr'><em>qui</em></span> <span class='ocrx_word' id='word_1_96' title='bbox 1110 1676 1245 1764; x_wconf 78' lang='lat' dir='ltr'><em>religiosi</em></span> <span class='ocrx_word' id='word_1_97' title='bbox 1260 1676 1361 1744; x_wconf 87' lang='lat' dir='ltr'><em>cultus</em></span> 
     </span>
     <span class='ocr_line' id='line_1_12' title="bbox 180 1798 1361 1888; baseline 0.003 -24"><span class='ocrx_word' id='word_1_98' title='bbox 180 1817 273 1865; x_wconf 90' lang='lat' dir='ltr'><em>causa</em></span> <span class='ocrx_word' id='word_1_99' title='bbox 296 1798 490 1866; x_wconf 80' lang='lat' dir='ltr'><em>domicilium</em></span> <span class='ocrx_word' id='word_1_100' title='bbox 514 1820 606 1866; x_wconf 93' lang='lat' dir='ltr'><em>suum</em></span> <span class='ocrx_word' id='word_1_101' title='bbox 631 1801 865 1888; x_wconf 71' lang='lat' dir='ltr'><em>hierosolymas</em></span> <span class='ocrx_word' id='word_1_102' title='bbox 889 1800 1138 1880; x_wconf 76' lang='lat' dir='ltr'><em>transtulissem,</em></span> <span class='ocrx_word' id='word_1_103' title='bbox 1156 1811 1208 1867; x_wconf 88' lang='lat' dir='ltr'><em>aut</em></span> <span class='ocrx_word' id='word_1_104' title='bbox 1230 1799 1361 1867; x_wconf 79' lang='lat' dir='ltr'><em>ad&#39;lesta</em></span> 
     </span>
     <span class='ocr_line' id='line_1_13' title="bbox 182 1925 1359 2015; baseline 0.002 -23"><span class='ocrx_word' id='word_1_105' title='bbox 182 1927 299 1994; x_wconf 89' lang='lat' dir='ltr'><em>maiora</em></span> <span class='ocrx_word' id='word_1_106' title='bbox 324 1926 526 2007; x_wconf 90' lang='lat' dir='ltr'><em>celebranda,</em></span> <span class='ocrx_word' id='word_1_107' title='bbox 556 1937 609 1994; x_wconf 91' lang='lat' dir='ltr'><em>aut</em></span> <span class='ocrx_word' id='word_1_108' title='bbox 636 1925 770 2015; x_wconf 90' lang='lat' dir='ltr'><em>denique</em></span> <span class='ocrx_word' id='word_1_109' title='bbox 797 1926 835 1993; x_wconf 90' lang='lat' dir='ltr'><em>ad</em></span> <span class='ocrx_word' id='word_1_110' title='bbox 869 1947 958 1995; x_wconf 90' lang='lat' dir='ltr'><em>sacra</em></span> <span class='ocrx_word' id='word_1_111' title='bbox 990 1926 1091 1995; x_wconf 86' lang='lat' dir='ltr'><em>studia</em></span> <span class='ocrx_word' id='word_1_112' title='bbox 1119 1927 1292 2015; x_wconf 88' lang='lat' dir='ltr'><em>peragenda</em></span> <span class='ocrx_word' id='word_1_113' title='bbox 1316 1927 1359 1995; x_wconf 91' lang='lat' dir='ltr'><em>ibi</em></span> 
     </span>
     <span class='ocr_line' id='line_1_14' title="bbox 180 2049 1360 2138; baseline 0.001 -22"><span class='ocrx_word' id='word_1_114' title='bbox 180 2049 221 2116; x_wconf 90' lang='lat' dir='ltr'><em>ad</em></span> <span class='ocrx_word' id='word_1_115' title='bbox 236 2061 359 2138; x_wconf 91' lang='lat' dir='ltr'><em>tempus</em></span> <span class='ocrx_word' id='word_1_116' title='bbox 377 2060 657 2116; x_wconf 87' lang='lat' dir='ltr'><em>commorarentur.</em></span> <span class='ocrx_word' id='word_1_117' title='bbox 677 2050 855 2117; x_wconf 85' lang='lat' dir='ltr'><em>Istiusmodi</em></span> <span class='ocrx_word' id='word_1_118' title='bbox 880 2049 1040 2118; x_wconf 84' lang='lat' dir='ltr'><em>scholares</em></span> <span class='ocrx_word' id='word_1_119' title='bbox 1064 2050 1143 2119; x_wconf 88' lang='lat' dir='ltr'><em>lorte</em></span> <span class='ocrx_word' id='word_1_120' title='bbox 1159 2062 1246 2117; x_wconf 89' lang='lat' dir='ltr'><em>erant</em></span> <span class='ocrx_word' id='word_1_121' title='bbox 1264 2052 1360 2119; x_wconf 83' lang='lat' dir='ltr'><em>maxi-</em></span> 
     </span>
     <span class='ocr_line' id='line_1_15' title="bbox 180 2170 1360 2262; baseline 0.002 -24"><span class='ocrx_word' id='word_1_122' title='bbox 180 2192 262 2239; x_wconf 92' lang='lat' dir='ltr'><em>mam</em></span> <span class='ocrx_word' id='word_1_123' title='bbox 275 2183 394 2262; x_wconf 88' lang='lat' dir='ltr'><em>partem</em></span> <span class='ocrx_word' id='word_1_124' title='bbox 407 2170 452 2252; x_wconf 90' lang='lat' dir='ltr'><em>hi,</em></span> <span class='ocrx_word' id='word_1_125' title='bbox 463 2172 515 2258; x_wconf 90' lang='lat' dir='ltr'><em>qui</em></span> <span class='ocrx_word' id='word_1_126' title='bbox 529 2172 581 2239; x_wconf 91' lang='lat' dir='ltr'><em>hic</em></span> <span class='ocrx_word' id='word_1_127' title='bbox 594 2173 739 2240; x_wconf 91' lang='lat' dir='ltr'><em>dicuntur</em></span> <span class='ocrx_word' id='word_1_128' title='bbox 751 2177 948 2257; x_wconf 89' lang='lat' dir='ltr'><em>disputantes</em></span> <span class='ocrx_word' id='word_1_129' title='bbox 960 2174 1118 2258; x_wconf 87' lang='lat' dir='ltr'><em>Stephano</em></span> <span class='ocrx_word' id='word_1_130' title='bbox 1130 2177 1341 2242; x_wconf 77' lang='lat' dir='ltr'><em>insurrexisse</em></span> <span class='ocrx_word' id='word_1_131' title='bbox 1348 2203 1360 2255; x_wconf 92' lang='lat'><em>,·</em></span> 
     </span>
     <span class='ocr_line' id='line_1_16' title="bbox 179 2295 1359 2385; baseline 0.004 -23"><span class='ocrx_word' id='word_1_132' title='bbox 179 2296 265 2385; x_wconf 92' lang='lat' dir='ltr'><em>quod</em></span> <span class='ocrx_word' id='word_1_133' title='bbox 280 2297 398 2363; x_wconf 86' lang='lat' dir='ltr'><em>iteratis</em></span> <span class='ocrx_word' id='word_1_134' title='bbox 424 2295 562 2378; x_wconf 84' lang='lat' dir='ltr'><em>vicibus,</em></span> <span class='ocrx_word' id='word_1_135' title='bbox 592 2318 676 2364; x_wconf 93' lang='lat' dir='ltr'><em>nunc</em></span> <span class='ocrx_word' id='word_1_136' title='bbox 702 2297 741 2364; x_wconf 93' lang='lat' dir='ltr'><em>ab</em></span> <span class='ocrx_word' id='word_1_137' title='bbox 767 2296 1218 2377; x_wconf 76' lang='lat' dir='ltr'><em>bie,n11noabillislactum</em></span> <span class='ocrx_word' id='word_1_138' title='bbox 1245 2298 1359 2379; x_wconf 87' lang='lat' dir='ltr'><em>luisse,</em></span> 
     </span>
     <span class='ocr_line' id='line_1_17' title="bbox 181 2420 408 2490; baseline -0.013 -1"><span class='ocrx_word' id='word_1_139' title='bbox 181 2420 332 2489; x_wconf 90' lang='lat' dir='ltr'><em>credibile</em></span> <span class='ocrx_word' id='word_1_140' title='bbox 350 2434 408 2490; x_wconf 92' lang='lat' dir='ltr'><em>est.</em></span> 
     </span>
    </p>
   </div>
   <div class='ocr_carea' id='block_1_3' title="bbox 176 2676 1366 4505">
    <p class='ocr_par' dir='ltr' id='par_1_3' title="bbox 176 2676 1366 4505">
     <span class='ocr_line' id='line_1_18' title="bbox 228 2676 1361 2762; baseline 0.002 -22"><span class='ocrx_word' id='word_1_141' title='bbox 228 2676 281 2742; x_wconf 87' lang='lat' dir='ltr'><em>lo.</em></span> <span class='ocrx_word' id='word_1_142' title='bbox 308 2685 339 2740; x_wconf 93' lang='lat' dir='ltr'><em>et</em></span> <span class='ocrx_word' id='word_1_143' title='bbox 359 2695 424 2740; x_wconf 94' lang='lat' dir='ltr'><em>non</em></span> <span class='ocrx_word' id='word_1_144' title='bbox 443 2686 592 2759; x_wconf 88' lang='lat' dir='ltr'><em>poterant</em></span> <span class='ocrx_word' id='word_1_145' title='bbox 615 2678 766 2741; x_wconf 90' lang='lat' dir='ltr'><em>resistere</em></span> <span class='ocrx_word' id='word_1_146' title='bbox 786 2678 985 2759; x_wconf 79' lang='lat' dir='ltr'><em>sapientiae,</em></span> <span class='ocrx_word' id='word_1_147' title='bbox 1011 2687 1040 2740; x_wconf 91' lang='lat' dir='ltr'><em>et</em></span> <span class='ocrx_word' id='word_1_148' title='bbox 1060 2676 1218 2760; x_wconf 78' lang='lat' dir='ltr'><em>Spiritui,</em></span> <span class='ocrx_word' id='word_1_149' title='bbox 1238 2680 1295 2762; x_wconf 93' lang='lat' dir='ltr'><em>qui</em></span> <span class='ocrx_word' id='word_1_150' title='bbox 1317 2679 1361 2742; x_wconf 87' lang='lat' dir='ltr'><em>lo·</em></span> 
     </span>
     <span class='ocr_line' id='line_1_19' title="bbox 178 2796 1359 2894; baseline 0.003 -30"><span class='ocrx_word' id='word_1_151' title='bbox 178 2800 356 2886; x_wconf 74' lang='lat' dir='ltr'><em>quatiatur).</em></span> <span class='ocrx_word' id='word_1_152' title='bbox 376 2800 498 2868; x_wconf 87' lang='lat' dir='ltr'><em>Graece</em></span> <span class='ocrx_word' id='word_1_153' title='bbox 511 2811 557 2866; x_wconf 89' lang='lat' dir='ltr'><em>est</em></span> <span class='ocrx_word' id='word_1_154' title='bbox 574 2804 597 2887; x_wconf 85' lang='grc' dir='ltr'>ῲ</span> <span class='ocrx_word' id='word_1_155' title='bbox 615 2796 736 2878; x_wconf 73' lang='lat' dir='ltr'><em>alala,</em></span> <span class='ocrx_word' id='word_1_156' title='bbox 751 2821 811 2884; x_wconf 93' lang='lat' dir='ltr'><em>quo</em></span> <span class='ocrx_word' id='word_1_157' title='bbox 828 2802 1033 2894; x_wconf 79' lang='lat' dir='ltr'><em>loquebatur5</em></span> <span class='ocrx_word' id='word_1_158' title='bbox 1050 2802 1142 2889; x_wconf 90' lang='lat' dir='ltr'><em>atque</em></span> <span class='ocrx_word' id='word_1_159' title='bbox 1155 2801 1196 2868; x_wconf 90' lang='lat' dir='ltr'><em>ita</em></span> <span class='ocrx_word' id='word_1_160' title='bbox 1212 2801 1243 2867; x_wconf 91' lang='lat' dir='ltr'><em>in</em></span> <span class='ocrx_word' id='word_1_161' title='bbox 1261 2801 1359 2869; x_wconf 82' lang='lat' dir='ltr'><em>Codd.</em></span> 
     </span>
     <span class='ocr_line' id='line_1_20' title="bbox 177 2922 1361 3013; baseline 0.003 -25"><span class='ocrx_word' id='word_1_162' title='bbox 177 2922 269 2990; x_wconf 88' lang='lat' dir='ltr'><strong>MSS.</strong></span> <span class='ocrx_word' id='word_1_163' title='bbox 289 2935 465 2992; x_wconf 88' lang='lat' dir='ltr'><em>constanter</em></span> <span class='ocrx_word' id='word_1_164' title='bbox 489 2924 612 3011; x_wconf 88' lang='lat' dir='ltr'><em>legitur.</em></span> <span class='ocrx_word' id='word_1_165' title='bbox 631 2926 790 3013; x_wconf 90' lang='lat' dir='ltr'><em>Interpres</em></span> <span class='ocrx_word' id='word_1_166' title='bbox 815 2935 919 2992; x_wconf 90' lang='lat' dir='ltr'><em>noster</em></span> <span class='ocrx_word' id='word_1_167' title='bbox 940 2933 1042 2991; x_wconf 90' lang='lat' dir='ltr'><em>tamen</em></span> <span class='ocrx_word' id='word_1_168' title='bbox 1064 2945 1121 3013; x_wconf 91' lang='lat' dir='ltr'><em>pro</em></span> <span class='ocrx_word' id='word_1_169' title='bbox 1139 2929 1162 3010; x_wconf 85' lang='grc' dir='ltr'>ᾡ</span> <span class='ocrx_word' id='word_1_170' title='bbox 1180 2924 1301 2992; x_wconf 87' lang='lat' dir='ltr'><em>videtur</em></span> <span class='ocrx_word' id='word_1_171' title='bbox 1318 2926 1361 2992; x_wconf 88' lang='lat' dir='ltr'><em>la-</em></span> 
     </span>
     <span class='ocr_line' id='line_1_21' title="bbox 176 3046 1359 3138; baseline 0.004 -28"><span class='ocrx_word' id='word_1_172' title='bbox 176 3046 260 3134; x_wconf 83' lang='lat' dir='ltr'><em>gisse</em></span> <span class='ocrx_word' id='word_1_173' title='bbox 270 3053 298 3113; x_wconf 86' lang='lat' dir='ltr'><em>o‘.</em></span> <span class='ocrx_word' id='word_1_174' title='bbox 314 3048 431 3116; x_wconf 86' lang='lat' dir='ltr'><em>Sensus</em></span> <span class='ocrx_word' id='word_1_175' title='bbox 444 3047 593 3136; x_wconf 90' lang='lat' dir='ltr'><em>Vulgatae</em></span> <span class='ocrx_word' id='word_1_176' title='bbox 606 3058 653 3114; x_wconf 90' lang='lat' dir='ltr'><em>est</em></span> <span class='ocrx_word' id='word_1_177' title='bbox 669 3074 676 3114; x_wconf 93' lang='lat'><strong>:</strong></span> <span class='ocrx_word' id='word_1_178' title='bbox 692 3049 760 3114; x_wconf 86' lang='lat' dir='ltr'><em>Non</em></span> <span class='ocrx_word' id='word_1_179' title='bbox 774 3059 916 3138; x_wconf 87' lang='lat' dir='ltr'><em>poterant</em></span> <span class='ocrx_word' id='word_1_180' title='bbox 928 3049 1072 3116; x_wconf 89' lang='lat' dir='ltr'><em>resistere</em></span> <span class='ocrx_word' id='word_1_181' title='bbox 1085 3048 1214 3137; x_wconf 89' lang='lat' dir='ltr'><em>Spiritui</em></span> <span class='ocrx_word' id='word_1_182' title='bbox 1232 3048 1359 3129; x_wconf 76' lang='lat' dir='ltr'><em>Secreto,</em></span> 
     </span>
     <span class='ocr_line' id='line_1_22' title="bbox 178 3172 1362 3262; baseline 0.003 -25"><span class='ocrx_word' id='word_1_183' title='bbox 178 3172 232 3259; x_wconf 91' lang='lat' dir='ltr'><em>qui</em></span> <span class='ocrx_word' id='word_1_184' title='bbox 249 3174 280 3240; x_wconf 92' lang='lat' dir='ltr'><em>in</em></span> <span class='ocrx_word' id='word_1_185' title='bbox 297 3172 473 3262; x_wconf 88' lang='lat' dir='ltr'><em>Stephano,</em></span> <span class='ocrx_word' id='word_1_186' title='bbox 491 3183 647 3261; x_wconf 91' lang='lat' dir='ltr'><em>tamquam</em></span> <span class='ocrx_word' id='word_1_187' title='bbox 673 3173 705 3239; x_wconf 95' lang='lat' dir='ltr'><em>in</em></span> <span class='ocrx_word' id='word_1_188' title='bbox 722 3193 837 3261; x_wconf 90' lang='lat' dir='ltr'><em>organo</em></span> <span class='ocrx_word' id='word_1_189' title='bbox 856 3174 1010 3262; x_wconf 92' lang='lat' dir='ltr'><em>quodam,</em></span> <span class='ocrx_word' id='word_1_190' title='bbox 1036 3173 1232 3261; x_wconf 82' lang='lat' dir='ltr'><em>loquebatur,</em></span> <span class='ocrx_word' id='word_1_191' title='bbox 1251 3193 1362 3240; x_wconf 91' lang='lat' dir='ltr'><em>secun-</em></span> 
     </span>
     <span class='ocr_line' id='line_1_23' title="bbox 177 3293 1366 3385; baseline 0.002 -25"><span class='ocrx_word' id='word_1_192' title='bbox 177 3293 253 3361; x_wconf 92' lang='lat' dir='ltr'><em>dum</em></span> <span class='ocrx_word' id='word_1_193' title='bbox 277 3295 355 3363; x_wconf 92' lang='lat' dir='ltr'><em>illud</em></span> <span class='ocrx_word' id='word_1_194' title='bbox 379 3296 546 3363; x_wconf 88' lang='lat' dir='ltr'><em>Salvatoris</em></span> <span class='ocrx_word' id='word_1_195' title='bbox 573 3295 700 3385; x_wconf 86' lang='lat' dir='ltr'><em>(Matth.</em></span> <span class='ocrx_word' id='word_1_196' title='bbox 731 3298 787 3364; x_wconf 89' lang='lat' dir='ltr'><em>X:</em></span> <span class='ocrx_word' id='word_1_197' title='bbox 803 3298 858 3380; x_wconf 71' lang='grc'><strong>10)</strong></span> <span class='ocrx_word' id='word_1_198' title='bbox 879 3323 886 3363; x_wconf 90' lang='lat'>:</span> <span class='ocrx_word' id='word_1_199' title='bbox 910 3299 984 3364; x_wconf 91' lang='lat' dir='ltr'><em>Nan</em></span> <span class='ocrx_word' id='word_1_200' title='bbox 1012 3299 1099 3362; x_wconf 87' lang='lat' dir='ltr'><em>enim</em></span> <span class='ocrx_word' id='word_1_201' title='bbox 1125 3318 1178 3361; x_wconf 89' lang='lat' dir='ltr'><em>oos</em></span> <span class='ocrx_word' id='word_1_202' title='bbox 1207 3299 1281 3363; x_wconf 84' lang='lat' dir='ltr'><em>estis</em></span> <span class='ocrx_word' id='word_1_203' title='bbox 1309 3300 1366 3382; x_wconf 90' lang='lat' dir='ltr'><em>qui</em></span> 
     </span>
     <span class='ocr_line' id='line_1_24' title="bbox 179 3419 1362 3506; baseline 0.004 -24"><span class='ocrx_word' id='word_1_204' title='bbox 179 3420 368 3503; x_wconf 83' lang='lat' dir='ltr'><em>loquimini,</em></span> <span class='ocrx_word' id='word_1_205' title='bbox 386 3424 442 3484; x_wconf 91' lang='lat' dir='ltr'><em>sed</em></span> <span class='ocrx_word' id='word_1_206' title='bbox 457 3419 604 3503; x_wconf 88' lang='lat' dir='ltr'><em>Spiritus</em></span> <span class='ocrx_word' id='word_1_207' title='bbox 630 3422 740 3485; x_wconf 88' lang='lat' dir='ltr'><em>Patris</em></span> <span class='ocrx_word' id='word_1_208' title='bbox 756 3422 874 3502; x_wconf 80' lang='lat' dir='ltr'><em>uestri,</em></span> <span class='ocrx_word' id='word_1_209' title='bbox 890 3423 946 3506; x_wconf 87' lang='lat' dir='ltr'><em>qui</em></span> <span class='ocrx_word' id='word_1_210' title='bbox 964 3421 1105 3506; x_wconf 88' lang='lat' dir='ltr'><em>loquitur</em></span> <span class='ocrx_word' id='word_1_211' title='bbox 1131 3422 1166 3484; x_wconf 89' lang='lat' dir='ltr'><em>iu</em></span> <span class='ocrx_word' id='word_1_212' title='bbox 1189 3420 1282 3484; x_wconf 87' lang='lat' dir='ltr'><em>cobis.</em></span> <span class='ocrx_word' id='word_1_213' title='bbox 1301 3420 1362 3487; x_wconf 89' lang='lat' dir='ltr'><em>Sed</em></span> 
     </span>
     <span class='ocr_line' id='line_1_25' title="bbox 178 3540 1360 3633; baseline -0.001 -25"><span class='ocrx_word' id='word_1_214' title='bbox 178 3543 205 3608; x_wconf 90' lang='lat' dir='ltr'><em>si</em></span> <span class='ocrx_word' id='word_1_215' title='bbox 230 3542 290 3610; x_wconf 92' lang='lat' dir='ltr'><em>hoc</em></span> <span class='ocrx_word' id='word_1_216' title='bbox 314 3542 373 3610; x_wconf 92' lang='lat' dir='ltr'><em>sibi</em></span> <span class='ocrx_word' id='word_1_217' title='bbox 397 3542 548 3609; x_wconf 87' lang='lat' dir='ltr'><em>voluisset</em></span> <span class='ocrx_word' id='word_1_218' title='bbox 570 3545 688 3623; x_wconf 81' lang='lat' dir='ltr'><em>Lucae,</em></span> <span class='ocrx_word' id='word_1_219' title='bbox 707 3543 905 3633; x_wconf 84' lang='lat' dir='ltr'><em>scripsisset,</em></span> <span class='ocrx_word' id='word_1_220' title='bbox 924 3544 1049 3632; x_wconf 90' lang='lat' dir='ltr'><em>opinor,</em></span> <span class='ocrx_word' id='word_1_221' title='bbox 1067 3548 1081 3607; x_wconf 80' lang='grc' dir='ltr'>ὁ</span> <span class='ocrx_word' id='word_1_222' title='bbox 1102 3540 1201 3605; x_wconf 78' lang='lat' dir='ltr'><em>eloha</em></span> <span class='ocrx_word' id='word_1_223' title='bbox 1218 3565 1246 3604; x_wconf 81' lang='grc' dir='ltr'><em>εν</em></span> <span class='ocrx_word' id='word_1_224' title='bbox 1264 3566 1360 3628; x_wconf 67' lang='lat' dir='ltr'><em>aava.</em></span> 
     </span>
     <span class='ocr_line' id='line_1_26' title="bbox 179 3639 1360 3756; baseline 0.002 -24"><span class='ocrx_word' id='word_1_225' title='bbox 179 3706 223 3716; x_wconf 90' lang='grc'><strong>-</strong></span> <span class='ocrx_word' id='word_1_226' title='bbox 243 3666 447 3744; x_wconf 55' lang='lat' dir='ltr'><em>statatum,</em></span> <span class='ocrx_word' id='word_1_227' title='bbox 478 3677 602 3733; x_wconf 74' lang='lat' dir='ltr'><em>nuum</em></span> <span class='ocrx_word' id='word_1_228' title='bbox 625 3639 727 3735; x_wconf 74' lang='lat' dir='ltr'><em>raba</em></span> <span class='ocrx_word' id='word_1_229' title='bbox 755 3666 803 3756; x_wconf 79' lang='lat' dir='ltr'><em>(m</em></span> <span class='ocrx_word' id='word_1_230' title='bbox 831 3668 973 3755; x_wconf 69' lang='lat' dir='ltr'><em>agones.</em></span> <span class='ocrx_word' id='word_1_231' title='bbox 1001 3668 1071 3735; x_wconf 81' lang='grc'><strong>111.</strong></span> <span class='ocrx_word' id='word_1_232' title='bbox 1103 3669 1136 3747; x_wconf 92' lang='grc'><em>1,</em></span> <span class='ocrx_word' id='word_1_233' title='bbox 1162 3667 1240 3756; x_wconf 77' lang='lat' dir='ltr'><em>cap.</em></span> <span class='ocrx_word' id='word_1_234' title='bbox 1270 3666 1360 3748; x_wconf 79' lang='lat' dir='ltr'><em>xri),</em></span> 
     </span>
     <span class='ocr_line' id='line_1_27' title="bbox 177 3793 1360 3878; baseline -0.002 -18"><span class='ocrx_word' id='word_1_235' title='bbox 177 3793 360 3861; x_wconf 84' lang='lat' dir='ltr'><em>dicebantur</em></span> <span class='ocrx_word' id='word_1_236' title='bbox 382 3793 472 3860; x_wconf 90' lang='lat' dir='ltr'><em>etiam</em></span> <span class='ocrx_word' id='word_1_237' title='bbox 491 3796 634 3876; x_wconf 81' lang='lat' dir='ltr'><em>pupiles,</em></span> <span class='ocrx_word' id='word_1_238' title='bbox 660 3796 716 3878; x_wconf 91' lang='lat' dir='ltr'><em>qui</em></span> <span class='ocrx_word' id='word_1_239' title='bbox 738 3805 848 3858; x_wconf 85' lang='lat' dir='ltr'><em>corrtra</em></span> <span class='ocrx_word' id='word_1_240' title='bbox 872 3797 1073 3859; x_wconf 76' lang='lat' dir='ltr'><em>(adoersarios</em></span> <span class='ocrx_word' id='word_1_241' title='bbox 1095 3795 1206 3858; x_wconf 87' lang='lat' dir='ltr'><em>inuicti</em></span> <span class='ocrx_word' id='word_1_242' title='bbox 1224 3794 1360 3858; x_wconf 87' lang='lat' dir='ltr'><em>stabant.</em></span> 
     </span>
     <span class='ocr_line' id='line_1_28' title="bbox 179 3915 1364 4006; baseline 0 -24"><span class='ocrx_word' id='word_1_243' title='bbox 179 3916 279 4006; x_wconf 82' lang='lat' dir='ltr'><em>Atque</em></span> <span class='ocrx_word' id='word_1_244' title='bbox 315 3915 375 3984; x_wconf 90' lang='lat' dir='ltr'><em>hoc</em></span> <span class='ocrx_word' id='word_1_245' title='bbox 398 3937 510 3996; x_wconf 90' lang='lat' dir='ltr'><em>sensu,</em></span> <span class='ocrx_word' id='word_1_246' title='bbox 540 3915 595 3983; x_wconf 92' lang='lat' dir='ltr'><em>sed</em></span> <span class='ocrx_word' id='word_1_247' title='bbox 624 3916 854 4005; x_wconf 89' lang='lat' dir='ltr'><em>metaphorice,</em></span> <span class='ocrx_word' id='word_1_248' title='bbox 885 3936 945 3982; x_wconf 84' lang='lat' dir='ltr'><em>vox</em></span> <span class='ocrx_word' id='word_1_249' title='bbox 973 3938 1149 3989; x_wconf 77' lang='grc' dir='ltr'>αντιστηναι</span> <span class='ocrx_word' id='word_1_250' title='bbox 1175 3915 1245 3995; x_wconf 88' lang='lat' dir='ltr'><em>hic,</em></span> <span class='ocrx_word' id='word_1_251' title='bbox 1272 3926 1306 3981; x_wconf 88' lang='lat' dir='ltr'><em>ut</em></span> <span class='ocrx_word' id='word_1_252' title='bbox 1333 3927 1364 3982; x_wconf 90' lang='lat' dir='ltr'><em>et</em></span> 
     </span>
     <span class='ocr_line' id='line_1_29' title="bbox 180 4039 1360 4129; baseline -0.004 -24"><span class='ocrx_word' id='word_1_253' title='bbox 180 4039 296 4129; x_wconf 85' lang='lat' dir='ltr'><em>Ephes.</em></span> <span class='ocrx_word' id='word_1_254' title='bbox 319 4041 361 4108; x_wconf 90' lang='lat' dir='ltr'><em>Vl</em></span> <span class='ocrx_word' id='word_1_255' title='bbox 378 4061 385 4101; x_wconf 90' lang='lat'>:</span> <span class='ocrx_word' id='word_1_256' title='bbox 404 4042 444 4107; x_wconf 81' lang='lat'><em>15</em></span> <span class='ocrx_word' id='word_1_257' title='bbox 461 4051 491 4106; x_wconf 89' lang='lat' dir='ltr'><em>et</em></span> <span class='ocrx_word' id='word_1_258' title='bbox 508 4039 612 4107; x_wconf 87' lang='lat' dir='ltr'><em>Iacob.</em></span> <span class='ocrx_word' id='word_1_259' title='bbox 633 4041 700 4106; x_wconf 91' lang='lat' dir='ltr'><em>IV:</em></span> <span class='ocrx_word' id='word_1_260' title='bbox 717 4043 757 4120; x_wconf 92' lang='grc'><em>7,</em></span> <span class='ocrx_word' id='word_1_261' title='bbox 782 4039 930 4108; x_wconf 90' lang='lat' dir='ltr'><em>sumenda</em></span> <span class='ocrx_word' id='word_1_262' title='bbox 955 4052 1012 4106; x_wconf 90' lang='lat' dir='ltr'><em>est.</em></span> <span class='ocrx_word' id='word_1_263' title='bbox 1041 4041 1149 4128; x_wconf 90' lang='lat' dir='ltr'><em>ltaque</em></span> <span class='ocrx_word' id='word_1_264' title='bbox 1173 4062 1228 4102; x_wconf 83' lang='grc' dir='ltr'><em>ουκ</em></span> <span class='ocrx_word' id='word_1_265' title='bbox 1253 4061 1360 4125; x_wconf 75' lang='grc' dir='ltr'>ισχυον</span> 
     </span>
     <span class='ocr_line' id='line_1_30' title="bbox 179 4167 1363 4249; baseline 0.003 -22"><span class='ocrx_word' id='word_1_266' title='bbox 179 4188 353 4239; x_wconf 74' lang='lat' dir='ltr'><em>aratorque</em></span> <span class='ocrx_word' id='word_1_267' title='bbox 377 4177 423 4233; x_wconf 90' lang='lat' dir='ltr'><em>est</em></span> <span class='ocrx_word' id='word_1_268' title='bbox 451 4187 515 4230; x_wconf 93' lang='lat' dir='ltr'><em>uon</em></span> <span class='ocrx_word' id='word_1_269' title='bbox 540 4177 690 4249; x_wconf 90' lang='lat' dir='ltr'><em>poterant</em></span> <span class='ocrx_word' id='word_1_270' title='bbox 717 4170 865 4234; x_wconf 88' lang='lat' dir='ltr'><em>resistere</em></span> <span class='ocrx_word' id='word_1_271' title='bbox 890 4171 956 4246; x_wconf 90' lang='lat' dir='ltr'><em>ita,</em></span> <span class='ocrx_word' id='word_1_272' title='bbox 980 4179 1016 4233; x_wconf 92' lang='lat' dir='ltr'><em>ut</em></span> <span class='ocrx_word' id='word_1_273' title='bbox 1037 4189 1100 4233; x_wconf 92' lang='lat' dir='ltr'><em>non</em></span> <span class='ocrx_word' id='word_1_274' title='bbox 1127 4167 1363 4232; x_wconf 84' lang='lat' dir='ltr'><em>succumberent</em></span> 
     </span>
     <span class='ocr_line' id='line_1_31' title="bbox 179 4288 1364 4378; baseline 0.001 -25"><span class='ocrx_word' id='word_1_275' title='bbox 179 4288 346 4376; x_wconf 86' lang='lat' dir='ltr'><em>sapientiae</em></span> <span class='ocrx_word' id='word_1_276' title='bbox 369 4299 399 4355; x_wconf 91' lang='lat' dir='ltr'><em>et</em></span> <span class='ocrx_word' id='word_1_277' title='bbox 420 4288 550 4377; x_wconf 87' lang='lat' dir='ltr'><em>Spiritui</em></span> <span class='ocrx_word' id='word_1_278' title='bbox 571 4288 703 4367; x_wconf 87' lang='lat' dir='ltr'><em>Sancto,</em></span> <span class='ocrx_word' id='word_1_279' title='bbox 723 4311 784 4378; x_wconf 92' lang='lat' dir='ltr'><em>quo</em></span> <span class='ocrx_word' id='word_1_280' title='bbox 798 4293 833 4377; x_wconf 83' lang='grc' dir='ltr'><em>(ᾡ</em></span> <span class='ocrx_word' id='word_1_281' title='bbox 857 4293 992 4358; x_wconf 82' lang='lat' dir='ltr'><em>Dacicus</em></span> <span class='ocrx_word' id='word_1_282' title='bbox 1012 4291 1232 4358; x_wconf 78' lang='lat' dir='ltr'><em>instrumenti</em></span> <span class='ocrx_word' id='word_1_283' title='bbox 1256 4288 1364 4375; x_wconf 91' lang='lat' dir='ltr'><em>loque-</em></span> 
     </span>
     <span class='ocr_line' id='line_1_32' title="bbox 179 4408 1363 4505; baseline 0.003 -29"><span class='ocrx_word' id='word_1_284' title='bbox 179 4408 278 4476; x_wconf 89' lang='lat' dir='ltr'><em>batur.</em></span> <span class='ocrx_word' id='word_1_285' title='bbox 297 4449 341 4458; x_wconf 94' lang='lat'><em>-</em></span> <span class='ocrx_word' id='word_1_286' title='bbox 358 4410 560 4493; x_wconf 81' lang='lat' dir='ltr'><em>Sapientiam</em></span> <span class='ocrx_word' id='word_1_287' title='bbox 577 4409 629 4477; x_wconf 78' lang='lat' dir='ltr'><em>laic</em></span> <span class='ocrx_word' id='word_1_288' title='bbox 653 4412 790 4500; x_wconf 87' lang='lat' dir='ltr'><em>intelligo</em></span> <span class='ocrx_word' id='word_1_289' title='bbox 816 4413 973 4482; x_wconf 88' lang='lat' dir='ltr'><em>charisma</em></span> <span class='ocrx_word' id='word_1_290' title='bbox 997 4414 1093 4493; x_wconf 90' lang='lat' dir='ltr'><em>illud,</em></span> <span class='ocrx_word' id='word_1_291' title='bbox 1112 4413 1151 4480; x_wconf 92' lang='lat' dir='ltr'><em>de</em></span> <span class='ocrx_word' id='word_1_292' title='bbox 1169 4432 1230 4505; x_wconf 91' lang='lat' dir='ltr'><em>quo</em></span> <span class='ocrx_word' id='word_1_293' title='bbox 1248 4412 1363 4480; x_wconf 88' lang='lat' dir='ltr'><em>Paulus</em></span> 
     </span>
    </p>
   </div>
   <div class='ocr_carea' id='block_1_4' title="bbox 0 0 1542 5054">
    <p class='ocr_par' dir='ltr' id='par_1_4' title="bbox 0 0 1542 5054">
     <span class='ocr_line' id='line_1_33' title="bbox 0 0 1542 5054; baseline 0 1"><span class='ocrx_word' id='word_1_294' title='bbox 0 0 1542 5054; x_wconf 95' lang='lat' dir='ltr'><em> </em></span> 
     </span>
    </p>
   </div>
  </div>
 </body>
</html>
