3074 5054
181 356 246 422 552
540 350 673 417 herus
712 349 1045 428 APOSTOLORUM,

182 541 307 609 dianum
323 539 462 606 delendis
479 539 612 627 peccatis
636 539 810 628 piaculum,
830 539 885 606 sed
910 537 1131 604 interveniente
1148 534 1209 602 lide
1232 536 1264 600 in
1282 538 1366 603 Mes*

182 666 259 731 siam
276 675 458 742 uenturum,
478 683 568 749 quam
586 663 648 729 illis
664 661 827 729 sacrificiis
849 661 1110 750 protestabantur,
1130 671 1159 726 et
1176 658 1366 726 exercebant

182 809 242 855 non
268 789 335 854 siue
354 787 538 855 contritione
561 799 591 854 et
612 787 833 856 satisfactione.
852 791 933 856 Dato
955 789 1037 854 enim
1055 787 1093 854 de
1111 787 1277 875 pecoribus
1299 787 1367 853 suis

181 913 338 994 sacrificio
365 932 425 995 pro
452 924 577 994 peccato
606 913 689 979 iuxta
717 913 808 999 Legis
837 913 1083 1001 praescriptum,
1109 923 1173 978 tum
1203 921 1365 1000 peecatum

181 1054 272 1100 suum
289 1034 392 1121 aliquo
409 1033 500 1101 modo
523 1033 760 1114 confitebantur,
779 1046 843 1101 tum
869 1035 908 1103 de
931 1056 967 1101 eo
993 1056 1025 1102 se
1050 1036 1209 1123 poenitere
1225 1035 1277 1100 illa
1295 1034 1366 1101 data

181 1157 334 1258 oblatione
352 1157 587 1246 profitebantur,
605 1158 727 1247 qnando
752 1180 822 1225 cum
847 1161 965 1247 peccati
992 1171 1132 1226 manente
1156 1160 1268 1226 affectu
1284 1170 1315 1224 et
1333 1159 1366 1223 in

181 1292 307 1369 peccato
326 1281 507 1369 persistendi
526 1283 683 1370 proposito
702 1282 753 1348 illa
769 1282 841 1349 fidei
860 1303 933 1349 suae
951 1283 1121 1371 professio,
1141 1294 1170 1349 ct
1196 1283 1272 1372 legis
1289 1283 1366 1349 obe·

181 1404 294 1470 dientia
311 1414 341 1469 et
363 1415 488 1471 externa
509 1405 702 1486 ceremonia,
728 1404 767 1471 ad
790 1405 1003 1472 remissionem
1030 1417 1228 1494 peccatorum
1250 1425 1364 1472 conse·

181 1527 332 1616 quendam
351 1527 440 1594 inane
456 1538 485 1592 et
502 1526 655 1594 ludicrum
672 1526 781 1595 fuisset
798 1529 991 1596 exercitium.
1011 1557 1024 1586 »
1051 1530 1134 1596 llaec
1150 1528 1364 1618 Stapletonius

180 1647 210 1719 in
227 1653 390 1719 Antidotis
406 1654 594 1737 Apostolicia
609 1652 647 1718 ad
664 1654 734 1719 Act.
753 1653 820 1720 Xlll
840 1679 848 1718 ε
869 1655 923 1722 58.

225 1900 370 1967 lio-tl.
402 1900 509 1963 Videte
536 1919 608 1980 erqo
635 1919 674 1963 rae
698 1901 902 1982 superveniat
927 1901 1030 1978 vobis,
1055 1896 1146 1982 etc).
1177 1897 1360 1966 Orationem

180 2040 267 2087 suam
291 2020 406 2088 claudit
429 2020 613 2107 Apostolus,
641 2021 809 2088 incredulis
826 2032 856 2087 et
872 2023 974 2089 lesum
998 2021 1143 2088 Messiam
1167 2020 1363 2108 repudianti-

181 2144 240 2210 bus
259 2144 391 2210 minatus
416 2163 531 2233 poenes
555 2143 647 2221 tates,
674 2144 780 2231 quales
805 2145 879 2211 olim
903 2164 920 2210 a
944 2143 1106 2210 Chaldaeis
1130 2143 1212 2231 passi
1237 2142 1362 2210 fuerant

181 2268 349 2335 israelitae.
380 2267 495 2334 Sensus
523 2277 569 2334 est
588 2293 595 2333 :
614 2267 692 2335 Cum
721 2267 797 2334 haec
826 2269 867 2334 ita
895 2268 974 2347 sint,
993 2279 1026 2334 ut
1053 2266 1134 2343 dixi,
1154 2277 1255 2331 cavete
1284 2289 1364 2352 erqo

180 2387 320 2478 (βλεπετε
336 2397 412 2475 oar),
430 2411 469 2456 ne
485 2389 571 2456 robis
595 2402 720 2479 propter
738 2390 984 2458 incredulitatem
1001 2401 1134 2456 vestram
1152 2395 1362 2474 superveniat

183 2538 296 2607 poena,
327 2518 449 2606 qualem
475 2518 563 2584 Deus
590 2519 664 2584 olim
693 2539 749 2607 per
777 2519 982 2585 ministerium
1011 2517 1186 2605 Prophetae
1210 2517 1362 2586 Habaeuc

182 2641 274 2730 (Cap.
300 2643 311 2707 l
337 2668 345 2705 :
371 2644 402 2730 b)
425 2641 594 2708 maioribus
622 2642 732 2707 restris
749 2640 837 2708 hisce
852 2641 955 2707 verbis
972 2641 1105 2708 minatus
1122 2652 1180 2720 est,
1203 2660 1363 2729 quamque

181 2763 292 2831 deinde
316 2763 405 2830 etiam
432 2762 542 2830 inllixit
566 2785 573 2826 :
598 2762 726 2843 Videte,
749 2785 766 2830 o
796 2773 1019 2842 contemtorem
1043 2761 1218 2851 inquiebat,
1243 2773 1273 2828 et
1289 2785 1363 2829 eoa·

182 2891 297 2952 nescite
320 2887 526 2978 (αφανισθητε)
550 2906 623 2974 prae
648 2897 774 2975 stupore
793 2906 800 2946 :
822 2906 891 2952 nam
916 2885 1097 2974 (vindictae)
1115 2907 1193 2974 opus
1210 2905 1266 2973 ego
1284 2906 1362 2975 ope·

182 3024 304 3078 ratnrus
332 3032 399 3078 sum
429 3012 460 3076 in
488 3009 598 3076 diebus
626 3010 736 3077 restris
765 3011 881 3093 (vestro
906 3008 1034 3097 aetate),
1059 3007 1141 3097 qnod
1163 3029 1359 3097 nequaquam

181 3138 367 3214 crederetis,
397 3137 422 3203 si
452 3137 522 3223 quis
546 3135 634 3202 vobis
658 3135 735 3202 illud
760 3147 898 3202 narraret
924 3135 1010 3213 (adeo
1033 3155 1141 3222 grave,
1169 3145 1202 3200 ut
1219 3136 1359 3203 omnium

181 3261 356 3350 opinionem
379 3271 408 3326 et
424 3258 515 3326 fidem
541 3259 678 3345 excedat)
704 3261 812 3326 :Ecce
835 3279 890 3347 ego
913 3257 1068 3326 suscitabo
1090 3256 1274 3338 Chaldaeos,
1293 3269 1355 3326 eto.

225 3384 393 3452 Oraculum
411 3381 471 3449 hoc
487 3382 608 3449 ludaeis
625 3382 820 3449 notissimum
846 3383 954 3464 luerit3
971 3402 1066 3471 quare
1082 3383 1240 3449 suffecerit
1255 3386 1358 3472 Apos-

180 3507 241 3574 tolo
259 3506 395 3574 eiusdem
414 3507 512 3595 prima
531 3518 646 3574 tantum
669 3507 780 3574 citasse
801 3506 906 3574 verba.
926 3507 1034 3574 Sermo
1056 3518 1158 3576 autem
1180 3507 1221 3574 ibi
1239 3519 1304 3590 est,
1323 3519 1357 3576 ut

179 3630 240 3697 iam
263 3632 440 3711 innuimuS,
465 3631 503 3699 de
527 3631 696 3698 calamitate
726 3631 875 3719 lsradlitis
897 3651 912 3696 a
935 3630 1098 3697 Chaldaeis
1127 3631 1303 3712 inferenda,
1327 3641 1357 3696 et

179 3752 325 3843 deinceps
349 3775 457 3843 reapse
473 3754 566 3822 illata.
586 3755 726 3823 Similem
751 3766 852 3822 autem
878 3754 1080 3821 calamitatem
1097 3754 1256 3822 incredula
1281 3774 1355 3842 gens

177 3872 304 3961 ludaico
321 3894 410 3963 passa
427 3887 473 3941 est
488 3895 506 3942 a
521 3876 683 3942 Romanis.

222 3995 314 4081 Quod
337 3995 450 4063 dicitur
474 4019 503 4060 aa
526 4021 588 4071 τοις
612 3996 803 4088 Προφηταις,
828 4021 899 4066 cum
926 4010 1026 4066 tamen
1048 4000 1139 4066 unius
1157 4011 1274 4067 tantum
1292 3999 1355 4066 Ha·

177 4118 285 4186 bacnei
305 4119 482 4187 vaticinium
507 4121 631 4201 citetur,
650 4120 681 4188 id
698 4122 738 4188 ita
763 4122 993 4210 intelligendum
1015 4134 1078 4203 est,
1098 4123 1185 4211 quasi
1202 4124 1352 4212 scriptum

177 4253 284 4309 esset:
307 4243 337 4308 in
368 4242 419 4308 illa
443 4263 603 4311 sacrorum
632 4244 783 4313 librorum
813 4258 898 4334 parte
923 4267 1002 4335 quae
1030 4247 1245 4314 inscribitur:
1273 4250 1354 4312 Pro-

173 4370 297 4450 phetae.
324 4366 372 4434 Cl.
400 4369 487 4434 ioan.
506 4368 546 4435 Vl
566 4393 573 4433 :
593 4370 656 4449 td,
674 4381 704 4435 et
725 4371 802 4437 Luc.
822 4373 927 4440 XXlV
944 4399 951 4438 :
971 4375 1026 4439 ld.
1046 4373 1168 4457 integra
1192 4373 1352 4461 Scriptura
