3074 5054
252 365 318 433 570
606 367 742 435 ACTUS
773 366 1108 451 Arosrotonttm,

296 554 397 621 l-ii.
424 556 468 621 m
496 558 570 621 lude
592 577 664 622 eum
691 559 943 639 sustulissemus,
973 556 1062 643 elo).
1092 558 1199 645 Pergit
1227 561 1329 627 Luoes
1359 587 1368 628 :
1402 565 1440 631 Et

252 700 349 766 quum
371 678 446 748 hino
464 679 551 770 (seii.
576 681 708 771 Sidone)
730 684 932 751 soluissemus
956 683 1146 770 (αναχθεντες
1169 694 1202 751 ει
1226 704 1272 752 vs.
1297 684 1345 767 ι),
1376 707 1438 755 non

251 805 466 873 oommisimns
487 825 543 873 nos
558 806 620 873 alto
645 806 740 887 muri,
770 806 825 875 sed
848 810 960 874 littore
984 807 1104 875 insulse
1127 807 1232 893 Cppui
1255 807 1294 876 ad
1320 808 1438 878 laevem

250 933 510 1014 praeterlepimus
527 928 770 1017 (ὑπεπλευσαμεν
782 954 835 1005 την
848 932 987 1022 Κυπρον,
1003 929 1055 1018 wij
1069 951 1182 998 roeren
1200 931 1299 999 onder
1311 934 1438 1024 Cyprus

252 1052 356 1142 been),
372 1055 445 1143 qnia
460 1054 540 1122 venti
559 1055 707 1122 contrarii
724 1064 823 1122 erant.
842 1057 945 1143 Atque
961 1055 1002 1121 ita
1022 1057 1153 1121 traiecto
1171 1050 1440 1144 (διαπλευσαντες)

252 1181 329 1250 meri
347 1181 431 1269 quod
454 1191 501 1248 εει
519 1193 632 1248 eontra
647 1179 743 1270 (κατα
767 1180 864 1268 isngs)
882 1180 1037 1261 Ciliciam,
1052 1182 1258 1264 pervenimus
1274 1178 1440 1269 (κατηλθο-
1491 1170 1494 1174 '

252 1305 319 1393 pen)
336 1308 476 1391 Mysum,
498 1304 608 1372 urbem
625 1304 740 1391 Lyoiee
756 1303 955 1371 maritimam.
973 1304 1036 1371 Pro
1053 1304 1159 1389 Myro*
1178 1314 1241 1384 εει,
1263 1302 1439 1372 seeundum

251 1430 414 1498 leotionem
432 1428 599 1516 Vulgatae,
622 1429 763 1513 Lustru5
787 1424 842 1494 sed
861 1429 973 1514 Lystru
996 1427 1072 1494 urbs
1094 1437 1141 1495 est
1158 1427 1350 1514 Lycaoniae,
1375 1448 1438 1495 non

251 1575 324 1622 uero
348 1554 478 1641 Lyciam
502 1572 560 1619 nee
578 1552 732 1619 maritime
755 1551 831 1618 urbs
848 1552 959 1638 Lystrn
976 1562 1039 1631 est,
1060 1549 1115 1618 sed
1136 1550 1246 1640 proeul
1267 1551 1378 1617 emori
1405 1553 1438 1618 in

252 1678 428 1746 continente
449 1677 518 1744 sits.
541 1674 623 1745 Vide
641 1677 718 1763 Cep.
737 1675 816 1744 XlV
832 1698 840 1741 ε
856 1676 889 1743 6.
916 1674 1059 1754 «Neris,
1077 1673 1160 1762 quod
1178 1673 1230 1741 hio
1246 1683 1330 1741 notet
1345 1674 1438 1742 Wei-

251 1800 343 1870 ohius
371 1800 515 1892 (Antiqq.
540 1798 663 1866 Nuntio.
688 1818 764 1888 pag.
792 1797 863 1887 15),
888 1799 914 1864 si
939 1808 1058 1864 reotum
1079 1797 1229 1864 tenuisset
1256 1808 1309 1864 eut
1332 1807 1439 1865 tenere

252 1923 404 2014 potuisset
426 1940 571 2000 sursum,
589 1920 755 1988 australem
772 1918 891 1988 insulae
907 1919 1003 2008 Cypri
1029 1939 1114 1986 oram
1140 1918 1241 2007 legere
1257 1918 1435 2000 debuisset;

251 2067 358 2115 verum
376 2057 504 2136 propter
520 2055 627 2111 ventos
648 2043 822 2110 oontmrios
841 2038 906 2128 (δια
926 2064 996 2116 τους
1015 2061 1145 2127 nospsos
1162 2064 1237 2104 ειναι
1254 2041 1436 2124 suessione),

245 2173 361 2252 idest,
387 2179 515 2259 propter
537 2168 714 2257 Aparotinm
737 2166 873 2255 huicque
897 2164 1036 2246 adfines,
1064 2165 1272 2254 Aquilonem,
1300 2148 1436 2234 Boream

246 2304 277 2362 et
292 2293 451 2371 Caesiam,
482 2290 596 2380 quibus
619 2289 658 2359 ed
683 2289 801 2376 Libyae
829 2309 899 2356 oras
925 2287 1014 2377 pulsa
1038 2287 1124 2355 nevis
1152 2288 1281 2367 luisset,
1307 2309 1437 2357 neeesse

247 2420 347 2487 visum
371 2428 430 2498 est,
448 2435 465 2483 n
482 2427 565 2483 reolo
582 2436 677 2483 eursu
701 2413 884 2496 deflectere,
902 2424 932 2480 ει
948 2414 1034 2481 littus
1049 2411 1177 2480 Ciliciae
1193 2413 1274 2479 inter
1291 2413 1434 2502 Cyprum

249 2553 280 2612 ει
295 2543 400 2612 Asiam
418 2541 532 2631 legere.
559 2569 573 2599 s

293 2804 393 2872 6-8.
419 2803 466 2870 Ει
478 2756 522 2869 tot
540 2805 703 2869 inveniens
717 2805 880 2886 centurie,
896 2810 985 2894 ete).
1004 2802 1108 2890 Pergit
1125 2802 1224 2868 Lucus
1241 2825 1248 2866 ε
1267 2802 1372 2890 Atque
1388 2802 1431 2870 ibi

248 2928 333 3019 (soil.
353 2924 477 3016 Myros)
494 2927 641 2994 Centurio
659 2937 764 2994 noster
784 2927 881 2994 lulius
903 2938 1014 2994 noetus
1035 2925 1151 3017 (εὑρων)
1168 2946 1277 2994 navem
1296 2926 1432 2994 Alexan-

248 3051 386 3133 drinam,
416 3071 494 3136 quae
518 3053 583 3116 iam
611 3053 676 3115 iarn
700 3052 893 3134 mouiputuru
914 3061 984 3116 eunt
1002 3048 1117 3131 (πλεον.
1143 3051 1368 3141 Perlioipium,
1398 3062 1433 3119 ut

248 3169 412 3265 διαπερῶν,
437 3193 532 3263 supro
554 3174 631 3263 Cep.
650 3174 729 3241 ΧΧΙ
750 3198 757 3240 :
782 3171 815 3258 i)
841 3173 872 3240 in
893 3174 1031 3255 ltaliam,
1051 3194 1107 3241 uos
1126 3174 1156 3240 in
1177 3174 1261 3242 illam
1280 3178 1432 3260 imposuit

247 3294 456 3385 (sussssssnees).
475 3296 596 3364 Diebus
608 3308 712 3363 autem
725 3293 790 3387 (is)
802 3309 851 3365 sot
861 3302 971 3365 multis
988 3302 1130 3386 (ἰκαναις)
1143 3299 1304 3367 obventus
1320 3300 1430 3368 adver-

246 3441 298 3489 sos
322 3425 412 3488 tarde
438 3423 626 3505 uuuipuutes
654 3417 933 3514 (βραδυπλοοῦντες
959 3423 1108 3512 Portioip.
1140 3423 1301 3513 Imperi),
1333 3446 1429 3516 quum

247 3569 338 3631 nepes
365 3543 485 3636 (μολις)
512 3557 619 3614 eontra
648 3547 781 3615 insulam
807 3546 940 3616 Cnidum
967 3552 1221 3634 pervenissemus
1245 3552 1427 3641 (yssopum.

247 3669 355 3759 Aor.),
373 3681 463 3737 vento
480 3671 661 3760 (Aquilone)
678 3692 734 3739 nos
751 3693 816 3738 nou
833 3675 1019 3739 odietittente
1040 3673 1099 3762 (μη
1116 3676 1329 3764 προσεῶντος),
1348 3677 1371 3743 i.
1397 3697 1426 3744 ε.

248 3797 431 3887 prohibente
452 3820 508 3866 uos
531 3800 569 3867 ad
593 3801 725 3870 Cnidum
742 3803 918 3892 appellere,
940 3807 1163 3888 rtnuipooimus
1183 3806 1271 3886 iufra
1297 3803 1428 3870 Cretum

245 3919 490 4010 (ὑπεπλευσαμεν
507 3947 559 3998 την
576 3925 713 4016 Κρητην)
729 3927 813 3994 iuxta
829 3928 1022 4010 Sulmonem,
1037 3930 1146 3996 Cretae
1163 3928 1425 4017 promoniorium.

247 4050 418 4118 secretam
431 4048 540 4141 (noenu
554 4052 623 4120 soil.
639 4053 777 4141 Cretum)
790 4052 965 4140 difficulter
976 4053 1099 4145 (μολις)
1111 4058 1427 4140 praeterunoipuutes

280 4368 298 4434 ¹)
312 4370 375 4422 Vno.
388 4385 456 4421 uuor.
470 4371 519 4422 Pro
532 4355 623 4444 Μυρα
641 4368 681 4417 εει
701 4353 828 4444 Λυστρα
852 4371 878 4421 in
899 4370 959 4422 Cod.
975 4371 1007 4433 A,
1023 4373 1049 4422 et
1070 4369 1203 4422 nonnullis
1225 4370 1342 4436 antiquis
1366 4384 1426 4422 ver-

246 4448 371 4501 sionibus.
392 4498 397 4505 .
