<?xml version="1.0" encoding="UTF-8"?>
<!DOCTYPE html PUBLIC "-//W3C//DTD XHTML 1.0 Transitional//EN"
    "http://www.w3.org/TR/xhtml1/DTD/xhtml1-transitional.dtd">
<html xmlns="http://www.w3.org/1999/xhtml" xml:lang="en" lang="en">
 <head>
  <title>
</title>
<meta http-equiv="Content-Type" content="text/html;charset=utf-8" />
  <meta name='ocr-system' content='tesseract 3.04.00' />
  <meta name='ocr-capabilities' content='ocr_page ocr_carea ocr_par ocr_line ocrx_word'/>
</head>
<body>
  <div class='ocr_page' id='page_1' title='image "./commentariusina00beelgoog/commentariusina00beelgoog_0260.png"; bbox 0 0 3074 5054; ppageno 0'>
   <div class='ocr_carea' id='block_1_1' title="bbox 454 372 1359 461">
    <p class='ocr_par' dir='ltr' id='par_1_1' title="bbox 454 372 1359 461">
     <span class='ocr_line' id='line_1_1' title="bbox 454 372 1359 461; baseline 0.001 -15"><span class='ocrx_word' id='word_1_1' title='bbox 454 372 592 448; x_wconf 81' lang='lat' dir='ltr'>CAPUT</span> <span class='ocrx_word' id='word_1_2' title='bbox 622 379 719 461; x_wconf 80' lang='lat' dir='ltr'><em>Vill,</em></span> <span class='ocrx_word' id='word_1_3' title='bbox 758 373 878 450; x_wconf 84' lang='lat' dir='ltr'><strong>VERS.</strong></span> <span class='ocrx_word' id='word_1_4' title='bbox 918 386 1064 452; x_wconf 49' lang='lat'><em>27-50,</em></span> <span class='ocrx_word' id='word_1_5' title='bbox 1297 383 1359 449; x_wconf 71' lang='lat' dir='ltr'><em>Phi</em></span> 
     </span>
    </p>
   </div>
   <div class='ocr_carea' id='block_1_2' title="bbox 184 571 1362 784">
    <p class='ocr_par' dir='ltr' id='par_1_2' title="bbox 184 571 1362 784">
     <span class='ocr_line' id='line_1_2' title="bbox 184 571 1362 661; baseline -0.002 -23"><span class='ocrx_word' id='word_1_6' title='bbox 184 593 300 659; x_wconf 81' lang='lat' dir='ltr'><em>gensem</em></span> <span class='ocrx_word' id='word_1_7' title='bbox 319 573 350 639; x_wconf 91' lang='lat' dir='ltr'><em>in</em></span> <span class='ocrx_word' id='word_1_8' title='bbox 370 575 428 639; x_wconf 88' lang='lat' dir='ltr'><em>Ev.</em></span> <span class='ocrx_word' id='word_1_9' title='bbox 448 571 516 639; x_wconf 92' lang='lat' dir='ltr'><em>luh.</em></span> <span class='ocrx_word' id='word_1_10' title='bbox 533 573 571 638; x_wconf 91' lang='lat' dir='ltr'><em>ad</em></span> <span class='ocrx_word' id='word_1_11' title='bbox 588 575 663 661; x_wconf 87' lang='lat' dir='ltr'><em>Cap.</em></span> <span class='ocrx_word' id='word_1_12' title='bbox 679 574 742 639; x_wconf 90' lang='lat' dir='ltr'><em>Xll</em></span> <span class='ocrx_word' id='word_1_13' title='bbox 759 595 766 635; x_wconf 91' lang='lat'><strong>:</strong></span> <span class='ocrx_word' id='word_1_14' title='bbox 783 577 838 649; x_wconf 70' lang='lat'><em>20,</em></span> <span class='ocrx_word' id='word_1_15' title='bbox 855 585 884 639; x_wconf 90' lang='lat' dir='ltr'><em>et</em></span> <span class='ocrx_word' id='word_1_16' title='bbox 900 573 1067 641; x_wconf 88' lang='lat' dir='ltr'><em>Seldenum</em></span> <span class='ocrx_word' id='word_1_17' title='bbox 1085 577 1121 638; x_wconf 77' lang='lat' dir='ltr'><em>clo</em></span> <span class='ocrx_word' id='word_1_18' title='bbox 1140 576 1208 638; x_wconf 79' lang='lat' dir='ltr'><em>inre</em></span> <span class='ocrx_word' id='word_1_19' title='bbox 1225 584 1362 637; x_wconf 85' lang='lat' dir='ltr'><em>naturae</em></span> 
     </span>
     <span class='ocr_line' id='line_1_3' title="bbox 185 695 1359 784; baseline -0.001 -24"><span class='ocrx_word' id='word_1_20' title='bbox 185 707 209 760; x_wconf 89' lang='lat' dir='ltr'><em>el</em></span> <span class='ocrx_word' id='word_1_21' title='bbox 230 695 380 762; x_wconf 81' lang='lat' dir='ltr'><em>Gentium</em></span> <span class='ocrx_word' id='word_1_22' title='bbox 404 701 495 761; x_wconf 80' lang='lat' dir='ltr'><em>inusto</em></span> <span class='ocrx_word' id='word_1_23' title='bbox 519 700 723 779; x_wconf 73' lang='lat' dir='ltr'><em>disciplinam</em></span> <span class='ocrx_word' id='word_1_24' title='bbox 746 698 977 762; x_wconf 81' lang='lat' dir='ltr'><em>Hebraeorum.</em></span> <span class='ocrx_word' id='word_1_25' title='bbox 1003 697 1073 762; x_wconf 88' lang='lat' dir='ltr'><em>Lih.</em></span> <span class='ocrx_word' id='word_1_26' title='bbox 1094 699 1126 775; x_wconf 81' lang='lat'><em>5,</em></span> <span class='ocrx_word' id='word_1_27' title='bbox 1149 698 1224 784; x_wconf 86' lang='lat' dir='ltr'><em>Cap.</em></span> <span class='ocrx_word' id='word_1_28' title='bbox 1245 699 1311 763; x_wconf 79' lang='lat' dir='ltr'><em>tet</em></span> <span class='ocrx_word' id='word_1_29' title='bbox 1327 699 1359 761; x_wconf 90' lang='lat'><em>7.</em></span> 
     </span>
    </p>
   </div>
   <div class='ocr_carea' id='block_1_3' title="bbox 223 941 1361 1029">
    <p class='ocr_par' dir='ltr' id='par_1_3' title="bbox 223 941 1361 1029">
     <span class='ocr_line' id='line_1_4' title="bbox 223 941 1361 1029; baseline -0.003 -21"><span class='ocrx_word' id='word_1_30' title='bbox 223 944 276 1008; x_wconf 68' lang='lat'><em>29.</em></span> <span class='ocrx_word' id='word_1_31' title='bbox 319 944 409 1006; x_wconf 76' lang='lat' dir='ltr'><em>nien</em></span> <span class='ocrx_word' id='word_1_32' title='bbox 432 943 576 1025; x_wconf 80' lang='lat' dir='ltr'><em>Spiritus</em></span> <span class='ocrx_word' id='word_1_33' title='bbox 603 941 787 1029; x_wconf 84' lang='lat' dir='ltr'><em>Philippo).</em></span> <span class='ocrx_word' id='word_1_34' title='bbox 818 944 917 1009; x_wconf 89' lang='lat' dir='ltr'><em>Sentit</em></span> <span class='ocrx_word' id='word_1_35' title='bbox 946 943 1174 1023; x_wconf 87' lang='lat' dir='ltr'><em>Salmeronius,</em></span> <span class='ocrx_word' id='word_1_36' title='bbox 1200 942 1361 1026; x_wconf 86' lang='lat' dir='ltr'><em>Spiritum</em></span> 
     </span>
    </p>
   </div>
   <div class='ocr_carea' id='block_1_4' title="bbox 185 1065 1362 1647">
    <p class='ocr_par' dir='ltr' id='par_1_4' title="bbox 185 1065 1362 1647">
     <span class='ocr_line' id='line_1_5' title="bbox 186 1065 1360 1154; baseline 0.003 -27"><span class='ocrx_word' id='word_1_37' title='bbox 186 1066 225 1152; x_wconf 83' lang='grc' dir='ltr'><em>(το</em></span> <span class='ocrx_word' id='word_1_38' title='bbox 252 1065 386 1152; x_wconf 71' lang='lat' dir='ltr'><em>aesopo)</em></span> <span class='ocrx_word' id='word_1_39' title='bbox 414 1067 466 1154; x_wconf 86' lang='lat' dir='ltr'><em>qui</em></span> <span class='ocrx_word' id='word_1_40' title='bbox 497 1065 549 1133; x_wconf 90' lang='lat' dir='ltr'><em>hie</em></span> <span class='ocrx_word' id='word_1_41' title='bbox 577 1066 708 1144; x_wconf 89' lang='lat' dir='ltr'><em>dicitur,</em></span> <span class='ocrx_word' id='word_1_42' title='bbox 743 1067 886 1134; x_wconf 89' lang='lat' dir='ltr'><em>eumdem</em></span> <span class='ocrx_word' id='word_1_43' title='bbox 914 1088 981 1134; x_wconf 89' lang='lat' dir='ltr'><em>esse</em></span> <span class='ocrx_word' id='word_1_44' title='bbox 1009 1088 1080 1134; x_wconf 90' lang='lat' dir='ltr'><em>eum</em></span> <span class='ocrx_word' id='word_1_45' title='bbox 1114 1087 1150 1132; x_wconf 90' lang='lat' dir='ltr'><em>eo</em></span> <span class='ocrx_word' id='word_1_46' title='bbox 1184 1066 1237 1154; x_wconf 85' lang='lat' dir='ltr'><em>qui</em></span> <span class='ocrx_word' id='word_1_47' title='bbox 1266 1084 1360 1154; x_wconf 88' lang='lat' dir='ltr'><em>supra</em></span> 
     </span>
     <span class='ocr_line' id='line_1_6' title="bbox 185 1186 1362 1278; baseline 0.003 -27"><span class='ocrx_word' id='word_1_48' title='bbox 185 1186 238 1275; x_wconf 87' lang='lat' dir='ltr'><em>(rs.</em></span> <span class='ocrx_word' id='word_1_49' title='bbox 269 1188 329 1276; x_wconf 73' lang='lat'><em>26)</em></span> <span class='ocrx_word' id='word_1_50' title='bbox 357 1201 483 1255; x_wconf 88' lang='lat' dir='ltr'><em>vocatus</em></span> <span class='ocrx_word' id='word_1_51' title='bbox 511 1189 568 1255; x_wconf 90' lang='lat' dir='ltr'><em>fuit</em></span> <span class='ocrx_word' id='word_1_52' title='bbox 599 1191 738 1272; x_wconf 81' lang='lat' dir='ltr'><em>Anpelns</em></span> <span class='ocrx_word' id='word_1_53' title='bbox 768 1192 909 1256; x_wconf 82' lang='lat' dir='ltr'><em>Dorrrim&#39;.</em></span> <span class='ocrx_word' id='word_1_54' title='bbox 942 1193 975 1256; x_wconf 87' lang='lat' dir='ltr'><em>lo</em></span> <span class='ocrx_word' id='word_1_55' title='bbox 1003 1211 1063 1278; x_wconf 87' lang='lat' dir='ltr'><em>qua</em></span> <span class='ocrx_word' id='word_1_56' title='bbox 1091 1191 1240 1255; x_wconf 90' lang='lat' dir='ltr'><em>sententia</em></span> <span class='ocrx_word' id='word_1_57' title='bbox 1266 1187 1362 1254; x_wconf 87' lang='lat' dir='ltr'><em>fuisse</em></span> 
     </span>
     <span class='ocr_line' id='line_1_7' title="bbox 186 1311 1356 1402; baseline 0.003 -27"><span class='ocrx_word' id='word_1_58' title='bbox 186 1311 266 1378; x_wconf 91' lang='lat' dir='ltr'><em>etiam</em></span> <span class='ocrx_word' id='word_1_59' title='bbox 296 1313 329 1380; x_wconf 87' lang='lat' dir='ltr'><em>S.</em></span> <span class='ocrx_word' id='word_1_60' title='bbox 351 1313 503 1399; x_wconf 87' lang='lat' dir='ltr'><em>Cyrillum</em></span> <span class='ocrx_word' id='word_1_61' title='bbox 533 1312 868 1399; x_wconf 75' lang='lat' dir='ltr'><em>hierosolymitanum,</em></span> <span class='ocrx_word' id='word_1_62' title='bbox 899 1315 974 1382; x_wconf 84' lang='lat' dir='ltr'><em>dicit</em></span> <span class='ocrx_word' id='word_1_63' title='bbox 1002 1316 1135 1382; x_wconf 91' lang='lat' dir='ltr'><em>Loriuus</em></span> <span class='ocrx_word' id='word_1_64' title='bbox 1159 1313 1213 1401; x_wconf 88' lang='lat' dir='ltr'><em>(ad</em></span> <span class='ocrx_word' id='word_1_65' title='bbox 1242 1312 1275 1380; x_wconf 92' lang='lat' dir='ltr'><em>h.</em></span> <span class='ocrx_word' id='word_1_66' title='bbox 1300 1314 1356 1402; x_wconf 88' lang='lat' dir='ltr'><em>l.);</em></span> 
     </span>
     <span class='ocr_line' id='line_1_8' title="bbox 186 1436 1359 1525; baseline -0.002 -26"><span class='ocrx_word' id='word_1_67' title='bbox 186 1436 283 1502; x_wconf 85' lang='lat' dir='ltr'><em>rerum</em></span> <span class='ocrx_word' id='word_1_68' title='bbox 308 1447 410 1514; x_wconf 83' lang='lat' dir='ltr'><em>errat3</em></span> <span class='ocrx_word' id='word_1_69' title='bbox 435 1456 504 1502; x_wconf 91' lang='lat' dir='ltr'><em>uam</em></span> <span class='ocrx_word' id='word_1_70' title='bbox 529 1437 665 1524; x_wconf 82' lang='lat' dir='ltr'><em>Cyrillus</em></span> <span class='ocrx_word' id='word_1_71' title='bbox 689 1437 867 1525; x_wconf 86' lang='lat' dir='ltr'><em>(Cateuhes.</em></span> <span class='ocrx_word' id='word_1_72' title='bbox 888 1440 985 1518; x_wconf 83' lang='lat' dir='ltr'><em>XVI,</em></span> <span class='ocrx_word' id='word_1_73' title='bbox 1005 1439 1041 1525; x_wconf 87' lang='lat'><em>6)</em></span> <span class='ocrx_word' id='word_1_74' title='bbox 1066 1458 1157 1504; x_wconf 86' lang='lat' dir='ltr'><em>voees</em></span> <span class='ocrx_word' id='word_1_75' title='bbox 1181 1461 1214 1500; x_wconf 84' lang='grc' dir='ltr'><em>το</em></span> <span class='ocrx_word' id='word_1_76' title='bbox 1240 1459 1359 1523; x_wconf 75' lang='grc' dir='ltr'>πνευμα</span> 
     </span>
     <span class='ocr_line' id='line_1_9' title="bbox 186 1536 1357 1647; baseline 0.003 -25"><span class='ocrx_word' id='word_1_77' title='bbox 186 1555 237 1623; x_wconf 89' lang='lat' dir='ltr'><em>hoe</em></span> <span class='ocrx_word' id='word_1_78' title='bbox 260 1556 329 1624; x_wconf 90' lang='lat' dir='ltr'><em>loeo</em></span> <span class='ocrx_word' id='word_1_79' title='bbox 353 1559 392 1624; x_wconf 89' lang='lat' dir='ltr'><em>ad</em></span> <span class='ocrx_word' id='word_1_80' title='bbox 414 1559 563 1645; x_wconf 90' lang='lat' dir='ltr'><em>Spiritum</em></span> <span class='ocrx_word' id='word_1_81' title='bbox 590 1560 737 1626; x_wconf 87' lang='lat' dir='ltr'><em>Sanctum</em></span> <span class='ocrx_word' id='word_1_82' title='bbox 754 1561 859 1627; x_wconf 79' lang='lat' dir='ltr'><em>refert.</em></span> <span class='ocrx_word' id='word_1_83' title='bbox 887 1562 919 1627; x_wconf 87' lang='lat' dir='ltr'><em>Si</em></span> <span class='ocrx_word' id='word_1_84' title='bbox 944 1536 1088 1626; x_wconf 83' lang='lat' dir='ltr'><em>eumdem</em></span> <span class='ocrx_word' id='word_1_85' title='bbox 1113 1560 1200 1626; x_wconf 91' lang='lat' dir='ltr'><em>illum</em></span> <span class='ocrx_word' id='word_1_86' title='bbox 1217 1559 1357 1647; x_wconf 82' lang='lat' dir='ltr'><em>angelum</em></span> 
     </span>
    </p>
   </div>
   <div class='ocr_carea' id='block_1_5' title="bbox 186 1677 1359 2513">
    <p class='ocr_par' dir='ltr' id='par_1_5' title="bbox 186 1677 1359 2513">
     <span class='ocr_line' id='line_1_10' title="bbox 186 1677 1358 1773; baseline 0.004 -29"><span class='ocrx_word' id='word_1_87' title='bbox 186 1677 229 1746; x_wconf 89' lang='lat' dir='ltr'><em>hio</em></span> <span class='ocrx_word' id='word_1_88' title='bbox 255 1681 394 1748; x_wconf 88' lang='lat' dir='ltr'><em>iudicare</em></span> <span class='ocrx_word' id='word_1_89' title='bbox 421 1682 569 1749; x_wconf 84' lang='lat' dir='ltr'><em>voluisset</em></span> <span class='ocrx_word' id='word_1_90' title='bbox 597 1704 685 1750; x_wconf 89' lang='lat' dir='ltr'><em>sacer</em></span> <span class='ocrx_word' id='word_1_91' title='bbox 714 1695 818 1749; x_wconf 90' lang='lat' dir='ltr'><em>noster</em></span> <span class='ocrx_word' id='word_1_92' title='bbox 847 1684 1136 1773; x_wconf 79' lang='lat' dir='ltr'><em>historiographus,</em></span> <span class='ocrx_word' id='word_1_93' title='bbox 1163 1684 1358 1771; x_wconf 75' lang='lat' dir='ltr'><em>scripsisset,</em></span> 
     </span>
     <span class='ocr_line' id='line_1_11' title="bbox 186 1801 1359 1894; baseline 0 -26"><span class='ocrx_word' id='word_1_94' title='bbox 186 1812 212 1869; x_wconf 89' lang='lat' dir='ltr'><em>ul</em></span> <span class='ocrx_word' id='word_1_95' title='bbox 229 1802 303 1870; x_wconf 92' lang='lat' dir='ltr'><em>mihi</em></span> <span class='ocrx_word' id='word_1_96' title='bbox 322 1805 456 1883; x_wconf 89' lang='lat' dir='ltr'><em>videtur,</em></span> <span class='ocrx_word' id='word_1_97' title='bbox 475 1829 538 1867; x_wconf 83' lang='grc' dir='ltr'>ειπε</span> <span class='ocrx_word' id='word_1_98' title='bbox 556 1801 587 1868; x_wconf 78' lang='grc' dir='ltr'><em>δε</em></span> <span class='ocrx_word' id='word_1_99' title='bbox 605 1810 620 1868; x_wconf 84' lang='grc' dir='ltr'>ὁ</span> <span class='ocrx_word' id='word_1_100' title='bbox 641 1804 777 1894; x_wconf 62' lang='lat' dir='ltr'><em>appeto,⁴</em></span> <span class='ocrx_word' id='word_1_101' title='bbox 796 1807 879 1891; x_wconf 81' lang='lat' dir='ltr'><em>Quid</em></span> <span class='ocrx_word' id='word_1_102' title='bbox 896 1809 977 1873; x_wconf 91' lang='lat' dir='ltr'><em>enim</em></span> <span class='ocrx_word' id='word_1_103' title='bbox 996 1827 1106 1873; x_wconf 88' lang='lat' dir='ltr'><em>causae</em></span> <span class='ocrx_word' id='word_1_104' title='bbox 1123 1807 1162 1871; x_wconf 86' lang='lat' dir='ltr'><em>sit</em></span> <span class='ocrx_word' id='word_1_105' title='bbox 1178 1825 1247 1882; x_wconf 88' lang='lat' dir='ltr'><em>cur,</em></span> <span class='ocrx_word' id='word_1_106' title='bbox 1267 1824 1359 1892; x_wconf 88' lang='lat' dir='ltr'><em>quem</em></span> 
     </span>
     <span class='ocr_line' id='line_1_12' title="bbox 187 1929 1357 2018; baseline -0.002 -23"><span class='ocrx_word' id='word_1_107' title='bbox 187 1929 301 1996; x_wconf 87' lang='lat' dir='ltr'><em>nodum</em></span> <span class='ocrx_word' id='word_1_108' title='bbox 335 1930 477 2017; x_wconf 78' lang='lat' dir='ltr'>angelum</span> <span class='ocrx_word' id='word_1_109' title='bbox 511 1942 690 2006; x_wconf 78' lang='lat' dir='ltr'><em>vocaverat,</em></span> <span class='ocrx_word' id='word_1_110' title='bbox 722 1951 804 1996; x_wconf 89' lang='lat' dir='ltr'><em>nunc</em></span> <span class='ocrx_word' id='word_1_111' title='bbox 835 1931 985 2018; x_wconf 90' lang='lat' dir='ltr'><em>Spiritum</em></span> <span class='ocrx_word' id='word_1_112' title='bbox 1023 1930 1218 1996; x_wconf 72' lang='lat' dir='ltr'><em>nominaret?</em></span> <span class='ocrx_word' id='word_1_113' title='bbox 1251 1930 1357 2016; x_wconf 88' lang='lat' dir='ltr'><em>ltaque</em></span> 
     </span>
     <span class='ocr_line' id='line_1_13' title="bbox 186 2053 1358 2142; baseline -0.001 -24"><span class='ocrx_word' id='word_1_114' title='bbox 186 2055 293 2131; x_wconf 88' lang='lat' dir='ltr'><em>sentin,</em></span> <span class='ocrx_word' id='word_1_115' title='bbox 320 2055 553 2140; x_wconf 80' lang='lat' dir='ltr'><em>intelligendum</em></span> <span class='ocrx_word' id='word_1_116' title='bbox 578 2054 630 2121; x_wconf 91' lang='lat' dir='ltr'><em>hic</em></span> <span class='ocrx_word' id='word_1_117' title='bbox 652 2075 720 2120; x_wconf 90' lang='lat' dir='ltr'><em>esse</em></span> <span class='ocrx_word' id='word_1_118' title='bbox 738 2056 888 2142; x_wconf 87' lang='lat' dir='ltr'><em>Spiritum</em></span> <span class='ocrx_word' id='word_1_119' title='bbox 913 2057 1076 2132; x_wconf 83' lang='lat' dir='ltr'><em>Sanctum,</em></span> <span class='ocrx_word' id='word_1_120' title='bbox 1104 2054 1157 2142; x_wconf 93' lang='lat' dir='ltr'><em>qui</em></span> <span class='ocrx_word' id='word_1_121' title='bbox 1183 2074 1239 2142; x_wconf 90' lang='lat' dir='ltr'><em>per</em></span> <span class='ocrx_word' id='word_1_122' title='bbox 1264 2053 1358 2119; x_wconf 89' lang='lat' dir='ltr'><em>iuter-</em></span> 
     </span>
     <span class='ocr_line' id='line_1_14' title="bbox 186 2181 1356 2269; baseline 0.001 -25"><span class='ocrx_word' id='word_1_123' title='bbox 186 2199 245 2247; x_wconf 87' lang='lat' dir='ltr'><em>oaur</em></span> <span class='ocrx_word' id='word_1_124' title='bbox 270 2181 504 2269; x_wconf 73' lang='lat' dir='ltr'><em>inspirationem</em></span> <span class='ocrx_word' id='word_1_125' title='bbox 529 2193 580 2246; x_wconf 88' lang='lat' dir='ltr'><em>aut</em></span> <span class='ocrx_word' id='word_1_126' title='bbox 605 2181 736 2246; x_wconf 76' lang='lat' dir='ltr'>mentale</span> <span class='ocrx_word' id='word_1_127' title='bbox 761 2181 908 2260; x_wconf 81' lang='lat' dir='ltr'><em>verbum,</em></span> <span class='ocrx_word' id='word_1_128' title='bbox 928 2194 961 2247; x_wconf 96' lang='lat' dir='ltr'><em>ut</em></span> <span class='ocrx_word' id='word_1_129' title='bbox 985 2182 1063 2247; x_wconf 79' lang='lat' dir='ltr'><em>infra</em></span> <span class='ocrx_word' id='word_1_130' title='bbox 1088 2183 1164 2268; x_wconf 88' lang='lat' dir='ltr'><em>Cap.</em></span> <span class='ocrx_word' id='word_1_131' title='bbox 1191 2181 1270 2246; x_wconf 83' lang='lat' dir='ltr'><em>Xttt</em></span> <span class='ocrx_word' id='word_1_132' title='bbox 1292 2204 1298 2245; x_wconf 95' lang='lat'><strong>:</strong></span> <span class='ocrx_word' id='word_1_133' title='bbox 1318 2182 1356 2258; x_wconf 69' lang='lat'><em>⁹2,</em></span> 
     </span>
     <span class='ocr_line' id='line_1_15' title="bbox 186 2301 1356 2393; baseline 0.002 -28"><span class='ocrx_word' id='word_1_134' title='bbox 186 2313 209 2367; x_wconf 90' lang='lat' dir='ltr'><em>et</em></span> <span class='ocrx_word' id='word_1_135' title='bbox 224 2305 324 2371; x_wconf 88' lang='lat' dir='ltr'><em>XVl:</em></span> <span class='ocrx_word' id='word_1_136' title='bbox 345 2305 384 2382; x_wconf 89' lang='grc'><em>6,</em></span> <span class='ocrx_word' id='word_1_137' title='bbox 403 2306 437 2381; x_wconf 93' lang='grc'><em>7,</em></span> <span class='ocrx_word' id='word_1_138' title='bbox 456 2302 635 2391; x_wconf 81' lang='lat' dir='ltr'><em>Philippum</em></span> <span class='ocrx_word' id='word_1_139' title='bbox 654 2304 778 2370; x_wconf 89' lang='lat' dir='ltr'><em>iusserit</em></span> <span class='ocrx_word' id='word_1_140' title='bbox 796 2316 827 2370; x_wconf 95' lang='lat' dir='ltr'><em>ut</em></span> <span class='ocrx_word' id='word_1_141' title='bbox 846 2305 1026 2382; x_wconf 77' lang='lat' dir='ltr'>accederet,</span> <span class='ocrx_word' id='word_1_142' title='bbox 1045 2325 1141 2393; x_wconf 88' lang='lat' dir='ltr'><em>seque</em></span> <span class='ocrx_word' id='word_1_143' title='bbox 1157 2304 1195 2370; x_wconf 91' lang='lat' dir='ltr'><em>ad</em></span> <span class='ocrx_word' id='word_1_144' title='bbox 1213 2301 1356 2370; x_wconf 83' lang='lat' dir='ltr'><em>Eunuchi</em></span> 
     </span>
     <span class='ocr_line' id='line_1_16' title="bbox 187 2426 512 2513; baseline 0.003 -23"><span class='ocrx_word' id='word_1_145' title='bbox 187 2445 304 2492; x_wconf 81' lang='lat' dir='ltr'><em>currum</em></span> <span class='ocrx_word' id='word_1_146' title='bbox 322 2426 512 2513; x_wconf 79' lang='lat' dir='ltr'><em>adiungeret.</em></span> 
     </span>
    </p>
   </div>
   <div class='ocr_carea' id='block_1_6' title="bbox 152 2668 1357 4238">
    <p class='ocr_par' dir='ltr' id='par_1_6' title="bbox 152 2668 1357 4238">
     <span class='ocr_line' id='line_1_17' title="bbox 223 2668 1357 2762; baseline 0 -29"><span class='ocrx_word' id='word_1_147' title='bbox 223 2671 275 2736; x_wconf 82' lang='lat'><em>50.</em></span> <span class='ocrx_word' id='word_1_148' title='bbox 295 2671 476 2734; x_wconf 74' lang='lat' dir='ltr'><em>Aerior-eos</em></span> <span class='ocrx_word' id='word_1_149' title='bbox 503 2670 634 2756; x_wconf 81' lang='lat' dir='ltr'><em>rtrrlern).</em></span> <span class='ocrx_word' id='word_1_150' title='bbox 662 2672 781 2738; x_wconf 81' lang='lat' dir='ltr'><em>Graece</em></span> <span class='ocrx_word' id='word_1_151' title='bbox 805 2668 1029 2762; x_wconf 72' lang='lat' dir='ltr'><em>apoelpnpnr,</em></span> <span class='ocrx_word' id='word_1_152' title='bbox 1055 2695 1152 2757; x_wconf 86' lang='lat' dir='ltr'><em>qrcnrn</em></span> <span class='ocrx_word' id='word_1_153' title='bbox 1180 2673 1357 2736; x_wconf 80' lang='lat' dir='ltr'><em>accessisset</em></span> 
     </span>
     <span class='ocr_line' id='line_1_18' title="bbox 185 2796 1357 2886; baseline 0.006 -30"><span class='ocrx_word' id='word_1_154' title='bbox 185 2802 234 2860; x_wconf 88' lang='lat' dir='ltr'><em>tam</em></span> <span class='ocrx_word' id='word_1_155' title='bbox 253 2815 367 2882; x_wconf 91' lang='lat' dir='ltr'><em>prope,</em></span> <span class='ocrx_word' id='word_1_156' title='bbox 384 2807 416 2860; x_wconf 89' lang='lat' dir='ltr'><em>ut</em></span> <span class='ocrx_word' id='word_1_157' title='bbox 431 2796 538 2862; x_wconf 86' lang='lat' dir='ltr'><em>audire</em></span> <span class='ocrx_word' id='word_1_158' title='bbox 557 2809 660 2883; x_wconf 86' lang='lat' dir='ltr'><em>posset</em></span> <span class='ocrx_word' id='word_1_159' title='bbox 677 2797 844 2883; x_wconf 83' lang='lat' dir='ltr'><em>legentem,</em></span> <span class='ocrx_word' id='word_1_160' title='bbox 864 2820 900 2863; x_wconf 82' lang='lat' dir='ltr'><em>er</em></span> <span class='ocrx_word' id='word_1_161' title='bbox 919 2799 957 2863; x_wconf 89' lang='lat' dir='ltr'><em>iis</em></span> <span class='ocrx_word' id='word_1_162' title='bbox 975 2819 1053 2886; x_wconf 90' lang='lat' dir='ltr'><em>quae</em></span> <span class='ocrx_word' id='word_1_163' title='bbox 1069 2797 1221 2885; x_wconf 82' lang='lat' dir='ltr'><em>Aethiops</em></span> <span class='ocrx_word' id='word_1_164' title='bbox 1238 2796 1357 2884; x_wconf 80' lang='lat' dir='ltr'><em>legebat</em></span> 
     </span>
     <span class='ocr_line' id='line_1_19' title="bbox 183 2919 1353 3010; baseline 0.008 -33"><span class='ocrx_word' id='word_1_165' title='bbox 183 2919 236 3004; x_wconf 86' lang='lat' dir='ltr'><em>(rs.</em></span> <span class='ocrx_word' id='word_1_166' title='bbox 256 2920 310 2994; x_wconf 68' lang='lat'><em>52)</em></span> <span class='ocrx_word' id='word_1_167' title='bbox 336 2938 408 2983; x_wconf 86' lang='lat' dir='ltr'><em>mox</em></span> <span class='ocrx_word' id='word_1_168' title='bbox 436 2919 603 2997; x_wconf 79' lang='lat' dir='ltr'><em>intellexit,</em></span> <span class='ocrx_word' id='word_1_169' title='bbox 629 2919 743 2986; x_wconf 91' lang='lat' dir='ltr'><em>lihrum</em></span> <span class='ocrx_word' id='word_1_170' title='bbox 768 2923 865 2986; x_wconf 85' lang='lat' dir='ltr'><em>Isaiae</em></span> <span class='ocrx_word' id='word_1_171' title='bbox 889 2921 1063 3010; x_wconf 80' lang='lat' dir='ltr'><em>Prophetae</em></span> <span class='ocrx_word' id='word_1_172' title='bbox 1086 2921 1125 2987; x_wconf 88' lang='lat' dir='ltr'><em>ab</em></span> <span class='ocrx_word' id='word_1_173' title='bbox 1149 2922 1216 3008; x_wconf 91' lang='lat' dir='ltr'><em>ipso</em></span> <span class='ocrx_word' id='word_1_174' title='bbox 1240 2919 1353 2986; x_wconf 89' lang='lat' dir='ltr'><em>evolvi.</em></span> 
     </span>
     <span class='ocr_line' id='line_1_20' title="bbox 182 3039 1353 3134; baseline 0 -28"><span class='ocrx_word' id='word_1_175' title='bbox 182 3041 231 3106; x_wconf 82' lang='lat' dir='ltr'><em>Cui</em></span> <span class='ocrx_word' id='word_1_176' title='bbox 262 3040 428 3129; x_wconf 82' lang='lat' dir='ltr'><em>Philippus</em></span> <span class='ocrx_word' id='word_1_177' title='bbox 448 3064 456 3103; x_wconf 85' lang='lat'>:</span> <span class='ocrx_word' id='word_1_178' title='bbox 476 3039 535 3131; x_wconf 77' lang='lat' dir='ltr'><em>ripn</em></span> <span class='ocrx_word' id='word_1_179' title='bbox 559 3066 591 3131; x_wconf 76' lang='lat' dir='ltr'><em>pe</em></span> <span class='ocrx_word' id='word_1_180' title='bbox 616 3067 790 3131; x_wconf 72' lang='grc' dir='ltr'>γινωσκεις,</span> <span class='ocrx_word' id='word_1_181' title='bbox 819 3045 937 3131; x_wconf 86' lang='lat' dir='ltr'><em>inquit,</em></span> <span class='ocrx_word' id='word_1_182' title='bbox 964 3045 984 3106; x_wconf 79' lang='grc' dir='ltr'>ἁ</span> <span class='ocrx_word' id='word_1_183' title='bbox 1007 3068 1241 3134; x_wconf 68' lang='lat' dir='ltr'><em>ceoperatorem,</em></span> <span class='ocrx_word' id='word_1_184' title='bbox 1266 3042 1298 3109; x_wconf 88' lang='lat' dir='ltr'><em>h.</em></span> <span class='ocrx_word' id='word_1_185' title='bbox 1325 3065 1353 3109; x_wconf 89' lang='lat' dir='ltr'><em>e.</em></span> 
     </span>
     <span class='ocr_line' id='line_1_21' title="bbox 181 3166 1353 3256; baseline 0.007 -30"><span class='ocrx_word' id='word_1_186' title='bbox 181 3166 381 3247; x_wconf 77' lang='lat' dir='ltr'><em>intellipis-ne</em></span> <span class='ocrx_word' id='word_1_187' title='bbox 397 3187 475 3248; x_wconf 83' lang='lat' dir='ltr'><em>qrrne</em></span> <span class='ocrx_word' id='word_1_188' title='bbox 493 3167 593 3246; x_wconf 75' lang='lat' dir='ltr'><em>lepis?</em></span> <span class='ocrx_word' id='word_1_189' title='bbox 609 3167 676 3249; x_wconf 79' lang='lat' dir='ltr'><em>Qua</em></span> <span class='ocrx_word' id='word_1_190' title='bbox 693 3168 931 3253; x_wconf 78' lang='lat' dir='ltr'><em>interrogatione</em></span> <span class='ocrx_word' id='word_1_191' title='bbox 955 3167 1121 3256; x_wconf 89' lang='lat' dir='ltr'><em>Philippus</em></span> <span class='ocrx_word' id='word_1_192' title='bbox 1142 3168 1353 3254; x_wconf 80' lang='lat' dir='ltr'><em>significahat,</em></span> 
     </span>
     <span class='ocr_line' id='line_1_22' title="bbox 179 3290 1355 3382; baseline 0.005 -28"><span class='ocrx_word' id='word_1_193' title='bbox 179 3290 356 3358; x_wconf 85' lang='lat' dir='ltr'><em>obscuriora</em></span> <span class='ocrx_word' id='word_1_194' title='bbox 379 3313 435 3358; x_wconf 92' lang='lat' dir='ltr'><em>nee</em></span> <span class='ocrx_word' id='word_1_195' title='bbox 453 3294 494 3359; x_wconf 90' lang='lat' dir='ltr'><em>ita</em></span> <span class='ocrx_word' id='word_1_196' title='bbox 511 3292 600 3380; x_wconf 89' lang='lat' dir='ltr'><em>plana</em></span> <span class='ocrx_word' id='word_1_197' title='bbox 618 3313 685 3358; x_wconf 88' lang='lat' dir='ltr'><em>esse</em></span> <span class='ocrx_word' id='word_1_198' title='bbox 702 3314 780 3381; x_wconf 90' lang='lat' dir='ltr'><em>quae</em></span> <span class='ocrx_word' id='word_1_199' title='bbox 795 3293 948 3382; x_wconf 85' lang='lat' dir='ltr'><em>Aethiops</em></span> <span class='ocrx_word' id='word_1_200' title='bbox 964 3293 1101 3381; x_wconf 81' lang='lat' dir='ltr'><em>legebat,</em></span> <span class='ocrx_word' id='word_1_201' title='bbox 1121 3314 1243 3382; x_wconf 87' lang='lat' dir='ltr'><em>unaque</em></span> <span class='ocrx_word' id='word_1_202' title='bbox 1261 3315 1293 3359; x_wconf 92' lang='lat' dir='ltr'><em>se</em></span> <span class='ocrx_word' id='word_1_203' title='bbox 1312 3293 1355 3360; x_wconf 87' lang='lat' dir='ltr'><em>ttti</em></span> 
     </span>
     <span class='ocr_line' id='line_1_23' title="bbox 152 3413 1356 3506; baseline 0.001 -29"><span class='ocrx_word' id='word_1_204' title='bbox 152 3494 155 3501; x_wconf 24' lang='grc' dir='ltr'>Ι</span> <span class='ocrx_word' id='word_1_205' title='bbox 179 3413 373 3503; x_wconf 86' lang='lat' dir='ltr'><em>interpretem</em></span> <span class='ocrx_word' id='word_1_206' title='bbox 391 3416 550 3482; x_wconf 84' lang='lat' dir='ltr'><em>olierehat.</em></span> <span class='ocrx_word' id='word_1_207' title='bbox 572 3417 605 3481; x_wconf 93' lang='lat' dir='ltr'><em>ln</em></span> <span class='ocrx_word' id='word_1_208' title='bbox 625 3415 779 3482; x_wconf 91' lang='lat' dir='ltr'><em>locutione</em></span> <span class='ocrx_word' id='word_1_209' title='bbox 797 3441 856 3506; x_wconf 76' lang='lat' dir='ltr'><em>apa</em></span> <span class='ocrx_word' id='word_1_210' title='bbox 878 3441 911 3505; x_wconf 76' lang='lat' dir='ltr'><em>ys</em></span> <span class='ocrx_word' id='word_1_211' title='bbox 931 3440 1089 3506; x_wconf 71' lang='grc' dir='ltr'>γινωσκεις</span> <span class='ocrx_word' id='word_1_212' title='bbox 1106 3418 1125 3478; x_wconf 85' lang='grc' dir='ltr'><strong><em>ἁ</em></strong></span> <span class='ocrx_word' id='word_1_213' title='bbox 1142 3440 1356 3505; x_wconf 72' lang='grc' dir='ltr'>αναγινωσκεις</span> 
     </span>
     <span class='ocr_line' id='line_1_24' title="bbox 177 3537 1350 3626; baseline 0.002 -24"><span class='ocrx_word' id='word_1_214' title='bbox 177 3537 294 3625; x_wconf 83' lang='lat' dir='ltr'><em>elegans</em></span> <span class='ocrx_word' id='word_1_215' title='bbox 321 3539 470 3626; x_wconf 89' lang='lat' dir='ltr'><em>quaedam</em></span> <span class='ocrx_word' id='word_1_216' title='bbox 488 3551 534 3603; x_wconf 91' lang='lat' dir='ltr'><em>est</em></span> <span class='ocrx_word' id='word_1_217' title='bbox 551 3540 785 3616; x_wconf 86' lang='lat' dir='ltr'><em>Parauomasia,</em></span> <span class='ocrx_word' id='word_1_218' title='bbox 808 3540 907 3626; x_wconf 84' lang='lat' dir='ltr'><em>qualis</em></span> <span class='ocrx_word' id='word_1_219' title='bbox 925 3552 970 3606; x_wconf 89' lang='lat' dir='ltr'><em>est</em></span> <span class='ocrx_word' id='word_1_220' title='bbox 987 3541 1076 3606; x_wconf 86' lang='lat' dir='ltr'><em>eliam</em></span> <span class='ocrx_word' id='word_1_221' title='bbox 1094 3542 1115 3605; x_wconf 73' lang='lat' dir='ltr'><em>P</em></span> <span class='ocrx_word' id='word_1_222' title='bbox 1131 3540 1204 3605; x_wconf 86' lang='lat' dir='ltr'><em>Cor.</em></span> <span class='ocrx_word' id='word_1_223' title='bbox 1226 3541 1270 3605; x_wconf 84' lang='lat' dir='ltr'><em>lli</em></span> <span class='ocrx_word' id='word_1_224' title='bbox 1290 3565 1297 3605; x_wconf 96' lang='lat'><strong>:</strong></span> <span class='ocrx_word' id='word_1_225' title='bbox 1318 3541 1350 3607; x_wconf 70' lang='lat'><em>2.</em></span> 
     </span>
     <span class='ocr_line' id='line_1_25' title="bbox 177 3656 1352 3750; baseline 0.002 -26"><span class='ocrx_word' id='word_1_226' title='bbox 177 3697 216 3708; x_wconf 92' lang='lat'><em>-</em></span> <span class='ocrx_word' id='word_1_227' title='bbox 232 3661 385 3727; x_wconf 82' lang='lat' dir='ltr'><em>Particula</em></span> <span class='ocrx_word' id='word_1_228' title='bbox 410 3656 469 3750; x_wconf 71' lang='grc' dir='ltr'><em>ἄρα</em></span> <span class='ocrx_word' id='word_1_229' title='bbox 494 3661 602 3750; x_wconf 71' lang='lat' dir='ltr'><em>(rerem)</em></span> <span class='ocrx_word' id='word_1_230' title='bbox 620 3663 649 3726; x_wconf 90' lang='lat' dir='ltr'><em>iu</em></span> <span class='ocrx_word' id='word_1_231' title='bbox 668 3682 760 3749; x_wconf 90' lang='lat' dir='ltr'><em>prosa</em></span> <span class='ocrx_word' id='word_1_232' title='bbox 777 3663 916 3728; x_wconf 89' lang='lat' dir='ltr'><em>oratione</em></span> <span class='ocrx_word' id='word_1_233' title='bbox 940 3662 981 3729; x_wconf 90' lang='lat' dir='ltr'><em>ihi</em></span> <span class='ocrx_word' id='word_1_234' title='bbox 1007 3663 1071 3728; x_wconf 89' lang='lat' dir='ltr'><em>sere</em></span> <span class='ocrx_word' id='word_1_235' title='bbox 1095 3672 1279 3749; x_wconf 86' lang='lat' dir='ltr'><em>usurpatur,</em></span> <span class='ocrx_word' id='word_1_236' title='bbox 1299 3662 1352 3729; x_wconf 91' lang='lat' dir='ltr'><em>ubi</em></span> 
     </span>
     <span class='ocr_line' id='line_1_26' title="bbox 178 3784 1353 3874; baseline 0.004 -28"><span class='ocrx_word' id='word_1_237' title='bbox 178 3787 333 3872; x_wconf 85' lang='lat' dir='ltr'><em>responsio</em></span> <span class='ocrx_word' id='word_1_238' title='bbox 356 3797 551 3874; x_wconf 86' lang='lat' dir='ltr'><em>exspectatur</em></span> <span class='ocrx_word' id='word_1_239' title='bbox 576 3807 689 3872; x_wconf 79' lang='lat' dir='ltr'><em>negans</em></span> <span class='ocrx_word' id='word_1_240' title='bbox 711 3786 759 3864; x_wconf 88' lang='lat' dir='ltr'><em>id,</em></span> <span class='ocrx_word' id='word_1_241' title='bbox 790 3786 828 3852; x_wconf 87' lang='lat' dir='ltr'><em>de</em></span> <span class='ocrx_word' id='word_1_242' title='bbox 853 3807 914 3874; x_wconf 88' lang='lat' dir='ltr'><em>quo</em></span> <span class='ocrx_word' id='word_1_243' title='bbox 940 3787 997 3853; x_wconf 86' lang='lat' dir='ltr'><em>fuit</em></span> <span class='ocrx_word' id='word_1_244' title='bbox 1021 3788 1252 3873; x_wconf 81' lang='lat' dir='ltr'><em>interrogatum.</em></span> <span class='ocrx_word' id='word_1_245' title='bbox 1271 3784 1353 3852; x_wconf 90' lang='lat' dir='ltr'><em>Vide</em></span> 
     </span>
     <span class='ocr_line' id='line_1_27' title="bbox 177 3908 1349 3999; baseline 0 -25"><span class='ocrx_word' id='word_1_246' title='bbox 177 3908 229 3974; x_wconf 88' lang='lat' dir='ltr'><em>Gr.</em></span> <span class='ocrx_word' id='word_1_247' title='bbox 255 3929 325 3997; x_wconf 82' lang='lat' dir='ltr'><em>pag.</em></span> <span class='ocrx_word' id='word_1_248' title='bbox 358 3912 435 3977; x_wconf 78' lang='grc'><strong>509.</strong></span> <span class='ocrx_word' id='word_1_249' title='bbox 463 3912 584 3975; x_wconf 83' lang='lat' dir='ltr'><em>Adnot.</em></span> <span class='ocrx_word' id='word_1_250' title='bbox 607 3913 640 3976; x_wconf 74' lang='lat' dir='ltr'><em>P.</em></span> <span class='ocrx_word' id='word_1_251' title='bbox 660 3920 689 3974; x_wconf 91' lang='lat' dir='ltr'><em>et</em></span> <span class='ocrx_word' id='word_1_252' title='bbox 712 3911 924 3975; x_wconf 88' lang='lat' dir='ltr'><em>Hermauuum</em></span> <span class='ocrx_word' id='word_1_253' title='bbox 945 3911 983 3975; x_wconf 88' lang='lat' dir='ltr'><em>ad</em></span> <span class='ocrx_word' id='word_1_254' title='bbox 1001 3912 1163 3998; x_wconf 76' lang='lat' dir='ltr'><em>Vigerum,</em></span> <span class='ocrx_word' id='word_1_255' title='bbox 1183 3930 1251 3999; x_wconf 81' lang='lat' dir='ltr'><em>pag.</em></span> <span class='ocrx_word' id='word_1_256' title='bbox 1271 3910 1349 3978; x_wconf 70' lang='lat'>825.</span> 
     </span>
     <span class='ocr_line' id='line_1_28' title="bbox 177 4030 1352 4122; baseline 0.003 -27"><span class='ocrx_word' id='word_1_257' title='bbox 177 4030 326 4099; x_wconf 90' lang='lat' dir='ltr'><em>Particula</em></span> <span class='ocrx_word' id='word_1_258' title='bbox 343 4057 375 4122; x_wconf 73' lang='grc' dir='ltr'><em>γε</em></span> <span class='ocrx_word' id='word_1_259' title='bbox 393 4033 444 4099; x_wconf 90' lang='lat' dir='ltr'><em>hie</em></span> <span class='ocrx_word' id='word_1_260' title='bbox 467 4034 532 4099; x_wconf 87' lang='lat' dir='ltr'><em>fere</em></span> <span class='ocrx_word' id='word_1_261' title='bbox 558 4034 635 4100; x_wconf 91' lang='lat' dir='ltr'><em>valet</em></span> <span class='ocrx_word' id='word_1_262' title='bbox 657 4034 849 4099; x_wconf 89' lang='lat' dir='ltr'><em>Nostratium</em></span> <span class='ocrx_word' id='word_1_263' title='bbox 874 4037 951 4113; x_wconf 86' lang='lat' dir='ltr'><em>wel,</em></span> <span class='ocrx_word' id='word_1_264' title='bbox 970 4034 995 4098; x_wconf 92' lang='lat' dir='ltr'><em>si</em></span> <span class='ocrx_word' id='word_1_265' title='bbox 1014 4033 1114 4100; x_wconf 89' lang='lat' dir='ltr'><em>dicam</em></span> <span class='ocrx_word' id='word_1_266' title='bbox 1133 4054 1140 4094; x_wconf 77' lang='grc' dir='ltr'><strong>ε</strong></span> <span class='ocrx_word' id='word_1_267' title='bbox 1169 4035 1301 4117; x_wconf 72' lang='lat' dir='ltr'><em>heprrj&#39;pt</em></span> <span class='ocrx_word' id='word_1_268' title='bbox 1315 4054 1352 4116; x_wconf 80' lang='lat' dir='ltr'><em>pe</em></span> 
     </span>
     <span class='ocr_line' id='line_1_29' title="bbox 180 4155 481 4238; baseline 0.013 -22"><span class='ocrx_word' id='word_1_269' title='bbox 180 4158 312 4220; x_wconf 78' lang='lat' dir='ltr'><em>waltrat</em></span> <span class='ocrx_word' id='word_1_270' title='bbox 326 4177 363 4238; x_wconf 80' lang='lat' dir='ltr'><em>pe</em></span> <span class='ocrx_word' id='word_1_271' title='bbox 381 4155 481 4220; x_wconf 83' lang='lat' dir='ltr'><em>leest?</em></span> 
     </span>
    </p>
   </div>
   <div class='ocr_carea' id='block_1_7' title="bbox 223 4404 1351 4494">
    <p class='ocr_par' dir='ltr' id='par_1_7' title="bbox 223 4404 1351 4494">
     <span class='ocr_line' id='line_1_30' title="bbox 223 4404 1351 4494; baseline 0.001 -26"><span class='ocrx_word' id='word_1_272' title='bbox 223 4405 276 4469; x_wconf 80' lang='lat' dir='ltr'><em>st.</em></span> <span class='ocrx_word' id='word_1_273' title='bbox 304 4405 439 4490; x_wconf 79' lang='lat' dir='ltr'><em>lugenue</em></span> <span class='ocrx_word' id='word_1_274' title='bbox 463 4405 573 4472; x_wconf 86' lang='lat' dir='ltr'><em>latetur·</em></span> <span class='ocrx_word' id='word_1_275' title='bbox 589 4405 759 4494; x_wconf 84' lang='lat' dir='ltr'><em>Aethiops,</em></span> <span class='ocrx_word' id='word_1_276' title='bbox 778 4426 811 4471; x_wconf 90' lang='lat' dir='ltr'><em>se</em></span> <span class='ocrx_word' id='word_1_277' title='bbox 829 4404 955 4472; x_wconf 90' lang='lat' dir='ltr'><em>minime</em></span> <span class='ocrx_word' id='word_1_278' title='bbox 971 4423 1063 4492; x_wconf 89' lang='lat' dir='ltr'><em>posse</em></span> <span class='ocrx_word' id='word_1_279' title='bbox 1078 4404 1201 4490; x_wconf 85' lang='lat' dir='ltr'><em>assequi</em></span> <span class='ocrx_word' id='word_1_280' title='bbox 1226 4422 1351 4479; x_wconf 89' lang='lat' dir='ltr'><em>sensum</em></span> 
     </span>
    </p>
   </div>
   <div class='ocr_carea' id='block_1_8' title="bbox 0 0 1542 5054">
    <p class='ocr_par' dir='ltr' id='par_1_8' title="bbox 0 0 1542 5054">
     <span class='ocr_line' id='line_1_31' title="bbox 0 0 1542 5054; baseline 0 1"><span class='ocrx_word' id='word_1_281' title='bbox 0 0 1542 5054; x_wconf 95' lang='lat' dir='ltr'><em> </em></span> 
     </span>
    </p>
   </div>
  </div>
 </body>
</html>
