3074 5054
175 384 240 452 408
492 391 496 401 ’
524 384 657 452 ACTUS
695 383 1026 463 APOSTOLORUM,

219 575 288 641 Non
316 575 367 641 alii
393 585 466 642 surrt
488 579 516 638 οἱ
540 592 682 666 αρχοντες
709 579 1001 665 contorpuerant,
1027 574 1082 643 sed
1107 577 1272 662 posteriori
1298 577 1360 645 hoo

175 697 300 765 nomine
326 697 523 787 magistratus
546 698 630 766 illius
657 698 727 766 urbi
755 700 931 767 accuratius
959 700 1168 768 nominantur.
1199 702 1358 770 Nimirum

175 842 338 910 arparayor
370 822 508 900 Graece,
540 831 570 887 et
598 821 704 888 Latine
738 833 904 907 praetcrea
933 822 1143 912 (praemones)
1173 822 1360 892 dicebantur

176 943 346 1026 duumviri,
362 966 456 1035 penes
470 967 548 1036 quos
562 946 593 1013 in
610 946 742 1013 coloniis
759 959 789 1014 et
801 947 981 1036 municipiis
993 968 1113 1015 summa
1125 960 1191 1016 erat
1206 961 1356 1039 potestas.

177 1066 361 1136 Kainoilius
376 1069 415 1137 ad
431 1069 515 1137 hunc
531 1070 634 1138 locum
654 1092 662 1133 z
689 1071 811 1157 «Quod
835 1072 958 1152 attinet,
977 1075 1098 1158 irrqntt,
1117 1073 1155 1142 ad
1171 1073 1360 1142 vocabalum

178 1215 364 1283 eaperecapere,
384 1193 459 1261 illud
476 1194 540 1262 sere
556 1198 630 1261 belli
646 1200 756 1262 dacem
780 1195 905 1263 indicat.
929 1196 990 1265 Sed
1012 1197 1103 1264 sicuti
1129 1218 1241 1265 unomen
1264 1222 1362 1290 στρα-

178 1340 227 1392 τος
250 1318 288 1384 de
310 1321 447 1402 populo,
467 1323 583 1386 cici-aaa
605 1323 813 1386 multitudine
833 1320 915 1408 (vide
935 1319 1157 1410 Spanhemium
1184 1324 1229 1387 De
1249 1345 1311 1389 aare
1332 1336 1363 1390 et

175 1445 376 1525 praestantia
395 1447 644 1528 nrrmiamatam,
669 1445 708 1511 Τ.
737 1444 881 1515 l.‚Diss.
907 1447 942 1523 9,
964 1466 998 1533 p.
1024 1443 1117 1529 697),
1143 1465 1240 1535 acque
1262 1465 1301 1512 aa
1323 1447 1363 1514 da

181 1568 320 1632 exercita
336 1565 554 1648 adhibebatur,
573 1567 613 1633 ita
631 1587 755 1656 quoque
771 1589 938 1657 στρατηγος
951 1578 981 1634 et
996 1570 1171 1633 anilitareaa
1188 1581 1218 1636 et
1234 1573 1363 1636 civilem

179 1693 402 1775 manistrataaa
428 1690 561 1758 natabat.
589 1691 689 1759 Etiam
712 1711 728 1757 a
758 1693 905 1759 Romanis
933 1693 1098 1758 Praetores
1122 1691 1364 1760 nominabantur

181 1835 242 1882 non
267 1814 359 1884 mado
384 1816 404 1882 ii
420 1819 476 1902 qni
500 1819 657 1882 exercitui
671 1819 854 1902 praeibant,
873 1818 947 1882 belli
970 1818 1102 1883 dacer...
1126 1814 1290 1883 sedetiam
1309 1816 1362 1906 qui

182 1942 299 2006 Romae
310 1941 552 2023 jurisdicendi
567 1961 661 2006 aaaron
678 1939 873 2026 magistratus
890 1939 1019 2006 instituti
1037 1951 1135 2006 erant.
1154 1940 1242 2025 eros
1258 1950 1363 2006 autem

183 2062 313 2129 Romani
335 2073 515 2147 praetores,
544 2082 598 2128 eos
622 2062 734 2131 Graeci
757 2085 941 2153 στρατηγους
962 2062 1201 2130 nominabant...
1219 2063 1363 2131 'litulnm

183 2189 350 2253 Praetoria
366 2185 520 2275 imprimis
537 2184 596 2252 sibi
613 2186 687 2252 olim
709 2184 868 2252 vindicare
892 2186 1032 2254 solebant
1047 2189 1212 2252 decemviri
1226 2185 1363 2254 colonici

183 2323 213 2379 et
229 2312 451 2401 municipales,
469 2331 540 2378 cum
558 2309 683 2376 omnino
700 2308 839 2376 coloniae
856 2320 886 2375 et
902 2310 1071 2398 municipia
1087 2331 1208 2378 summa
1223 2312 1363 2379 aemula-

182 2436 266 2503 tione
290 2434 480 2524 reipublioae
509 2436 665 2501 Romanae
687 2431 818 2499 sormam
842 2433 1015 2522 exprimere
1044 2432 1246 2501 studerent...
1277 2434 1363 2501 Hinc

183 2570 212 2626 et
227 2558 382 2626 duumviri
408 2560 527 2627 Graece
544 2555 616 2623 dicti
633 2566 706 2623 sunt
721 2579 902 2648 crparayor,
929 2568 959 2622 et
982 2556 1019 2623 ad
1046 2555 1158 2624 horum
1181 2557 1362 2625 duumviro-

183 2703 252 2750 rum
268 2682 407 2749 'classem
424 2680 657 2771 pertinuerunt,
676 2698 755 2767 quos
772 2678 872 2745 Lucas
889 2678 922 2745 b.
942 2679 963 2744 l.
984 2701 1169 2768 στρατηγους
1187 2682 1320 2747 vocavit.
1343 2709 1356 2738 a

228 2809 363 2876 Versata
378 2805 502 2880 ,addunt
524 2813 719 2870 accusatores
748 2828 755 2870 :
780 2799 910 2867 laudata
942 2804 1144 2895 ὑπαρχοντες,
1171 2825 1240 2871 uam
1265 2807 1363 2873 irrvisa

184 2931 332 3000 Rornanis
348 2940 413 2996 erat
428 2949 502 3016 gens
521 2927 645 2996 ludaioa
662 2926 702 2994 ob
718 2927 861 3015 religiosa
880 2927 1017 2994 instituta
1035 2927 1200 2994 admodum
1218 2927 1361 3008 diversa,

182 3066 275 3144 atque
298 3055 337 3122 ab
361 3053 444 3120 ornni
468 3051 622 3119 idolorum
647 3051 732 3119 cultu
757 3050 867 3118 aliena.
894 3049 1080 3118 ludaeorum
1107 3064 1208 3117 autem
1238 3054 1363 3119 nomina

182 3179 297 3265 passim
326 3189 400 3245 tunc
420 3177 569 3266 temporis
591 3176 683 3242 etiam
706 3173 872 3242 Christiani
896 3174 1097 3242 vocabantur.
1120 3173 1361 3264 Philippenses,

185 3314 218 3371 ut
235 3303 369 3372 diximus
386 3323 481 3392 supra
498 3314 578 3394 (pag.
594 3300 666 3386 ld),
685 3313 772 3368 crant
788 3301 909 3369 colonia
926 3302 1156 3381 Romanorum,
1178 3299 1320 3390 adeoque
1335 3311 1365 3366 et

186 3431 327 3496 Romano
350 3428 418 3495 iure
441 3427 570 3516 legeque
591 3427 744 3494 vivebant.
768 3427 862 3515 Atqui
890 3425 1038 3493 Romanis
1062 3444 1122 3491 non
1144 3423 1256 3491 licebat
1279 3425 1364 3492 Deos

187 3555 307 3633 colere,
331 3553 390 3620 nisi
413 3554 465 3642 qui
490 3553 614 3642 publica
637 3552 817 3619 auctoritato
841 3562 943 3618 essent
968 3549 1138 3617 constituti.
1164 3550 1266 3616 Docet
1286 3553 1366 3618 Ter·

187 3679 332 3747 tullianus
355 3676 450 3766 (apud
471 3677 615 3747 Grotium
636 3675 674 3743 ad
692 3675 724 3742 h.
745 3672 794 3756 1.),
813 3685 900 3740 oetas
921 3677 1079 3740 decretam
1102 3675 1217 3758 faisse,
1236 3695 1277 3738 ne
1296 3678 1367 3759 petio

188 3803 273 3869 Dana
289 3812 542 3884 consecraretur,
562 3803 628 3865 nisi
643 3823 661 3864 a
678 3799 798 3865 Senatu
812 3799 975 3881 probatus.
997 3798 1049 3864 Sic
1065 3796 1192 3864 Servius
1208 3795 1258 3876 (ad
1274 3796 1366 3885 Virg.

118 3960 120 3963 ·
187 3928 266 3993 Aen.
287 3923 363 3993 Vlll
375 3944 382 3987 :
395 3922 470 4004 187)
487 3933 583 4000 notat,
602 3933 728 3988 matrina
744 3923 843 4005 snr‘eae
863 3930 892 3984 et
910 3922 997 4003 apud
1012 3920 1219 3986 Atltenienses
1236 3930 1266 3985 et
1281 3923 1370 4004 apud

185 4051 367 4131 Romanoa,
387 4069 426 4113 ne
441 4050 514 4134 queis
531 4068 629 4113 novata
647 4047 863 4111 introduceret
879 4045 1063 4128 relipioaes.

231 4290 287 4357 Ὦ.
306 4291 351 4354 Et
367 4289 508 4353 coronarit
521 4288 607 4370 plebs
624 4287 774 4350 aduersas
792 4304 861 4359 eos,
880 4290 966 4368 etat
987 4282 1021 4348 ln
1039 4280 1164 4369 publico
1182 4278 1260 4347 haec
1277 4279 1369 4348 fiebat

187 4414 360 4493 accusati03
376 4411 456 4482 hanc
471 4431 545 4499 ergo
561 4431 633 4478 cum
650 4409 786 4477 audisset
802 4406 891 4497 plebs
909 4425 987 4494 quae
1003 4405 1159 4486 adstabat,
1178 4406 1245 4472 terrei
1261 4409 1368 4472 inrar-
