3074 5054
176 369 243 437 iii
513 367 648 437 Aeros
676 365 1011 446 APOSTOLORUM,

177 556 265 624 initio
292 558 447 626 nascentis
471 559 650 640 Ecclesiae,
674 561 746 635 lesu
767 559 884 626 Christi
909 559 1034 626 nomine
1055 557 1246 648 praedicatio
1268 556 1357 624 illus-

178 680 255 752 trior
281 680 386 763 fieret,
415 681 580 772 divinaque
603 694 635 749 et
657 683 808 751 immensa
831 684 898 751 eius
927 693 1063 772 potestas
1089 683 1186 772 magis
1214 681 1353 750 celebra·

177 818 275 876 retur.
294 807 416 877 Deinde
431 827 505 874 vero
522 828 588 875 rem
604 809 728 898 penitus
744 807 995 898 introspicientes
1019 807 1109 875 facile
1126 807 1356 894 intelligemus,

177 930 293 998 nullam
325 951 431 1008 esrum
459 931 594 1020 partium
621 931 653 998 in
687 952 723 998 ea
756 931 855 999 forma
890 930 1080 1010 desiderari,
1110 950 1189 1019 quae
1217 929 1255 996 ab
1287 932 1358 1017 ipso

177 1056 335 1126 Salvatore
368 1059 577 1148 praescriptae
608 1070 691 1128 suut.
722 1059 784 1146 Qui
812 1058 895 1126 enim
929 1060 1032 1126 lesum
1066 1056 1226 1124 Christum
1262 1054 1356 1135 dicit,

177 1178 270 1247 simul
292 1180 386 1248 etiam
408 1182 510 1249 Patris
533 1201 716 1271 personam,
741 1201 803 1271 quo
831 1191 943 1259 unctus
964 1190 1030 1261 est,
1056 1177 1220 1266 siguificat.
1239 1178 1358 1263 Quam·

177 1323 269 1391 quam
294 1304 424 1374 dubium
446 1305 688 1373 fortasseuideri
706 1315 826 1395 potest,
843 1324 881 1371 an
899 1302 1077 1372 huiusmodi
1095 1302 1194 1369 lorma
1209 1299 1356 1390 Apostoli

175 1429 310 1521 aliquem
333 1432 572 1522 baptizaverint,
593 1432 620 1499 si
645 1430 822 1513 Ambrosii,
841 1443 871 1497 et
894 1430 1022 1511 Basilii,
1041 1428 1310 1498 sanctissimorum
1327 1435 1359 1492 et

175 1557 429 1643 gravissimorum
451 1559 593 1648 Patrum,
619 1556 831 1624 auctoritatem
857 1556 945 1644 sequi
971 1555 1132 1635 volumus,
1151 1553 1204 1643 qui
1222 1552 1264 1619 ita
1280 1549 1357 1639 bap-

177 1679 302 1749 tismum
329 1683 364 1746 itt
385 1684 512 1749 cornice
527 1682 604 1748 Iesu
621 1680 741 1747 Christi
755 1680 807 1762 (εις
822 1705 856 1746 ro
872 1703 969 1768 ονομα
987 1681 1078 1755 Ιησου
1094 1679 1242 1771 Χριστου)
1260 1677 1357 1742 inter·

177 1804 286 1892 prelati
301 1815 386 1886 sunt,
403 1815 438 1872 ut
453 1805 587 1873 dixerint
601 1805 641 1873 iis
656 1805 761 1872 verbis
776 1804 943 1893 significari
961 1807 1168 1895 Baptismum,
1186 1823 1247 1871 non
1265 1802 1319 1892 qui
1339 1819 1357 1868 a

177 1927 308 2009 Ioanne,
325 1927 381 1995 sed
403 1929 459 2018 qui
483 1949 501 1996 a
523 1927 648 1996 Christo
672 1929 809 1996 Domino
832 1929 963 1997 traditus
979 1940 1078 2011 esset,
1097 1927 1217 1996 tametsi
1234 1946 1252 1993 a
1269 1945 1358 1992 com·

178 2051 263 2119 muni
289 2062 319 2117 et
342 2051 452 2119 usitata
476 2050 595 2134 lorma,
620 2071 698 2142 quae
722 2051 865 2120 distincta
889 2054 984 2120 trium
1006 2071 1209 2142 personarum
1231 2049 1359 2116 nomina

178 2174 332 2256 conduct,
356 2174 500 2266 Apostoli
527 2197 588 2243 non
616 2176 822 2244 discederent.
852 2205 866 2236 s
895 2179 943 2245 De
971 2188 1136 2267 praecepto
1164 2176 1298 2241 docendi
1329 2183 1359 2239 et

145 2351 147 2355 a
177 2303 362 2386 baptizandi
387 2324 495 2372 omnes
519 2313 625 2387 pectes
653 2306 688 2368 irs
714 2307 841 2369 somine
868 2300 931 2391 (εις
957 2326 991 2367 το
1019 2301 1138 2390 ονομα)
1165 2302 1297 2382 Patris,
1329 2308 1362 2365 et

175 2429 262 2495 Filii
284 2438 315 2492 et
338 2427 486 2512 Spiritus
508 2427 622 2494 Sancti
645 2426 758 2494 dicturi
781 2447 889 2496 sumus
911 2426 950 2494 ad
974 2426 1085 2495 Mattb.
1103 2425 1277 2493 XXVlll:
1303 2424 1357 2490 to.

226 2671 279 2736 ti.
306 2670 394 2735 Turro
414 2670 616 2754 imponebant
637 2689 771 2751 maces,
794 2663 884 2752 etc).
913 2667 1022 2746 Turre,
1047 2666 1070 2730 i.
1098 2685 1127 2733 e.
1153 2674 1224 2752 post
1246 2684 1359 2752 preces

179 2793 248 2860 Deo
264 2792 417 2863 adhibitas
441 2796 660 2877 imponebant,
682 2792 843 2858 επιτεθουν.
862 2793 953 2878 Quae
974 2791 1074 2858 forma
1093 2792 1283 2875 imperfecti
1305 2789 1360 2859 bio

179 2926 347 3005 usurpatur
368 2915 406 2983 de
428 2921 561 3003 repetito
581 2928 651 2993 actu
671 2917 896 3006 impositionis3
915 2936 1027 3015 nempe
1050 2935 1122 3003 erga
1145 2914 1259 2982 multos
1280 2914 1361 3004 bap-

179 3040 287 3112 tizatos
315 3039 395 3111 ,haec
419 3040 595 3130 peragenda
619 3052 698 3109 erat.
727 3041 809 3109 Vide
834 3042 894 3110 Gr.
925 3041 1003 3108 286.
1032 3033 1064 3124 β.
1093 3041 1138 3104 Et
1164 3041 1360 3122 accipiebant

180 3165 340 3251 Spiritum
369 3165 540 3244 Sanctam,
571 3164 605 3234 h.
635 3187 663 3238 e.
694 3166 809 3254 gratiae
842 3164 1062 3244 sanctificantis
1094 3175 1292 3253 augmentum
1318 3167 1361 3232 ed

181 3294 296 3373 robor3
313 3312 391 3381 quae
409 3292 504 3380 gratia
521 3291 552 3358 in
569 3292 767 3360 sacramento
787 3289 1038 3357 Confirmationis
1053 3291 1229 3372 consertur3
1251 3311 1361 3380 quam·

181 3434 258 3502 que,
283 3414 315 3481 in
328 3414 489 3504 ,primitiva
505 3414 630 3504 quidem
646 3414 802 3493 Ecclesia,
821 3414 944 3484 risibile
959 3415 1087 3503 aliquod
1102 3415 1237 3504 Spiritus
1252 3415 1359 3486 Sancti

96 3540 103 3550 ‘
179 3537 336 3613 charisma
352 3537 427 3612 'lere
453 3538 669 3618 comitabatur.
699 3531 784 3627 Lege
804 3538 885 3606 inlra
912 3541 989 3629 Cap.
1015 3541 1095 3608 xlx
1122 3567 1130 3609 ε
1158 3543 1196 3622 d,
1226 3552 1256 3608 et
1281 3562 1360 3631 quae

180 3661 354 3740 putarimus
377 3682 472 3752 supra
493 3662 532 3729 ad
557 3663 633 3751 Gap.
660 3663 690 3730 ll
716 3682 724 3724 ε
748 3665 781 3732 l·
808 3662 903 3751 Atqui
927 3664 1018 3730 etism
1041 3662 1112 3744 bic,
1136 3664 1358 3746 Samaritanis,

182 3784 326 3873 inquam,
341 3805 401 3853 una
425 3805 496 3852 cum
521 3785 573 3852 illa
595 3785 692 3873 gratia
708 3786 799 3852 etiam
814 3786 935 3853 risibile
951 3786 1077 3876 aliquod
1094 3767 1229 3878 Spiritus
1253 3788 1359 3857 Sancti

182 3909 296 3984 donum
325 3910 469 3978 collatum
497 3907 610 3988 luisse,
640 3909 672 3976 id
702 3909 827 3999 quidem
855 3931 893 3978 ex
921 3912 1075 3981 versiculo
1103 3912 1243 4003 sequenti
1274 3924 1360 3980 certo

181 4032 354 4122 colligitur3
381 4032 423 4100 ibi
449 4034 530 4101 enim
555 4032 670 4100 dicitur
692 4033 798 4101 Simon
824 4037 957 4120 vidisse,
977 4036 1061 4124 quod
1077 4036 1217 4126 Apostoli
1236 4034 1359 4105 conier-

183 4166 251 4223 rent
265 4157 416 4246 Spiritum
437 4157 601 4238 Sanctum3
623 4156 706 4246 quod
730 4156 869 4246 prolecto
893 4160 1000 4225 cidere
1025 4181 1085 4227 non
1110 4161 1280 4250 potuisset,
1298 4160 1358 4228 nisi

182 4278 313 4347 visibilis
336 4279 448 4369 aliquis
473 4279 601 4347 effectus
625 4299 691 4346 eam
717 4299 863 4348 manuum
891 4282 1122 4372 impositionem
1149 4282 1259 4350 luisset
1283 4303 1359 4351 con·
1386 4366 1387 4369 Ἴ

182 4413 318 4471 secutus.
337 4404 376 4469 Et
400 4400 453 4470 bic
478 4401 604 4503 quidem
627 4403 755 4472 effectus
780 4404 849 4472 talis
865 4415 950 4488 erat,
968 4417 1003 4474 ut
1017 4406 1124 4474 Simon
1141 4406 1358 4496 praestigiator

183 4525 357 4596 aestimaret
378 4545 396 4592 e
418 4546 452 4593 re
476 4546 532 4594 sua
554 4545 639 4606 esse,
666 4525 745 4594 hane
764 4527 823 4594 sibi
850 4540 1031 4617 potestatem
1054 4532 1229 4620 acquirere.
