<?xml version="1.0" encoding="UTF-8"?>
<!DOCTYPE html PUBLIC "-//W3C//DTD XHTML 1.0 Transitional//EN"
    "http://www.w3.org/TR/xhtml1/DTD/xhtml1-transitional.dtd">
<html xmlns="http://www.w3.org/1999/xhtml" xml:lang="en" lang="en">
 <head>
  <title>
</title>
<meta http-equiv="Content-Type" content="text/html;charset=utf-8" />
  <meta name='ocr-system' content='tesseract 3.04.00' />
  <meta name='ocr-capabilities' content='ocr_page ocr_carea ocr_par ocr_line ocrx_word'/>
</head>
<body>
  <div class='ocr_page' id='page_1' title='image "./commentariusina00beelgoog/commentariusina00beelgoog_0195.png"; bbox 0 0 3074 5054; ppageno 0'>
   <div class='ocr_carea' id='block_1_1' title="bbox 180 380 1013 465">
    <p class='ocr_par' dir='ltr' id='par_1_1' title="bbox 180 380 1013 465">
     <span class='ocr_line' id='line_1_1' title="bbox 180 380 1013 465; baseline -0.001 -14"><span class='ocrx_word' id='word_1_1' title='bbox 180 385 245 451; x_wconf 85' lang='grc'>166</span> <span class='ocrx_word' id='word_1_2' title='bbox 516 380 650 450; x_wconf 79' lang='lat' dir='ltr'>harus</span> <span class='ocrx_word' id='word_1_3' title='bbox 684 382 1013 465; x_wconf 83' lang='lat' dir='ltr'>APOSTOLORUM,</span> 
     </span>
    </p>
   </div>
   <div class='ocr_carea' id='block_1_2' title="bbox 173 569 1348 2147">
    <p class='ocr_par' dir='ltr' id='par_1_2' title="bbox 173 569 1348 2147">
     <span class='ocr_line' id='line_1_2' title="bbox 174 569 1348 663; baseline 0.005 -25"><span class='ocrx_word' id='word_1_4' title='bbox 174 569 372 638; x_wconf 89' lang='lat' dir='ltr'>Patriarchac</span> <span class='ocrx_word' id='word_1_5' title='bbox 394 581 556 653; x_wconf 88' lang='lat' dir='ltr'>vocantur,</span> <span class='ocrx_word' id='word_1_6' title='bbox 575 574 767 638; x_wconf 76' lang='lat' dir='ltr'><em>aemulantes</em></span> <span class='ocrx_word' id='word_1_7' title='bbox 786 573 989 663; x_wconf 80' lang='grc' dir='ltr'>(ζηλωσαντες</span> <span class='ocrx_word' id='word_1_8' title='bbox 1011 577 1102 659; x_wconf 79' lang='lat' dir='ltr'>hor.)</span> <span class='ocrx_word' id='word_1_9' title='bbox 1119 574 1152 643; x_wconf 93' lang='lat' dir='ltr'>h.</span> <span class='ocrx_word' id='word_1_10' title='bbox 1171 597 1200 642; x_wconf 89' lang='lat' dir='ltr'>e.</span> <span class='ocrx_word' id='word_1_11' title='bbox 1218 577 1284 644; x_wconf 89' lang='lat' dir='ltr'>zelo</span> <span class='ocrx_word' id='word_1_12' title='bbox 1300 578 1348 644; x_wconf 89' lang='lat' dir='ltr'>in-</span> 
     </span>
     <span class='ocr_line' id='line_1_3' title="bbox 175 691 1348 788; baseline 0.003 -28"><span class='ocrx_word' id='word_1_13' title='bbox 175 693 294 762; x_wconf 88' lang='lat' dir='ltr'>vidioso</span> <span class='ocrx_word' id='word_1_14' title='bbox 323 693 466 760; x_wconf 88' lang='lat' dir='ltr'>concitati</span> <span class='ocrx_word' id='word_1_15' title='bbox 490 691 549 782; x_wconf 88' lang='lat' dir='ltr'>(cl.</span> <span class='ocrx_word' id='word_1_16' title='bbox 577 695 658 763; x_wconf 88' lang='lat' dir='ltr'>Gen.</span> <span class='ocrx_word' id='word_1_17' title='bbox 682 696 856 784; x_wconf 89' lang='lat' dir='ltr'>XXXIX),</span> <span class='ocrx_word' id='word_1_18' title='bbox 881 698 1048 788; x_wconf 87' lang='lat' dir='ltr'>losepbum</span> <span class='ocrx_word' id='word_1_19' title='bbox 1075 703 1287 766; x_wconf 86' lang='lat' dir='ltr'>uendiderunt</span> <span class='ocrx_word' id='word_1_20' title='bbox 1312 705 1348 765; x_wconf 86' lang='lat' dir='ltr'>in</span> 
     </span>
     <span class='ocr_line' id='line_1_4' title="bbox 174 814 1347 910; baseline 0.002 -26"><span class='ocrx_word' id='word_1_21' title='bbox 174 821 354 904; x_wconf 70' lang='lat' dir='ltr'>aeyyptum</span> <span class='ocrx_word' id='word_1_22' title='bbox 380 814 544 908; x_wconf 77' lang='lat' dir='ltr'>(condoma</span> <span class='ocrx_word' id='word_1_23' title='bbox 572 842 613 894; x_wconf 82' lang='grc' dir='ltr'>εις</span> <span class='ocrx_word' id='word_1_24' title='bbox 640 817 809 910; x_wconf 75' lang='grc' dir='ltr'>Αιγυπτον)</span> <span class='ocrx_word' id='word_1_25' title='bbox 836 825 1061 890; x_wconf 83' lang='lat' dir='ltr'>adducendum.</span> <span class='ocrx_word' id='word_1_26' title='bbox 1098 819 1347 888; x_wconf 74' lang='lat' dir='ltr'>«Arodrdeeiur</span> 
     </span>
     <span class='ocr_line' id='line_1_5' title="bbox 174 940 1348 1034; baseline 0.003 -25"><span class='ocrx_word' id='word_1_27' title='bbox 174 941 330 1022; x_wconf 86' lang='lat' dir='ltr'>Medium,</span> <span class='ocrx_word' id='word_1_28' title='bbox 355 941 456 1030; x_wconf 89' lang='lat' dir='ltr'>inquit</span> <span class='ocrx_word' id='word_1_29' title='bbox 478 940 703 1010; x_wconf 81' lang='lat' dir='ltr'>Valckenarius</span> <span class='ocrx_word' id='word_1_30' title='bbox 727 942 776 1024; x_wconf 89' lang='lat' dir='ltr'>(ad</span> <span class='ocrx_word' id='word_1_31' title='bbox 801 943 833 1011; x_wconf 95' lang='lat' dir='ltr'>h.</span> <span class='ocrx_word' id='word_1_32' title='bbox 859 944 909 1025; x_wconf 85' lang='lat' dir='ltr'>l),</span> <span class='ocrx_word' id='word_1_33' title='bbox 927 947 1009 1034; x_wconf 89' lang='lat' dir='ltr'>apud</span> <span class='ocrx_word' id='word_1_34' title='bbox 1035 947 1153 1014; x_wconf 81' lang='lat' dir='ltr'>Atticos</span> <span class='ocrx_word' id='word_1_35' title='bbox 1181 956 1348 1034; x_wconf 91' lang='lat' dir='ltr'>usurpatur</span> 
     </span>
     <span class='ocr_line' id='line_1_6' title="bbox 174 1031 1347 1155; baseline 0.003 -24"><span class='ocrx_word' id='word_1_36' title='bbox 174 1068 333 1132; x_wconf 83' lang='lat' dir='ltr'>uendendi</span> <span class='ocrx_word' id='word_1_37' title='bbox 347 1031 534 1153; x_wconf 80' lang='lat' dir='ltr'>significalu,</span> <span class='ocrx_word' id='word_1_38' title='bbox 549 1085 718 1155; x_wconf 83' lang='lat' dir='ltr'><strong>numquam</strong></span> <span class='ocrx_word' id='word_1_39' title='bbox 730 1066 874 1134; x_wconf 85' lang='lat' dir='ltr'>Actirum</span> <span class='ocrx_word' id='word_1_40' title='bbox 891 1065 1081 1134; x_wconf 75' lang='lat' dir='ltr'>annitimur.</span> <span class='ocrx_word' id='word_1_41' title='bbox 1096 1068 1230 1155; x_wconf 82' lang='lat' dir='ltr'><strong>Quaevis</strong></span> <span class='ocrx_word' id='word_1_42' title='bbox 1245 1080 1347 1135; x_wconf 90' lang='lat' dir='ltr'>autem</span> 
     </span>
     <span class='ocr_line' id='line_1_7' title="bbox 174 1188 1345 1279; baseline 0.002 -22"><span class='ocrx_word' id='word_1_43' title='bbox 174 1188 288 1271; x_wconf 85' lang='lat' dir='ltr'>rerba,</span> <span class='ocrx_word' id='word_1_44' title='bbox 307 1188 420 1279; x_wconf 93' lang='lat' dir='ltr'>quibus</span> <span class='ocrx_word' id='word_1_45' title='bbox 442 1191 521 1259; x_wconf 90' lang='lat' dir='ltr'>inest</span> <span class='ocrx_word' id='word_1_46' title='bbox 544 1192 701 1258; x_wconf 85' lang='lat' dir='ltr'>uendendi</span> <span class='ocrx_word' id='word_1_47' title='bbox 721 1190 928 1278; x_wconf 82' lang='lat' dir='ltr'>significatus,</span> <span class='ocrx_word' id='word_1_48' title='bbox 947 1213 1008 1261; x_wconf 92' lang='lat' dir='ltr'>non</span> <span class='ocrx_word' id='word_1_49' title='bbox 1024 1193 1063 1260; x_wconf 90' lang='lat' dir='ltr'>ab</span> <span class='ocrx_word' id='word_1_50' title='bbox 1079 1191 1189 1260; x_wconf 82' lang='lat' dir='ltr'>Atticis</span> <span class='ocrx_word' id='word_1_51' title='bbox 1211 1202 1345 1273; x_wconf 87' lang='lat' dir='ltr'>tanturn,</span> 
     </span>
     <span class='ocr_line' id='line_1_8' title="bbox 176 1273 1348 1405; baseline 0.002 -25"><span class='ocrx_word' id='word_1_52' title='bbox 176 1313 230 1381; x_wconf 92' lang='lat' dir='ltr'>sed</span> <span class='ocrx_word' id='word_1_53' title='bbox 246 1334 263 1381; x_wconf 87' lang='lat' dir='ltr'>a</span> <span class='ocrx_word' id='word_1_54' title='bbox 280 1313 441 1402; x_wconf 83' lang='lat' dir='ltr'>quibusvis</span> <span class='ocrx_word' id='word_1_55' title='bbox 458 1314 587 1383; x_wconf 87' lang='lat' dir='ltr'>Graecis</span> <span class='ocrx_word' id='word_1_56' title='bbox 602 1312 775 1394; x_wconf 87' lang='lat' dir='ltr'>veteribus,</span> <span class='ocrx_word' id='word_1_57' title='bbox 790 1314 954 1382; x_wconf 79' lang='lat' dir='ltr'>accedente</span> <span class='ocrx_word' id='word_1_58' title='bbox 976 1273 1208 1405; x_wconf 69' lang='lat' dir='ltr'>Praeprisitione</span> <span class='ocrx_word' id='word_1_59' title='bbox 1224 1338 1280 1393; x_wconf 83' lang='grc' dir='ltr'><strong>εις,</strong></span> <span class='ocrx_word' id='word_1_60' title='bbox 1301 1317 1348 1382; x_wconf 95' lang='lat' dir='ltr'>sic</span> 
     </span>
     <span class='ocr_line' id='line_1_9' title="bbox 173 1432 1346 1529; baseline 0.001 -24"><span class='ocrx_word' id='word_1_61' title='bbox 173 1437 312 1505; x_wconf 88' lang='lat' dir='ltr'>adhibita</span> <span class='ocrx_word' id='word_1_62' title='bbox 334 1436 475 1519; x_wconf 88' lang='lat' dir='ltr'>luerunt,</span> <span class='ocrx_word' id='word_1_63' title='bbox 504 1449 539 1505; x_wconf 94' lang='lat' dir='ltr'>ut</span> <span class='ocrx_word' id='word_1_64' title='bbox 566 1437 618 1504; x_wconf 93' lang='lat' dir='ltr'>hic</span> <span class='ocrx_word' id='word_1_65' title='bbox 646 1432 813 1501; x_wconf 74' lang='grc' dir='ltr'>αποδοσθαι</span> <span class='ocrx_word' id='word_1_66' title='bbox 841 1438 1006 1507; x_wconf 73' lang='lat' dir='ltr'>adhibetur</span> <span class='ocrx_word' id='word_1_67' title='bbox 1032 1440 1150 1520; x_wconf 84' lang='lat' dir='ltr'>Lucae3</span> <span class='ocrx_word' id='word_1_68' title='bbox 1176 1450 1226 1519; x_wconf 90' lang='lat' dir='ltr'>ut,</span> <span class='ocrx_word' id='word_1_69' title='bbox 1251 1461 1346 1529; x_wconf 89' lang='lat' dir='ltr'>quum</span> 
     </span>
     <span class='ocr_line' id='line_1_10' title="bbox 174 1557 1348 1648; baseline 0.001 -19"><span class='ocrx_word' id='word_1_70' title='bbox 174 1561 290 1629; x_wconf 92' lang='lat' dir='ltr'>dicitur</span> <span class='ocrx_word' id='word_1_71' title='bbox 305 1558 416 1624; x_wconf 81' lang='grc' dir='ltr'>πωλειν</span> <span class='ocrx_word' id='word_1_72' title='bbox 432 1583 511 1625; x_wconf 83' lang='lat' dir='ltr'>orror</span> <span class='ocrx_word' id='word_1_73' title='bbox 527 1583 568 1634; x_wconf 82' lang='grc' dir='ltr'>εις</span> <span class='ocrx_word' id='word_1_74' title='bbox 584 1557 724 1638; x_wconf 61' lang='lat' dir='ltr'>leutico,</span> <span class='ocrx_word' id='word_1_75' title='bbox 749 1563 859 1628; x_wconf 85' lang='lat' dir='ltr'>vinum</span> <span class='ocrx_word' id='word_1_76' title='bbox 880 1566 1011 1629; x_wconf 84' lang='lat' dir='ltr'>vendere</span> <span class='ocrx_word' id='word_1_77' title='bbox 1030 1567 1066 1629; x_wconf 86' lang='lat' dir='ltr'>in</span> <span class='ocrx_word' id='word_1_78' title='bbox 1081 1566 1213 1631; x_wconf 88' lang='lat' dir='ltr'>Italiam</span> <span class='ocrx_word' id='word_1_79' title='bbox 1236 1568 1348 1648; x_wconf 83' lang='lat' dir='ltr'>depor-</span> 
     </span>
     <span class='ocr_line' id='line_1_11' title="bbox 177 1683 1346 1777; baseline 0.001 -25"><span class='ocrx_word' id='word_1_80' title='bbox 177 1687 320 1752; x_wconf 84' lang='lat' dir='ltr'>tandum.</span> <span class='ocrx_word' id='word_1_81' title='bbox 339 1713 353 1744; x_wconf 69' lang='grc' dir='ltr'><strong><em>ι</em></strong></span> <span class='ocrx_word' id='word_1_82' title='bbox 375 1684 579 1774; x_wconf 81' lang='lat' dir='ltr'>Prosequitur</span> <span class='ocrx_word' id='word_1_83' title='bbox 594 1683 781 1774; x_wconf 66' lang='lat' dir='ltr'>Stephanus</span> <span class='ocrx_word' id='word_1_84' title='bbox 799 1689 906 1775; x_wconf 87' lang='lat' dir='ltr'>paucis</span> <span class='ocrx_word' id='word_1_85' title='bbox 922 1687 1025 1756; x_wconf 88' lang='lat' dir='ltr'>vorbis</span> <span class='ocrx_word' id='word_1_86' title='bbox 1043 1688 1205 1756; x_wconf 74' lang='lat' dir='ltr'>historiam</span> <span class='ocrx_word' id='word_1_87' title='bbox 1222 1686 1346 1777; x_wconf 87' lang='lat' dir='ltr'>losephi</span> 
     </span>
     <span class='ocr_line' id='line_1_12' title="bbox 177 1810 1347 1901; baseline 0 -24"><span class='ocrx_word' id='word_1_88' title='bbox 177 1829 324 1877; x_wconf 87' lang='lat' dir='ltr'>enarrans</span> <span class='ocrx_word' id='word_1_89' title='bbox 352 1827 361 1871; x_wconf 79' lang='lat' dir='ltr'>t</span> <span class='ocrx_word' id='word_1_90' title='bbox 391 1811 437 1875; x_wconf 88' lang='lat' dir='ltr'>Et</span> <span class='ocrx_word' id='word_1_91' title='bbox 463 1819 532 1874; x_wconf 89' lang='lat' dir='ltr'>erot</span> <span class='ocrx_word' id='word_1_92' title='bbox 558 1810 644 1875; x_wconf 82' lang='lat' dir='ltr'>Deus</span> <span class='ocrx_word' id='word_1_93' title='bbox 671 1830 744 1874; x_wconf 86' lang='lat' dir='ltr'>cum</span> <span class='ocrx_word' id='word_1_94' title='bbox 771 1831 823 1894; x_wconf 86' lang='lat' dir='ltr'>eo,</span> <span class='ocrx_word' id='word_1_95' title='bbox 853 1821 935 1891; x_wconf 91' lang='lat' dir='ltr'>eto.;</span> <span class='ocrx_word' id='word_1_96' title='bbox 966 1833 1027 1901; x_wconf 90' lang='lat' dir='ltr'>qua</span> <span class='ocrx_word' id='word_1_97' title='bbox 1054 1812 1198 1901; x_wconf 89' lang='lat' dir='ltr'>loquendi</span> <span class='ocrx_word' id='word_1_98' title='bbox 1229 1812 1347 1878; x_wconf 90' lang='lat' dir='ltr'>ratione</span> 
     </span>
     <span class='ocr_line' id='line_1_13' title="bbox 177 1932 1345 2024; baseline 0 -22"><span class='ocrx_word' id='word_1_99' title='bbox 177 1933 331 2002; x_wconf 91' lang='lat' dir='ltr'>Hebraica</span> <span class='ocrx_word' id='word_1_100' title='bbox 348 1932 479 2023; x_wconf 90' lang='lat' dir='ltr'>(Genos.</span> <span class='ocrx_word' id='word_1_101' title='bbox 497 1933 642 2000; x_wconf 92' lang='lat' dir='ltr'>XXXlX</span> <span class='ocrx_word' id='word_1_102' title='bbox 662 1958 670 2000; x_wconf 89' lang='lat'><strong>:</strong></span> <span class='ocrx_word' id='word_1_103' title='bbox 688 1935 727 2000; x_wconf 72' lang='lat' dir='ltr'>ll</span> <span class='ocrx_word' id='word_1_104' title='bbox 750 1952 758 1994; x_wconf 77' lang='grc' dir='ltr'><strong><em>ε</em></strong></span> <span class='ocrx_word' id='word_1_105' title='bbox 785 1938 910 2019; x_wconf 47' lang='lat' dir='ltr'>animoa</span> <span class='ocrx_word' id='word_1_106' title='bbox 937 1941 1007 2021; x_wconf 61' lang='lat'>”37¹3</span> <span class='ocrx_word' id='word_1_107' title='bbox 1034 1938 1114 2022; x_wconf 56' lang='lat' dir='ltr'>anza)</span> <span class='ocrx_word' id='word_1_108' title='bbox 1142 1935 1345 2024; x_wconf 81' lang='lat' dir='ltr'>significatur,</span> 
     </span>
     <span class='ocr_line' id='line_1_14' title="bbox 176 2056 993 2147; baseline -0.007 -17"><span class='ocrx_word' id='word_1_109' title='bbox 176 2058 279 2130; x_wconf 86' lang='lat' dir='ltr'>Deum</span> <span class='ocrx_word' id='word_1_110' title='bbox 295 2056 402 2125; x_wconf 87' lang='lat' dir='ltr'>adesse</span> <span class='ocrx_word' id='word_1_111' title='bbox 417 2056 509 2124; x_wconf 93' lang='lat' dir='ltr'>alicui</span> <span class='ocrx_word' id='word_1_112' title='bbox 526 2067 751 2147; x_wconf 89' lang='lat' dir='ltr'>protectorem,</span> <span class='ocrx_word' id='word_1_113' title='bbox 768 2056 993 2124; x_wconf 79' lang='lat' dir='ltr'>auxiliatorem.</span> 
     </span>
    </p>
   </div>
   <div class='ocr_carea' id='block_1_3' title="bbox 174 2301 1349 3759">
    <p class='ocr_par' dir='ltr' id='par_1_3' title="bbox 174 2301 1349 3759">
     <span class='ocr_line' id='line_1_15' title="bbox 224 2301 1347 2392; baseline 0.004 -24"><span class='ocrx_word' id='word_1_114' title='bbox 224 2303 277 2370; x_wconf 88' lang='grc'>10.</span> <span class='ocrx_word' id='word_1_115' title='bbox 296 2303 340 2367; x_wconf 81' lang='lat' dir='ltr'>Et</span> <span class='ocrx_word' id='word_1_116' title='bbox 360 2305 480 2386; x_wconf 81' lang='lat' dir='ltr'>eripuit</span> <span class='ocrx_word' id='word_1_117' title='bbox 499 2323 570 2370; x_wconf 87' lang='lat' dir='ltr'>eum</span> <span class='ocrx_word' id='word_1_118' title='bbox 586 2325 624 2368; x_wconf 85' lang='lat' dir='ltr'>eor</span> <span class='ocrx_word' id='word_1_119' title='bbox 644 2306 789 2370; x_wconf 86' lang='lat' dir='ltr'>omuibus</span> <span class='ocrx_word' id='word_1_120' title='bbox 813 2305 1087 2382; x_wconf 78' lang='lat' dir='ltr'>tribulationibus,</span> <span class='ocrx_word' id='word_1_121' title='bbox 1106 2301 1196 2392; x_wconf 89' lang='lat' dir='ltr'>etc.).</span> <span class='ocrx_word' id='word_1_122' title='bbox 1215 2305 1347 2392; x_wconf 81' lang='lat' dir='ltr'>Legatur</span> 
     </span>
     <span class='ocr_line' id='line_1_16' title="bbox 178 2421 1347 2517; baseline 0.001 -23"><span class='ocrx_word' id='word_1_123' title='bbox 178 2427 336 2494; x_wconf 89' lang='lat' dir='ltr'>Geneseos</span> <span class='ocrx_word' id='word_1_124' title='bbox 352 2438 445 2515; x_wconf 89' lang='lat' dir='ltr'>caput</span> <span class='ocrx_word' id='word_1_125' title='bbox 460 2426 727 2517; x_wconf 82' lang='lat' dir='ltr'>quadragesimum</span> <span class='ocrx_word' id='word_1_126' title='bbox 750 2427 897 2517; x_wconf 87' lang='lat' dir='ltr'>primum.</span> <span class='ocrx_word' id='word_1_127' title='bbox 912 2421 1056 2508; x_wconf 74' lang='grc' dir='ltr'>Εξειλατο</span> <span class='ocrx_word' id='word_1_128' title='bbox 1073 2428 1149 2493; x_wconf 82' lang='lat' dir='ltr'>Aor.</span> <span class='ocrx_word' id='word_1_129' title='bbox 1164 2429 1185 2494; x_wconf 73' lang='lat' dir='ltr'>l</span> <span class='ocrx_word' id='word_1_130' title='bbox 1201 2427 1284 2495; x_wconf 85' lang='lat' dir='ltr'>bled.</span> <span class='ocrx_word' id='word_1_131' title='bbox 1303 2467 1347 2477; x_wconf 91' lang='lat'><em>-</em></span> 
     </span>
     <span class='ocr_line' id='line_1_17' title="bbox 180 2549 1347 2646; baseline -0.001 -26"><span class='ocrx_word' id='word_1_132' title='bbox 180 2552 332 2620; x_wconf 84' lang='lat' dir='ltr'>Gratiam</span> <span class='ocrx_word' id='word_1_133' title='bbox 351 2565 385 2618; x_wconf 87' lang='lat' dir='ltr'>et</span> <span class='ocrx_word' id='word_1_134' title='bbox 402 2556 595 2637; x_wconf 84' lang='lat' dir='ltr'>sapientiam</span> <span class='ocrx_word' id='word_1_135' title='bbox 613 2561 714 2646; x_wconf 77' lang='grc' dir='ltr'>(χαριν</span> <span class='ocrx_word' id='word_1_136' title='bbox 738 2578 788 2616; x_wconf 81' lang='grc' dir='ltr'>και</span> <span class='ocrx_word' id='word_1_137' title='bbox 810 2549 932 2644; x_wconf 65' lang='lat' dir='ltr'>ceurae)</span> <span class='ocrx_word' id='word_1_138' title='bbox 954 2573 1009 2642; x_wconf 89' lang='lat' dir='ltr'>per</span> <span class='ocrx_word' id='word_1_139' title='bbox 1030 2551 1210 2620; x_wconf 88' lang='lat' dir='ltr'>Hendiaden</span> <span class='ocrx_word' id='word_1_140' title='bbox 1230 2552 1347 2620; x_wconf 91' lang='lat' dir='ltr'>dictum</span> 
     </span>
     <span class='ocr_line' id='line_1_18' title="bbox 180 2675 1348 2767; baseline -0.003 -25"><span class='ocrx_word' id='word_1_141' title='bbox 180 2686 254 2764; x_wconf 86' lang='lat' dir='ltr'>puta</span> <span class='ocrx_word' id='word_1_142' title='bbox 282 2696 340 2764; x_wconf 87' lang='lat' dir='ltr'>pro</span> <span class='ocrx_word' id='word_1_143' title='bbox 367 2699 457 2766; x_wconf 80' lang='grc' dir='ltr'>χαριν</span> <span class='ocrx_word' id='word_1_144' title='bbox 487 2701 615 2767; x_wconf 67' lang='lat' dir='ltr'>uentae,</span> <span class='ocrx_word' id='word_1_145' title='bbox 644 2676 737 2765; x_wconf 87' lang='lat' dir='ltr'>idque</span> <span class='ocrx_word' id='word_1_146' title='bbox 763 2676 809 2743; x_wconf 92' lang='lat' dir='ltr'>sic</span> <span class='ocrx_word' id='word_1_147' title='bbox 837 2676 968 2755; x_wconf 90' lang='lat' dir='ltr'>sumito,</span> <span class='ocrx_word' id='word_1_148' title='bbox 993 2686 1027 2741; x_wconf 92' lang='lat' dir='ltr'>ut</span> <span class='ocrx_word' id='word_1_149' title='bbox 1053 2675 1213 2743; x_wconf 90' lang='lat' dir='ltr'>Genitivus</span> <span class='ocrx_word' id='word_1_150' title='bbox 1240 2700 1348 2767; x_wconf 78' lang='grc' dir='ltr'>σοφιας</span> 
     </span>
     <span class='ocr_line' id='line_1_19' title="bbox 179 2798 1349 2888; baseline -0.001 -22"><span class='ocrx_word' id='word_1_151' title='bbox 179 2798 329 2867; x_wconf 86' lang='lat' dir='ltr'>habeatur</span> <span class='ocrx_word' id='word_1_152' title='bbox 345 2820 401 2888; x_wconf 89' lang='lat' dir='ltr'>pro</span> <span class='ocrx_word' id='word_1_153' title='bbox 418 2800 561 2867; x_wconf 89' lang='lat' dir='ltr'>Genitivo</span> <span class='ocrx_word' id='word_1_154' title='bbox 583 2799 735 2880; x_wconf 85' lang='lat' dir='ltr'>Subiecti,</span> <span class='ocrx_word' id='word_1_155' title='bbox 754 2811 784 2867; x_wconf 92' lang='lat' dir='ltr'>et</span> <span class='ocrx_word' id='word_1_156' title='bbox 799 2801 948 2887; x_wconf 82' lang='lat' dir='ltr'>cogitetur</span> <span class='ocrx_word' id='word_1_157' title='bbox 962 2804 1066 2885; x_wconf 84' lang='lat' dir='ltr'>sanor,</span> <span class='ocrx_word' id='word_1_158' title='bbox 1084 2821 1173 2885; x_wconf 86' lang='lat' dir='ltr'>quem</span> <span class='ocrx_word' id='word_1_159' title='bbox 1188 2822 1246 2865; x_wconf 88' lang='lat' dir='ltr'>sua</span> <span class='ocrx_word' id='word_1_160' title='bbox 1262 2803 1349 2867; x_wconf 86' lang='lat' dir='ltr'>Iose-</span> 
     </span>
     <span class='ocr_line' id='line_1_20' title="bbox 174 2907 1347 3014; baseline 0.004 -27"><span class='ocrx_word' id='word_1_161' title='bbox 174 2924 237 3006; x_wconf 84' lang='lat' dir='ltr'>pho</span> <span class='ocrx_word' id='word_1_162' title='bbox 248 2924 413 3007; x_wconf 83' lang='lat' dir='ltr'>praestitit</span> <span class='ocrx_word' id='word_1_163' title='bbox 424 2927 602 3008; x_wconf 78' lang='lat' dir='ltr'>sopientio5</span> <span class='ocrx_word' id='word_1_164' title='bbox 615 2907 649 2991; x_wconf 69' lang='lat' dir='ltr'>u&#39;t</span> <span class='ocrx_word' id='word_1_165' title='bbox 659 2923 736 2992; x_wconf 87' lang='lat' dir='ltr'>adeo</span> <span class='ocrx_word' id='word_1_166' title='bbox 748 2944 858 2992; x_wconf 89' lang='lat' dir='ltr'>sensus</span> <span class='ocrx_word' id='word_1_167' title='bbox 870 2924 911 2990; x_wconf 91' lang='lat' dir='ltr'>sit</span> <span class='ocrx_word' id='word_1_168' title='bbox 925 2948 932 2990; x_wconf 92' lang='lat'><strong>:</strong></span> <span class='ocrx_word' id='word_1_169' title='bbox 948 2923 1049 2991; x_wconf 81' lang='lat' dir='ltr'>effecit</span> <span class='ocrx_word' id='word_1_170' title='bbox 1060 2924 1159 3004; x_wconf 91' lang='lat' dir='ltr'>Deus,</span> <span class='ocrx_word' id='word_1_171' title='bbox 1173 2935 1207 2991; x_wconf 91' lang='lat' dir='ltr'>ut</span> <span class='ocrx_word' id='word_1_172' title='bbox 1218 2925 1347 3014; x_wconf 84' lang='lat' dir='ltr'>loseph,</span> 
     </span>
     <span class='ocr_line' id='line_1_21' title="bbox 176 3045 1349 3136; baseline 0.002 -23"><span class='ocrx_word' id='word_1_173' title='bbox 176 3045 286 3114; x_wconf 88' lang='lat' dir='ltr'>collata</span> <span class='ocrx_word' id='word_1_174' title='bbox 306 3046 350 3112; x_wconf 94' lang='lat' dir='ltr'>illi</span> <span class='ocrx_word' id='word_1_175' title='bbox 374 3047 540 3136; x_wconf 86' lang='lat' dir='ltr'>sapientia,</span> <span class='ocrx_word' id='word_1_176' title='bbox 563 3047 715 3135; x_wconf 83' lang='lat' dir='ltr'>gratiosus</span> <span class='ocrx_word' id='word_1_177' title='bbox 739 3056 820 3114; x_wconf 90' lang='lat' dir='ltr'>esset</span> <span class='ocrx_word' id='word_1_178' title='bbox 834 3046 916 3135; x_wconf 88' lang='lat' dir='ltr'>apud</span> <span class='ocrx_word' id='word_1_179' title='bbox 931 3045 1137 3114; x_wconf 85' lang='lat' dir='ltr'>Pharaonem.</span> <span class='ocrx_word' id='word_1_180' title='bbox 1156 3048 1187 3115; x_wconf 90' lang='lat' dir='ltr'>Si</span> <span class='ocrx_word' id='word_1_181' title='bbox 1206 3059 1349 3136; x_wconf 88' lang='lat' dir='ltr'>transpo-</span> 
     </span>
     <span class='ocr_line' id='line_1_22' title="bbox 178 3168 1348 3263; baseline 0.003 -26"><span class='ocrx_word' id='word_1_182' title='bbox 178 3170 247 3238; x_wconf 86' lang='lat' dir='ltr'>sitis</span> <span class='ocrx_word' id='word_1_183' title='bbox 263 3168 421 3239; x_wconf 87' lang='lat' dir='ltr'>vocabulis</span> <span class='ocrx_word' id='word_1_184' title='bbox 443 3171 594 3261; x_wconf 91' lang='lat' dir='ltr'>scriptum</span> <span class='ocrx_word' id='word_1_185' title='bbox 614 3181 695 3238; x_wconf 89' lang='lat' dir='ltr'>esset</span> <span class='ocrx_word' id='word_1_186' title='bbox 717 3194 825 3263; x_wconf 75' lang='grc' dir='ltr'>σοφιαν</span> <span class='ocrx_word' id='word_1_187' title='bbox 842 3195 893 3234; x_wconf 80' lang='grc' dir='ltr'>και</span> <span class='ocrx_word' id='word_1_188' title='bbox 909 3193 1019 3262; x_wconf 81' lang='grc' dir='ltr'>χαριν,</span> <span class='ocrx_word' id='word_1_189' title='bbox 1038 3171 1216 3239; x_wconf 87' lang='lat' dir='ltr'>Hendiaden</span> <span class='ocrx_word' id='word_1_190' title='bbox 1233 3192 1348 3260; x_wconf 90' lang='lat' dir='ltr'>nequa-</span> 
     </span>
     <span class='ocr_line' id='line_1_23' title="bbox 180 3277 1348 3385; baseline -0.002 -23"><span class='ocrx_word' id='word_1_191' title='bbox 180 3314 272 3385; x_wconf 88' lang='lat' dir='ltr'>quam</span> <span class='ocrx_word' id='word_1_192' title='bbox 290 3293 342 3362; x_wconf 91' lang='lat' dir='ltr'>hic</span> <span class='ocrx_word' id='word_1_193' title='bbox 357 3277 565 3383; x_wconf 81' lang='lat' dir='ltr'>agboscerem.</span> <span class='ocrx_word' id='word_1_194' title='bbox 584 3298 629 3362; x_wconf 83' lang='lat' dir='ltr'>Et</span> <span class='ocrx_word' id='word_1_195' title='bbox 644 3298 806 3362; x_wconf 83' lang='lat' dir='ltr'>coustituit</span> <span class='ocrx_word' id='word_1_196' title='bbox 821 3318 911 3379; x_wconf 90' lang='lat' dir='ltr'>eum,</span> <span class='ocrx_word' id='word_1_197' title='bbox 931 3296 999 3362; x_wconf 90' lang='lat' dir='ltr'>scil.</span> <span class='ocrx_word' id='word_1_198' title='bbox 1018 3293 1150 3361; x_wconf 90' lang='lat' dir='ltr'>Pharao.</span> <span class='ocrx_word' id='word_1_199' title='bbox 1169 3296 1348 3385; x_wconf 71' lang='grc' dir='ltr'><em>Ἡγουμενος</em></span> 
     </span>
     <span class='ocr_line' id='line_1_24' title="bbox 176 3416 1345 3509; baseline 0 -25"><span class='ocrx_word' id='word_1_200' title='bbox 176 3422 354 3504; x_wconf 75' lang='lat' dir='ltr'>praelectus</span> <span class='ocrx_word' id='word_1_201' title='bbox 361 3469 374 3503; x_wconf 85' lang='lat'>,</span> <span class='ocrx_word' id='word_1_202' title='bbox 388 3421 590 3503; x_wconf 65' lang='lat' dir='ltr'>cuderentur,</span> <span class='ocrx_word' id='word_1_203' title='bbox 605 3419 643 3487; x_wconf 90' lang='lat' dir='ltr'>ab</span> <span class='ocrx_word' id='word_1_204' title='bbox 660 3419 805 3509; x_wconf 78' lang='grc' dir='ltr'><em>ἡγεομαι,</em></span> <span class='ocrx_word' id='word_1_205' title='bbox 820 3417 904 3507; x_wconf 88' lang='lat' dir='ltr'>quod</span> <span class='ocrx_word' id='word_1_206' title='bbox 920 3429 967 3485; x_wconf 92' lang='lat' dir='ltr'>est</span> <span class='ocrx_word' id='word_1_207' title='bbox 983 3438 1020 3484; x_wconf 86' lang='lat' dir='ltr'>ex</span> <span class='ocrx_word' id='word_1_208' title='bbox 1036 3417 1134 3484; x_wconf 90' lang='lat' dir='ltr'>classe</span> <span class='ocrx_word' id='word_1_209' title='bbox 1150 3416 1345 3495; x_wconf 88' lang='lat' dir='ltr'>Verborum,</span> 
     </span>
     <span class='ocr_line' id='line_1_25' title="bbox 179 3543 1345 3635; baseline 0 -24"><span class='ocrx_word' id='word_1_210' title='bbox 179 3563 258 3633; x_wconf 87' lang='lat' dir='ltr'>quae</span> <span class='ocrx_word' id='word_1_211' title='bbox 273 3556 422 3612; x_wconf 87' lang='lat' dir='ltr'>rorantur</span> <span class='ocrx_word' id='word_1_212' title='bbox 437 3547 635 3629; x_wconf 84' lang='lat' dir='ltr'>Deponentio</span> <span class='ocrx_word' id='word_1_213' title='bbox 650 3547 779 3625; x_wconf 87' lang='lat' dir='ltr'>Medic,</span> <span class='ocrx_word' id='word_1_214' title='bbox 798 3545 836 3613; x_wconf 90' lang='lat' dir='ltr'>de</span> <span class='ocrx_word' id='word_1_215' title='bbox 852 3544 966 3635; x_wconf 89' lang='lat' dir='ltr'>quibus</span> <span class='ocrx_word' id='word_1_216' title='bbox 993 3543 1107 3611; x_wconf 82' lang='lat' dir='ltr'>videsis</span> <span class='ocrx_word' id='word_1_217' title='bbox 1122 3544 1177 3610; x_wconf 90' lang='lat' dir='ltr'>Gr.</span> <span class='ocrx_word' id='word_1_218' title='bbox 1196 3543 1215 3631; x_wconf 67' lang='lat' dir='ltr'>S</span> <span class='ocrx_word' id='word_1_219' title='bbox 1231 3547 1292 3625; x_wconf 81' lang='grc'>59,</span> <span class='ocrx_word' id='word_1_220' title='bbox 1311 3548 1345 3624; x_wconf 90' lang='grc'>7,</span> 
     </span>
     <span class='ocr_line' id='line_1_26' title="bbox 180 3667 1304 3759; baseline 0.003 -23"><span class='ocrx_word' id='word_1_221' title='bbox 180 3679 209 3736; x_wconf 92' lang='lat' dir='ltr'>et</span> <span class='ocrx_word' id='word_1_222' title='bbox 225 3667 426 3750; x_wconf 90' lang='lat' dir='ltr'>Kuhncrum,</span> <span class='ocrx_word' id='word_1_223' title='bbox 447 3670 559 3759; x_wconf 68' lang='lat' dir='ltr'>Sidi.</span> <span class='ocrx_word' id='word_1_224' title='bbox 1303 3683 1304 3688; x_wconf 76' lang='grc'>’</span> 
     </span>
    </p>
   </div>
   <div class='ocr_carea' id='block_1_4' title="bbox 173 3905 1349 4493">
    <p class='ocr_par' dir='ltr' id='par_1_4' title="bbox 173 3905 1349 4493">
     <span class='ocr_line' id='line_1_27' title="bbox 224 3905 1349 3997; baseline -0.001 -21"><span class='ocrx_word' id='word_1_225' title='bbox 224 3908 510 3977; x_wconf 60' lang='lat' dir='ltr'>irasciturum</span> <span class='ocrx_word' id='word_1_226' title='bbox 538 3908 590 3975; x_wconf 92' lang='lat' dir='ltr'>illa</span> <span class='ocrx_word' id='word_1_227' title='bbox 617 3909 745 3997; x_wconf 87' lang='lat' dir='ltr'>penuria</span> <span class='ocrx_word' id='word_1_228' title='bbox 773 3906 930 3976; x_wconf 88' lang='lat' dir='ltr'>oriebatur</span> <span class='ocrx_word' id='word_1_229' title='bbox 953 3906 1048 3994; x_wconf 74' lang='grc' dir='ltr'>Θλιψις</span> <span class='ocrx_word' id='word_1_230' title='bbox 1077 3905 1213 3995; x_wconf 64' lang='lat' dir='ltr'>onycha,</span> <span class='ocrx_word' id='word_1_231' title='bbox 1241 3913 1349 3992; x_wconf 75' lang='lat' dir='ltr'>qrovis</span> 
     </span>
     <span class='ocr_line' id='line_1_28' title="bbox 177 4029 1347 4122; baseline 0 -24"><span class='ocrx_word' id='word_1_232' title='bbox 177 4031 334 4116; x_wconf 80' lang='lat' dir='ltr'>afflictio,-</span> <span class='ocrx_word' id='word_1_233' title='bbox 355 4053 454 4122; x_wconf 90' lang='lat' dir='ltr'>neque</span> <span class='ocrx_word' id='word_1_234' title='bbox 477 4032 688 4114; x_wconf 86' lang='lat' dir='ltr'>inveniebant,</span> <span class='ocrx_word' id='word_1_235' title='bbox 713 4033 831 4122; x_wconf 92' lang='lat' dir='ltr'>inquit,</span> <span class='ocrx_word' id='word_1_236' title='bbox 857 4041 960 4120; x_wconf 84' lang='lat' dir='ltr'>patres</span> <span class='ocrx_word' id='word_1_237' title='bbox 980 4030 1076 4097; x_wconf 92' lang='lat' dir='ltr'>nostri</span> <span class='ocrx_word' id='word_1_238' title='bbox 1101 4029 1184 4119; x_wconf 90' lang='lat' dir='ltr'>quod</span> <span class='ocrx_word' id='word_1_239' title='bbox 1207 4030 1347 4098; x_wconf 90' lang='lat' dir='ltr'>ederent.</span> 
     </span>
     <span class='ocr_line' id='line_1_29' title="bbox 177 4151 1348 4244; baseline 0.003 -25"><span class='ocrx_word' id='word_1_240' title='bbox 177 4155 350 4244; x_wconf 79' lang='grc' dir='ltr'>Χορτασμα</span> <span class='ocrx_word' id='word_1_241' title='bbox 372 4176 391 4224; x_wconf 91' lang='lat' dir='ltr'>a</span> <span class='ocrx_word' id='word_1_242' title='bbox 413 4156 541 4224; x_wconf 86' lang='lat' dir='ltr'>Graecis</span> <span class='ocrx_word' id='word_1_243' title='bbox 569 4155 632 4222; x_wconf 86' lang='lat' dir='ltr'>lere</span> <span class='ocrx_word' id='word_1_244' title='bbox 656 4175 715 4223; x_wconf 93' lang='lat' dir='ltr'>non</span> <span class='ocrx_word' id='word_1_245' title='bbox 744 4154 903 4222; x_wconf 89' lang='lat' dir='ltr'>dicebatur</span> <span class='ocrx_word' id='word_1_246' title='bbox 924 4151 1016 4242; x_wconf 91' lang='lat' dir='ltr'>(Vid.</span> <span class='ocrx_word' id='word_1_247' title='bbox 1041 4152 1281 4221; x_wconf 88' lang='lat' dir='ltr'>Valckenarium</span> <span class='ocrx_word' id='word_1_248' title='bbox 1308 4154 1348 4222; x_wconf 91' lang='lat' dir='ltr'>ad</span> 
     </span>
     <span class='ocr_line' id='line_1_30' title="bbox 177 4276 1348 4369; baseline -0.003 -23"><span class='ocrx_word' id='word_1_249' title='bbox 177 4278 210 4346; x_wconf 91' lang='lat' dir='ltr'>h.</span> <span class='ocrx_word' id='word_1_250' title='bbox 238 4280 274 4361; x_wconf 83' lang='lat' dir='ltr'>l.)</span> <span class='ocrx_word' id='word_1_251' title='bbox 290 4281 349 4348; x_wconf 92' lang='lat' dir='ltr'>nisi</span> <span class='ocrx_word' id='word_1_252' title='bbox 373 4281 411 4349; x_wconf 89' lang='lat' dir='ltr'>de</span> <span class='ocrx_word' id='word_1_253' title='bbox 425 4283 540 4367; x_wconf 81' lang='lat' dir='ltr'>pabulo</span> <span class='ocrx_word' id='word_1_254' title='bbox 560 4284 793 4362; x_wconf 87' lang='lat' dir='ltr'>iumentorum,</span> <span class='ocrx_word' id='word_1_255' title='bbox 812 4291 841 4346; x_wconf 88' lang='lat' dir='ltr'>et</span> <span class='ocrx_word' id='word_1_256' title='bbox 855 4281 1012 4369; x_wconf 79' lang='grc' dir='ltr'>χορταζειν</span> <span class='ocrx_word' id='word_1_257' title='bbox 1035 4276 1072 4344; x_wconf 90' lang='lat' dir='ltr'>de</span> <span class='ocrx_word' id='word_1_258' title='bbox 1086 4280 1240 4362; x_wconf 83' lang='lat' dir='ltr'>poscendo</span> <span class='ocrx_word' id='word_1_259' title='bbox 1253 4298 1348 4362; x_wconf 82' lang='lat' dir='ltr'>pecus</span> 
     </span>
     <span class='ocr_line' id='line_1_31' title="bbox 173 4399 1348 4493; baseline -0.003 -23"><span class='ocrx_word' id='word_1_260' title='bbox 173 4403 310 4492; x_wconf 73' lang='lat' dir='ltr'>pobnl05</span> <span class='ocrx_word' id='word_1_261' title='bbox 329 4403 384 4474; x_wconf 90' lang='lat' dir='ltr'>sed</span> <span class='ocrx_word' id='word_1_262' title='bbox 407 4404 438 4474; x_wconf 89' lang='lat' dir='ltr'>in</span> <span class='ocrx_word' id='word_1_263' title='bbox 462 4425 541 4473; x_wconf 87' lang='lat' dir='ltr'>noro</span> <span class='ocrx_word' id='word_1_264' title='bbox 562 4406 758 4475; x_wconf 87' lang='lat' dir='ltr'>Testamenta</span> <span class='ocrx_word' id='word_1_265' title='bbox 782 4405 907 4473; x_wconf 91' lang='lat' dir='ltr'>Graeco</span> <span class='ocrx_word' id='word_1_266' title='bbox 924 4403 1080 4493; x_wconf 77' lang='grc' dir='ltr'>χορταζειν</span> <span class='ocrx_word' id='word_1_267' title='bbox 1103 4400 1284 4490; x_wconf 87' lang='lat' dir='ltr'>saepissime</span> <span class='ocrx_word' id='word_1_268' title='bbox 1300 4399 1348 4467; x_wconf 92' lang='lat' dir='ltr'>di·</span> 
     </span>
    </p>
   </div>
   <div class='ocr_carea' id='block_1_5' title="bbox 0 0 1547 5054">
    <p class='ocr_par' dir='ltr' id='par_1_5' title="bbox 0 0 1547 5054">
     <span class='ocr_line' id='line_1_32' title="bbox 0 0 1547 5054; baseline 0 0"><span class='ocrx_word' id='word_1_269' title='bbox 0 0 1547 5054; x_wconf 95' lang='lat' dir='ltr'> </span> 
     </span>
    </p>
   </div>
  </div>
 </body>
</html>
