3074 5054
193 380 259 448 530
549 386 683 454 turus
720 387 1033 457 arosuouultutt
1045 441 1053 471 ,

191 580 242 640 iut‘
256 572 296 641 de
311 576 561 657 conspirationem
578 574 689 643 Suidets
709 599 717 642 :
736 577 907 669 Συστροφη·
926 580 944 652 ἡ
961 584 1100 664 ὁμονοια,
1118 604 1171 642 και
1186 581 1205 653 ἡ
1222 605 1272 644 eni
1288 608 1376 670 κακῳ

190 721 367 790 cuppane.
389 702 491 788 Atque
507 697 568 767 hoc
584 720 676 768 sensu
694 721 729 767 ea
746 722 806 768 vox
831 701 882 769 hic
905 702 1056 770 sumenda
1081 715 1144 783 est,
1176 725 1272 794 qurrrn
1304 727 1377 776 mox

188 820 252 912 (vs,
274 822 331 909 15)
354 821 404 889 illa
428 845 584 914 cocrpepn
608 834 735 891 uocetur
751 848 946 911 συνωμοσια.
963 864 1006 876 -
1023 827 1215 914 Αναθηματα
1233 828 1284 909 (ab
1302 855 1379 895 ανα-

187 945 337 1033 τιθεσθαι)
353 955 370 1014 a
386 949 517 1016 Graecis
540 947 723 1016 dicebantur
738 953 895 1034 denario,
916 962 949 1018 ut
965 961 1058 1040 puta,
1077 952 1199 1042 clypei,
1226 953 1375 1043 phialae,

187 1075 259 1155 alia,
273 1075 344 1141 Diis
357 1085 550 1155 consecrata,
564 1085 656 1163 atque
668 1095 686 1142 e
699 1075 804 1165 tempii
819 1076 988 1165 parietibus
1005 1097 1169 1165 suspensa,
1184 1089 1238 1146 aut
1253 1080 1374 1149 ibidem

113 1183 116 1188 ’
188 1200 219 1266 in
237 1198 319 1267 edito
335 1200 440 1289 aliquo
457 1211 487 1267 et
502 1200 672 1289 conspicuo
697 1200 765 1267 ioco
790 1200 962 1282 collocata3
989 1212 1081 1291 atque
1106 1202 1167 1270 hoc
1190 1223 1286 1272 sensu
1312 1227 1376 1273 vox

187 1325 329 1411 αναθημα
345 1325 376 1391 in
394 1323 482 1392 libris
505 1325 604 1392 saeris
623 1324 702 1391 Nori
725 1325 913 1392 Testamenti
936 1346 998 1392 non
1016 1327 1154 1393 occurrit
1172 1328 1232 1394 nisi
1252 1338 1372 1398 tantum

186 1449 288 1516 Lucae
304 1450 380 1538 Cap.
400 1449 479 1516 ΧΧΙ
499 1473 507 1515 2
528 1451 561 1528 5,
581 1448 631 1516 ubi
649 1447 788 1516 adhibita
804 1461 851 1517 est
866 1448 905 1516 de
921 1454 1069 1517 donariis
1087 1455 1198 1536 tempti
1213 1453 1376 1520 Hieroso-

186 1573 347 1657 lymiiani.
366 1573 437 1641 Vox
461 1573 604 1659 nundnpto.
629 1572 698 1641 sudi
712 1571 810 1639 forma
837 1574 1036 1642 Hellenistica
1060 1575 1190 1642 sonabat
1213 1577 1369 1664 αναθεμα.

185 1696 271 1764 llaec
286 1716 344 1764 vox
361 1697 497 1783 αναθεμα
515 1697 545 1763 in
569 1695 618 1763 his
640 1694 729 1763 libris
748 1696 840 1786 pauid
863 1695 1057 1786 frequentius
1080 1697 1234 1778 occurrit,
1260 1699 1371 1767 verium

183 1819 407 1909 significatione
435 1819 524 1908 longe
551 1819 692 1900 diuersa3
723 1841 793 1888 nenr
819 1821 985 1911 respondet
1008 1823 1077 1889 voci
1102 1821 1267 1889 Hebraicee
1284 1837 1370 1907 opp,

183 1943 235 2011 ubi
265 1943 418 2032 signifieat
445 1947 640 2011 devotionem
665 1967 818 2029 personae
847 1944 895 2011 ve'l
918 1948 970 2010 rei
994 1948 1036 2011 cd
1062 1948 1211 2012 exitium.
1238 1947 1266 2013 Α
1292 1966 1370 2015 voce

183 2069 320 2155 αναθεμα
348 2068 475 2136 verbum
504 2069 775 2136 Denominativutn
806 2070 1033 2155 αναθεματιζειν
1058 2064 1163 2131 {coreo
1191 2078 1277 2134 notat
1306 2066 1368 2136 hoo

183 2198 251 2266 loeo
273 2201 421 2264 devovere
440 2219 472 2263 se
493 2201 612 2281 ceriti05
637 2208 710 2286 puta
732 2195 848 2263 dixisse
877 2196 950 2262 istos
972 2222 978 2262 :
1000 2198 1083 2261 Dens
1106 2216 1162 2260 nos
1180 2196 1315 2279 perdet,
1338 2197 1369 2261 si

183 2324 262 2408 qnid
285 2323 500 2405 comedamus,
525 2333 585 2389 eto.
609 2319 713 2410 Aspero
738 2319 790 2386 hie
811 2319 925 2387 dicitur
941 2319 979 2387 de
995 2321 1177 2404 spondendo
1185 2369 1196 2400 ,
1222 2337 1321 2406 quare
1337 2329 1368 2385 et

181 2445 373 2513 construitur
395 2464 467 2511 cunr
489 2443 654 2511 infinitivis
679 2443 807 2510 doristi.
832 2442 914 2511 Vide
935 2445 992 2510 Gr.
1013 2462 1082 2530 pag.
1103 2443 1182 2509 562.
1200 2465 1231 2530 p.
1247 2478 1293 2488 -
1317 2441 1366 2506 De

179 2568 335 2638 locutione
362 2568 482 2644 πλειους
509 2583 738 2658 τεσσάρακοντα
767 2566 836 2633 vide
864 2586 956 2654 supra
986 2566 1024 2633 ad
1052 2564 1364 2655 Gap.1V:22.-

181 2694 230 2761 De
246 2716 458 2771 αποκτεινωσι,
479 2693 510 2760 in
528 2692 748 2774 Coniunctivo,
768 2689 882 2757 videsis
898 2692 956 2759 Gr.
977 2710 1046 2779 pag.
1066 2689 1143 2757 328.

229 2940 282 3005 id.
311 2937 375 3016 Qui
390 2947 586 3004 accesserunt
603 2941 645 3002 od
659 2938 824 3021 principes
841 2940 1042 3002 secerdotum
1059 2948 1087 3002 et
1104 2940 1254 3021 seniores,
1274 2938 1362 3014 etc).

180 3060 340 3128 Coniurati
364 3061 407 3127 itti
429 3060 572 3127 adierunt
593 3063 769 3126 secerdotes
792 3063 957 3145 principes
980 3073 1010 3127 et
1031 3064 1191 3144 seniores,
1217 3060 1363 3148 Synedrii

180 3205 354 3254 assessores
371 3182 453 3266 (vide
465 3183 504 3251 ad
517 3185 592 3274 Cap.
609 3186 654 3254 lV
671 3211 678 3253 :
696 3184 745 3272 ii),
760 3206 821 3252 non
839 3205 960 3264 omnes,
977 3183 1031 3251 sed
1048 3205 1101 3252 eos
1118 3205 1198 3273 quos
1214 3197 1364 3254 noverant

181 3311 278 3379 Paulo
294 3311 445 3392 iniensoS,
464 3321 536 3399 puta
553 3330 727 3378 assessores
745 3309 953 3378 Sadducaeos.
974 3311 1031 3377 His
1048 3312 1273 3380 coniurationis
1289 3333 1363 3382 suae

178 3454 324 3503 arcanum
342 3434 565 3525 patefecerunt,
583 3435 644 3502 una
660 3434 698 3501 ab
716 3433 765 3501 his
782 3445 938 3524 petentes,
964 3445 1110 3501 curarent
1126 3445 1159 3502 ut
1175 3436 1293 3504 Paulus
1311 3434 1362 3503 de·

181 3579 242 3626 nuo
259 3578 297 3625 ex
314 3577 386 3625 aroc
402 3557 536 3625 Antonia
552 3557 591 3625 ad
614 3556 802 3645 Synedriurn
824 3556 1043 3638 deduceretur,
1068 3578 1130 3646 quo
1153 3558 1213 3646 ipsi
1238 3559 1361 3628 nancis-

179 3692 324 3751 cerentur
341 3680 602 3772 opportunitatem
624 3679 711 3748 ilium
736 3677 925 3746 occidendi:
947 3682 1136 3765 devotione,
1156 3681 1356 3770 inquiebant,

178 3811 360 3874 devovimus
375 3785 570 3895 (coenan
601 3799 892 3891 ανεθεματισαμεν),
914 3804 933 3870 ἰ.
955 3825 983 3871 e.
1003 3805 1186 3892 gravissima
1214 3827 1359 3875 exsecra·

177 3932 260 3998 tione
273 3931 452 4023 devovimus
466 3952 521 3997 nos
535 3934 618 4017 ipsos
631 3925 795 4014 (ἑαυτους),
804 3939 839 3994 nt
851 3930 934 3994 nihil
945 3942 1144 4013 pustarernns
1156 3930 1355 4019 (pensandae,

176 4056 351 4124 infinitivus
370 4057 464 4144 finis)
486 4057 581 4122 donec
608 4054 744 4120 Panium
765 4054 956 4118 occidamus.
977 4053 1073 4120 Nunc
1094 4056 1209 4137 ipitnr,
1229 4066 1263 4122 ut
1286 4075 1356 4145 pro-

176 4180 311 4271 positum
330 4191 468 4246 nostrum
487 4177 615 4267 exsequi
634 4176 803 4267 possimus,
817 4197 870 4242 vos
882 4178 949 4242 und
961 4197 1033 4242 cnm
1049 4178 1187 4262 reliquis
1200 4176 1357 4261 Spnedrii

174 4302 383 4369 assessoribus
396 4302 491 4391 (ὑμεις
504 4323 559 4366 συν
571 4325 614 4388 τῳ
627 4295 791 4391 Συνεδριῳ)
804 4301 984 4385 sipnip‘ieate
1000 4302 1028 4366 T
1028 4302 1153 4384 ridnno,
1164 4312 1201 4367 nt
1214 4302 1353 4368 Pnnlnrn

174 4424 229 4515 (ex
245 4444 316 4492 arce
333 4425 483 4507 Antonia)
500 4427 633 4493 dedinent
649 4427 691 4490 ed
706 4445 758 4491 eos
774 4423 827 4505 (ed
843 4425 990 4492 conclave
1006 4424 1172 4514 Synedrii)
1193 4436 1353 4513 tamqnam
