3074 5054
143 141 207 207 tito
506 140 638 208 ACTUS
674 144 1008 226 APOSTOLORUM,

142 332 293 413 temptum
308 331 431 413 odibat,
447 341 493 412 et,
512 331 654 400 adductis
672 332 782 402 hostiis
799 355 856 423 pro
874 336 1027 404 solutione
1041 337 1102 403 voti
1121 337 1329 426 praescriptis

139 452 285 542 (Numer.
307 455 350 523 Vi
368 476 375 516 τ
397 456 555 539 15-16),
571 460 779 541 expletionem
794 461 921 524 dierum
936 460 1151 527 Nazirueateta
1167 457 1330 528 sociorum

142 596 272 645 suornm
300 577 365 665 (την
393 576 582 667 εκπληρωσιν
608 601 668 642 των
695 581 814 670 upapam
842 605 895 645 rou
920 580 1084 668 dyeacpou)
1110 580 1331 650 sacerdotibus

140 703 356 766 annunciabat
379 697 602 791 (diuyyetiue),
627 702 720 791 idque
741 702 873 770 iaciebat
893 726 990 789 nsque
1013 727 1074 790 quo
1094 702 1164 794 (ἕως
1189 695 1241 794 οὗ)
1267 725 1331 790 pro

144 845 329 909 notoquopue
346 846 454 889 eorum
471 827 664 907 sacrificium
681 825 709 911 (i
727 848 886 916 apeapopu
911 826 980 893 scii.
1000 827 1118 895 aMose
1136 827 1330 918 praescripta

145 946 275 1014 Numer.
295 948 340 1015 Vl
361 973 369 1013 τ
391 950 531 1034 ta-nt)
548 950 660 1031 fuisset
677 950 827 1014 oblatum.

191 1069 368 1160 Ἁγνισθεις,
387 1094 457 1138 crem
479 1094 512 1136 se
536 1073 732 1140 Naziraeuna
754 1076 897 1159 fecisset,
919 1077 995 1141 Aor.
1021 1073 1141 1140 Passim
1169 1074 1330 1162 signitica-

147 1194 229 1261 tione
247 1194 410 1275 reiiexiva,
424 1206 458 1262 ut
474 1215 568 1283 supra
593 1215 640 1261 νε.
661 1198 715 1263 ii.
732 1234 776 1244 —
789 1196 848 1258 Συν
866 1218 968 1269 aaron
985 1195 1174 1283 iungendum
1191 1207 1238 1264 est
1256 1218 1330 1265 eum

146 1317 310 1406 ἁγνισθεις,
325 1328 359 1383 ut
382 1326 464 1406 patet
488 1338 527 1383 eu
550 1339 597 1384 νε.
620 1320 676 1385 nt.
696 1357 740 1367 -
756 1315 935 1407 Aiuyyeitiu
958 1316 996 1384 de
1020 1323 1248 1387 annunciando
1269 1342 1330 1404 per

142 1443 281 1526 aliquem
297 1440 415 1508 dietum
439 1443 549 1529 iegitur
566 1441 649 1530 apud
672 1442 791 1510 Herod.
814 1443 842 1509 ii
863 1465 869 1500 =
890 1445 927 1520 6,
947 1444 986 1522 9,
1001 1453 1031 1509 et
1054 1441 1204 1531 Xenoph.
1223 1443 1327 1512 Anah.

144 1568 179 1632 i:
200 1568 238 1646 6,
257 1569 278 1634 2
296 1565 377 1653 (vide
395 1564 504 1633 Wahi.
533 1566 564 1631 iu
590 1566 674 1631 Ciavi
691 1566 730 1632 ad
755 1564 788 1632 h.
807 1569 866 1651 v.).
888 1566 921 1633 S.
942 1564 1186 1651 Chrysestomus
1203 1587 1330 1656 quoquc

143 1692 253 1780 (Hom.
268 1695 311 1760 te
328 1692 358 1759 in
374 1692 459 1780 Act.)
477 1688 664 1781 druyysitiun
682 1694 902 1782 interpretatur
919 1690 1148 1782 καταγγελλων.
1168 1694 1238 1760 Hoc
1255 1713 1329 1780 erge

145 1815 212 1881 ioco
229 1811 415 1904 deayyeiiem
432 1814 604 1882 adhibitum
630 1817 671 1883 sit
690 1816 728 1884 de
752 1817 865 1884 nuncio
891 1837 947 1906 per
962 1816 1086 1905 'tempii
1112 1816 1273 1883 ministros
1290 1815 1329 1884 ad

144 1938 319 2006 sacerdotes
340 1939 469 2027 perlato.
495 1979 539 1989 -
561 1943 636 2015 Ἕως
660 1932 714 2022 οὗ,
739 1963 835 2026 aspen
859 1963 937 2026 pua,
963 1940 1015 2007 hic
1040 1939 1232 2007 construitur
1255 1959 1328 2006 cum

145 2062 268 2129 Auristo
286 2062 464 2143 indicativi,
485 2074 518 2130 ut
542 2064 625 2152 apud
649 2066 794 2131 ioannem
820 2066 896 2153 Cap.
924 2066 971 2131 iX
991 2086 998 2126 :
1020 2066 1061 2131 ta
1081 2085 1089 2126 z
1107 2063 1171 2128 Ουκ
1189 2086 1328 2127 euroeae-

146 2207 246 2251 σαν...
266 2182 318 2259 ἕως
336 2190 405 2249 ὁτου
422 2207 590 2276 sparnone.

190 2308 354 2386 Existimo,
373 2320 506 2398 quatuor
529 2309 599 2376 iiios
616 2309 699 2375 viros
719 2330 817 2399 prope
833 2310 968 2377 abiuissc
985 2330 1002 2376 a
1018 2309 1150 2376 termino
1166 2309 1216 2376 sui
1232 2309 1327 2376 Nazi-

146 2432 284 2511 racatirs3
298 2432 392 2520 idque
408 2433 449 2498 ita
465 2431 604 2520 quidem,
622 2442 655 2499 ut
674 2452 782 2498 eorum
800 2452 879 2499 unus
895 2443 1023 2517 postera
1042 2434 1098 2496 itta
1114 2433 1167 2495 die
1184 2431 1246 2516 (νε.
1266 2430 1327 2519 26)

147 2565 216 2622 voto
232 2575 288 2620 suo
302 2553 379 2620 scivi
397 2553 548 2641 potuerit,
564 2553 675 2639 reliqui
694 2564 756 2620 tres
773 2563 874 2620 autem
893 2554 973 2620 iutra
989 2552 1056 2619 dies
1072 2563 1238 2640 sequentes
1255 2571 1322 2619 sex.

147 2675 298 2742 Existimo
322 2694 430 2765 porro,
447 2674 578 2741 Pauium
603 2675 683 2742 iutra
706 2676 839 2765 spatium
864 2676 988 2742 iliorum
1004 2695 1059 2742 sex
1076 2674 1196 2742 dierum
1214 2686 1326 2762 quater

144 2797 257 2865 adiisse
274 2797 438 2887 tempium,
458 2808 487 2864 et
510 2798 639 2885 singuiis
661 2798 782 2866 dicrum
806 2802 1009 2868 annunciassc
1026 2803 1238 2884 captationem
1256 2804 1324 2866 die-

142 2944 216 2988 rum
228 2922 439 2989 Naziroeuteia
458 2923 523 3009 (την
540 2919 704 3009 εκληρωσιν
722 2946 782 2986 των
801 2925 920 3013 upapam
936 2948 989 2987 του
1006 2921 1172 3013 ἁγνισμον)
1190 2924 1324 2992 alienius

143 3067 181 3112 ex
197 3045 290 3113 sociis
306 3045 389 3126 ενὶε,
408 3043 559 3133 tactisque
576 3045 744 3135 impensis,
764 3066 890 3114 curasse
915 3059 948 3114 ut
971 3046 1172 3113 tonderentur
1188 3056 1323 3136 votoque

142 3190 202 3257 suo
216 3170 419 3237 solverentur.
435 3167 566 3235 Paulum
583 3169 685 3257 ipsum
704 3170 888 3257 putaverim,
907 3181 1034 3254 postera
1051 3172 1107 3236 itta
1122 3171 1248 3252 dietus.
1263 3169 1321 3256 26)

144 3295 263 3359 vovisse
279 3293 491 3359 Naziraeatum
509 3303 626 3381 septem
644 3291 784 3373 dierum,
800 3313 895 3382 quum
913 3313 973 3359 non
989 3291 1109 3359 videam
1128 3291 1196 3357 iicri
1214 3313 1319 3380 posse,

142 3427 176 3484 ut
198 3417 237 3484 ad
259 3416 342 3484 aliud
363 3417 439 3504 quid
462 3417 614 3483 reseratur
638 3415 669 3482 id
694 3415 778 3504 quod
801 3437 874 3483 mox
897 3419 955 3501 (νε.
975 3416 1030 3499 97)
1051 3415 1165 3482 dicitur
1189 3437 1197 3478 :
1224 3420 1265 3490 ὡς
1289 3411 1320 3480 δε

140 3538 265 3626 εμελλον
288 3544 321 3602 αἱ
345 3537 420 3604 ἑπτα
444 3541 552 3631 ἡμεραι
581 3537 800 3604 ouereieeodar.
826 3542 927 3608 Docet
943 3538 1068 3628 quidem
1094 3537 1317 3615 MaimonideS,

142 3685 204 3729 non
224 3685 288 3728 ease
303 3664 533 3731 Naziroeotnna
551 3666 702 3746 tenrporis
724 3665 877 3727 brevioris
897 3683 992 3746 quana
1016 3663 1149 3744 tripinta
1171 3663 1318 3743 dierum;

140 3796 186 3852 ast
207 3785 238 3849 in
261 3785 353 3852 Saera
377 3783 538 3872 Scriptura
560 3783 703 3872 nuspiam
726 3783 786 3849 hoc
809 3782 939 3863 dicitur3
971 3782 1112 3870 nuspiam
1138 3802 1264 3871 quoque
1288 3782 1317 3847 iu

140 3907 264 3975 Mishua
280 3909 474 3997 prohibetur,
494 3909 660 3996 quominus
678 3908 748 3997 quis
764 3917 871 3975 voveat
887 3907 1101 3974 Naziraeatum
1118 3906 1177 3972 uisi
1197 3906 1236 3975 ad
1253 3906 1314 3974 dies

141 4031 303 4098 minimum
325 4032 460 4120 triginta.

185 4155 307 4243 Operae
320 4156 453 4245 pretium
466 4156 559 4226 tuerit
574 4155 635 4225 heo
648 4133 719 4224 icoo
740 4156 919 4226 extribuisso
935 4155 1106 4224 doctrinam
1123 4155 1157 4222 S.
1177 4153 1292 4223 Thema
