3074 5054
182 356 247 423 tou
536 356 667 424 ACTUS
702 357 1056 439 dromonorum,

179 566 286 612 omnes
304 545 517 636 (hyperbolice
536 546 597 615 boo
621 548 737 616 dietum
754 552 810 633 est)
827 550 919 618 Asiae
943 550 1073 618 Minoris
1090 550 1226 628 incolae,
1242 551 1349 618 ludaei

180 671 295 758 pariter
310 684 402 759 atque
417 671 569 748 Gentiles
585 674 654 739 lesu
677 673 791 740 Christi
809 674 980 742 doctrinam
996 675 1150 742 audirent.
1165 711 1207 725 —
1225 675 1350 743 Soilioet

180 814 286 881 magna
304 793 464 861 bominum
480 795 643 863 multitudo
660 816 697 862 ex
714 798 806 864 variis
822 798 914 865 Asiae
930 798 1061 866 Minoris
1081 797 1257 885 regionibus
1275 819 1352 865 eon·

181 918 265 987 tinuo
284 919 442 1010 Ephesum
459 920 651 1002 continebat,
668 921 771 989 ludaei
789 921 914 1009 quidem
932 932 1121 988 mereaturae
1140 942 1245 1001 eausa,
1265 923 1353 991 Geu-

179 1045 247 1112 tiles
260 1067 331 1113 vero
345 1058 409 1113 tum
422 1047 461 1114 ob
474 1047 644 1115 exercenda
660 1048 859 1128 commercia,
874 1060 938 1115 tum
955 1048 1046 1116 etiam
1064 1070 1155 1117 eausa
1172 1071 1348 1118 sacrorum.

180 1165 260 1234 Vide
280 1167 359 1234 inira
375 1169 413 1237 ad
430 1189 476 1235 vs.
496 1172 552 1236 95.

227 1419 368 1485 ll—lb.
396 1420 593 1504 Virtutesqne
619 1439 681 1483 non
705 1419 873 1504 quoslibet,
892 1417 981 1506 eto.).
1008 1417 1192 1506 Euangeliou
1214 1420 1350 1487 sermoni

180 1539 270 1608 fidem
286 1539 483 1608 adstruebuut
499 1541 664 1623 miracula,
684 1564 778 1628 eoque
793 1565 858 1608 non
874 1545 1019 1626 vulgario
1037 1542 1087 1630 (oo
1106 1567 1159 1616 τας
1174 1567 1349 1630 τυχουσας,

177 1669 243 1731 niet
266 1668 302 1730 de
316 1668 537 1756 pewoonlrjlee),
563 1686 642 1754 quae
666 1666 751 1732 Deus
774 1670 930 1732 continno¹
942 1668 1078 1752 faciebat
1102 1673 1223 1752 (εποιει,
1239 1667 1270 1733 in
1289 1670 1352 1735 lm·

178 1789 326 1879 perfeeto,
347 1800 382 1855 ut
397 1809 491 1877 supra
506 1809 553 1855 vs.
568 1790 601 1872 8)
618 1809 674 1878 per
690 1787 836 1870 Paulum3
858 1800 1005 1879 erantque
1021 1790 1091 1858 talia
1109 1790 1159 1857 illa
1179 1790 1349 1871 miracula,

177 1924 232 1993 nt,
251 1912 383 2002 exempli
408 1934 516 1994 eausa,
532 1917 629 1980 etiarn
642 1913 732 1999 (ὥστε
748 1914 810 1996 και)
835 1938 931 2000 anper
947 1916 1022 2005 (επι)
1041 1926 1230 2004 aegrotantes
1246 1920 1350 2001 deser·

177 2047 291 2103 rentur
314 2036 556 2127 (onopepeobora),
581 2037 628 2102 vel
653 2039 844 2129 επιφερεσθαι
873 2038 1087 2129 inferrentur)
1113 2041 1150 2105 ob
1175 2037 1259 2122 (απο)
1284 2040 1351 2107 eius

177 2177 308 2247 oorpore
336 2158 454 2226 sublata
479 2157 601 2227 sudaria
627 2170 656 2225 et
680 2161 888 2242 semioinotia,
914 2174 1004 2251 atque
1028 2163 1069 2228 ita
1092 2163 1192 2230 morbi
1221 2162 1260 2230 ab
1289 2164 1352 2230 illis

176 2292 413 2348 removerentur
435 2278 734 2375 (orationessunt),
761 2295 790 2350 et
814 2284 943 2374 spiritus
969 2306 1099 2374 nequam
1128 2290 1353 2370 egrederentur

174 2404 426 2497 (εκπορευεσθαι).

221 2535 371 2621 europae
394 2559 429 2600 ου
450 2559 503 2610 τας
523 2559 695 2621 τυχουσας,
721 2536 744 2601 i.
770 2555 798 2601 e.
824 2535 964 2604 Virtutes
980 2557 1039 2602 nou
1066 2540 1230 2622 volgares,
1257 2549 1349 2627 atque

175 2656 252 2725 adeo
276 2662 470 2726 recollentes.
493 2658 676 2746 «Loquutio
693 2644 809 2737 Lucae,
822 2658 866 2724 ait
877 2657 1102 2727 Valckenarius
1118 2660 1167 2744 (ad
1183 2660 1216 2728 h.
1231 2660 1272 2745 l.)
1290 2663 1349 2729 ele-

174 2803 249 2869 gans
267 2796 328 2865 est,
347 2795 376 2850 et
391 2784 504 2851 Altina.
526 2781 724 2870 Voluptatem
742 2783 932 2867 exquisitam
950 2807 983 2846 oo
1001 2807 1052 2856 την
1068 2808 1222 2870 τυχουσαν
1238 2781 1346 2862 dioran

175 2904 253 2972 dixit
276 2905 463 2973 Athenaeus.
489 2903 627 2991 Longino
644 2903 698 2991 (de
721 2903 808 2971 Subl.
835 2903 905 2970 lX:
929 2906 993 2992 18),
1019 2907 1140 2987 Moses,
1162 2906 1347 2975 ludaeorum

176 3027 360 3116 Legislator,
386 3027 480 3094 fuisse
496 3026 609 3094 dieitur
632 3051 686 3090 ουκ
701 3030 716 3090 b
733 3049 833 3113 τυχων
857 3048 944 3117 ανηρ,
962 3029 1011 3093 vir
1027 3032 1160 3094 rnlnlrne
1183 3032 1348 3115 oolpore's,

177 3155 200 3220 i.
227 3173 256 3220 e.
282 3155 598 3219 excellentissimos...
625 3153 749 3231 Contra,
769 3172 846 3241 quae
870 3151 913 3218 nil
938 3151 1051 3219 babent
1074 3153 1243 3234 eximium,
1268 3155 1290 3220 i.
1319 3174 1347 3221 e.

177 3277 330 3364 vulgaria,
344 3276 488 3343 dicuntur
504 3292 542 3342 aa
558 3300 709 3362 τυχοντα,
734 3286 764 3341 et
786 3278 928 3341 botnines
952 3279 990 3341 de
1010 3277 1116 3361 plebe,
1143 3281 1170 3340 oi
1193 3300 1346 3364 τυχοντες.

179 3399 316 3488 Utraque
339 3418 416 3480 trux,
430 3394 590 3489 ooodopior
608 3410 638 3465 et
662 3397 856 3485 orprorrtiov,
875 3399 982 3466 Latina
1007 3411 1070 3481 est,
1089 3400 1194 3489 quales
1210 3421 1248 3467 eo
1273 3412 1350 3469 tem·

178 3543 254 3613 pore
270 3535 301 3590 et
315 3523 391 3590 aliae
415 3522 563 3612 quaedam
589 3523 620 3589 in
644 3542 841 3590 communem
864 3542 954 3590 usum
978 3523 1171 3591 Graecorum
1195 3535 1283 3590 erant
1302 3545 1349 3591 re·

178 3659 296 3736 ceptae.
325 3647 499 3714 Sertorium
523 3647 702 3734 intelligitur
719 3646 862 3728 linteum,
881 3669 942 3736 quo
965 3647 1111 3715 sudorem
1135 3648 1223 3715 laoiei
1250 3649 1350 3717 deter-

178 3771 305 3861 gebent3
328 3775 552 3838 semicinctium
576 3791 648 3838 vero
672 3783 719 3838 est
742 3783 967 3860 tegumentum,
987 3793 1047 3860 quo
1072 3771 1199 3861 opitioes
1223 3773 1349 3862 ningere

179 3894 317 3964 solebant
338 3897 508 3964 anteriores
524 3895 665 3983 eorporis
691 3905 793 3983 partes
811 3894 881 3985 (een
900 3893 1101 3976 vooracboot).
1118 3896 1263 3978 Fuerint,
1281 3897 1349 3986 opi·

179 4041 249 4101 nor,
274 4021 396 4088 sudaria
417 4018 493 4087 baec
516 4031 546 4086 et
568 4018 758 4088 semicinctia
782 4020 908 4109 propria
934 4020 1090 4098 fidelium,
1109 4022 1161 4109 qui
1186 4019 1235 4088 bis
1259 4021 1347 4090 Pauli

178 4165 293 4233 eorpus
316 4154 490 4231 tangerent,
509 4160 606 4230 eaque
631 4141 740 4209 deinde
764 4142 957 4232 imponerent
981 4144 1224 4231 aegrotantibus,
1243 4156 1295 4212 eut
1311 4144 1347 4210 iis

178 4270 232 4359 qui
259 4269 424 4357 abaliquo
448 4267 559 4356 spiritu
587 4287 718 4356 nequam
747 4279 943 4335 vexarentur.
969 4268 1078 4336 Obiter
1105 4267 1272 4337 notandum
1296 4269 1348 4336 bio

179 4407 241 4474 est,
263 4396 377 4463 Luoam
401 4393 524 4461 disertis
548 4391 649 4459 verbis
673 4391 861 4479 distinguere
885 4404 1074 4482 aegrotantes
1092 4415 1109 4460 a
1125 4393 1342 4461 daemoniacis.
