3074 5054
179 394 246 460 tin
520 389 655 459 ACTUS
678 390 1013 472 APOSTOLORUM,

177 579 221 647 illi
243 580 387 649 dicebant
413 583 581 662 :Aequius
602 583 670 645 eino
694 589 751 646 est.
770 617 815 630 -
838 581 932 648 Notat
954 581 993 648 ed
1018 579 1094 647 haee
1122 578 1215 646 uerbo
1235 579 1270 648 S.
1290 579 1361 647 loh.

178 701 420 788 Chrysostomus
438 701 550 791 (Hom.
573 701 684 770 XXV!
702 702 733 769 in
749 704 836 785 Ant.)
856 722 863 764 τ
882 704 927 766 Εκ
943 727 1030 767 τουτο
1054 701 1177 780 αληθες,
1204 707 1250 766 ὁτι
1271 700 1363 766 ἑκασ-

177 852 227 903 τος
242 830 329 914 ἡμων
345 826 472 918 αγγελον
489 851 565 914 εχει,
593 827 626 895 h.
654 848 683 895 e.
702 831 775 895 ltine
790 852 900 895 oerum
915 834 1081 914 probator,
1107 851 1364 917 unumquemque

177 964 321 1018 nostrum
337 956 484 1037 oppetere
500 954 623 1019 trabere.
646 954 694 1019 De
711 974 771 1042 quo
788 955 945 1020 oommuni
962 953 1195 1022 Catholiooruro
1211 954 1363 1020 sententio

178 1076 247 1143 uide
261 1078 400 1143 Perrone
417 1078 522 1144 Trnot.
541 1079 579 1142 de
602 1078 667 1142 Deo
684 1088 828 1143 creatore
843 1079 928 1145 Part.
958 1081 994 1159 l,
1013 1079 1090 1166 Cep.
1111 1079 1177 1159 ΙΙΙ,
1196 1088 1226 1144 et
1242 1076 1363 1166 Stnple·

177 1203 295 1269 toniurn
319 1213 477 1284 nostrum,
493 1212 558 1269 turn
582 1203 613 1268 in
632 1205 858 1287 Promptoario
878 1204 1037 1271 Cotlroltoo
1061 1203 1108 1293 (in
1133 1207 1217 1272 Fest.
1239 1206 1273 1274 S.
1301 1205 1364 1272 Mi-

176 1324 319 1414 ohnlilis),
336 1337 402 1393 turn
419 1327 510 1393 etiarn
527 1327 558 1392 in
576 1327 738 1392 Antidotio
754 1329 944 1410 Apostolicis
965 1332 999 1394 iro
1016 1329 1098 1394 Acta
1117 1330 1360 1413 Apostolorum,

176 1447 214 1514 nd
237 1446 270 1514 h.
296 1446 317 1514 Ι.
346 1487 389 1496 -
412 1447 552 1517 Verbum
574 1444 815 1541 διισχυριζεσθαι
838 1451 973 1538 (Deponi.
1004 1450 1106 1538 Med.)
1131 1452 1258 1540 proprie
1278 1461 1365 1519 notat

176 1575 390 1657 semetipsum
405 1573 566 1639 roborare.
582 1573 723 1640 Conserri
740 1584 841 1663 potest
854 1575 1009 1643 Gallioum
1026 1601 1033 1643 :
1049 1599 1080 1641 oe
1096 1580 1181 1661 faire
1196 1579 1264 1660 fort
1278 1579 1360 1644 de...

224 1805 368 1871 itt—tr.
395 1803 513 1868 Petrus
539 1813 664 1886 aretem,
695 1808 782 1888 eto).
813 1804 934 1869 Interea
962 1805 1073 1871 Petrus
1101 1826 1165 1870 ooo
1192 1807 1364 1870 desistebat

174 1929 306 2009 pulsare
333 1930 465 2013 (επεμενε
493 1949 627 2015 operor,
653 1930 699 2007 lu‘j
720 1929 805 2012 ileos
827 1927 978 2016 lcloppeo)
1005 1928 1101 1995 sores.
1128 1931 1236 2016 ltaque
1259 1928 1362 2016 puello

176 2062 351 2119 constanter
366 2051 555 2134 affirmante,
574 2053 658 2118 Petri
675 2073 784 2120 vocem
800 2073 834 2120 se
850 2053 1024 2133 audivisse,
1043 2064 1073 2121 et
1097 2056 1190 2121 Petro
1216 2073 1363 2143 perseve-

177 2186 280 2242 ranter
307 2176 466 2263 pulsante,
497 2176 620 2243 tandem
649 2186 869 2256 accurrerunt,
899 2188 1070 2265 opertoque
1102 2176 1245 2244 vestibuli
1281 2176 1363 2243 ostio

176 2296 320 2365 videbant
344 2319 434 2381 euro,
460 2309 491 2365 et
514 2299 730 2367 admirabundi
748 2300 873 2367 inultos
899 2300 1032 2367 laetitiae
1048 2300 1200 2367 clamores
1216 2319 1363 2386 erumpe-

177 2422 261 2490 bent.
284 2426 395 2490 Petrus
411 2433 514 2491 autern
537 2445 636 2489 manu
651 2436 735 2489 orote
751 2426 868 2490 indicto
884 2427 951 2490 illio
967 2427 1093 2489 silentio
1110 2423 1309 2505 (κατασεισας
1329 2418 1364 2487 δε

173 2571 275 2622 αυτοις
300 2572 336 2636 τῃ
359 2570 438 2635 χειρι
456 2552 571 2636 otyor),
591 2548 753 2637 exposuit,
772 2569 834 2638 quo
851 2549 943 2616 modo
960 2550 1116 2616 Dominus
1133 2569 1190 2637 per
1205 2547 1363 2636 Angelum

143 2653 144 2656 ¹
178 2690 270 2737 suurn
294 2670 452 2737 eduxisset
467 2671 570 2759 ipsum
587 2691 604 2737 e
620 2691 758 2740 oaroere.
784 2673 887 2761 Atque
909 2674 985 2737 leaeo
1006 2673 1140 2755 (seqre),
1164 2673 1284 2760 iuquit,
1311 2692 1364 2737 re·

179 2794 322 2861 nunciate
345 2814 400 2862 vos
417 2792 530 2861 laoobo
547 2795 689 2883 (Alphoei
708 2794 797 2886 filio),
816 2806 846 2861 et
861 2796 973 2862 oeteris
991 2815 1048 2884 per
1063 2795 1173 2863 urbem
1190 2793 1362 2874 srotribus3

179 2927 209 2983 et
224 2936 297 2983 mox
319 2915 391 2982 inde
415 2938 557 3001 opressus
580 2914 726 3007 (εξελθων)
749 2921 785 2984 io
808 2921 910 2985 aliurn
935 2920 1037 2984 locum
1064 2922 1116 3001 (εις
1139 2915 1235 3009 ἕτερον
1253 2916 1366 3006 voror)

179 3057 212 3104 se
236 3038 366 3126 recepit.
384 3075 428 3087 -
447 3040 517 3124 Qui
540 3059 574 3105 se
595 3041 706 3106 Petrus
730 3049 803 3106 tuno
825 3041 998 3128 receperit,
1021 3040 1208 3128 disputetur.
1234 3038 1365 3108 Videsis

179 3161 370 3244 Colmetum,
385 3163 563 3230 Cornelium
579 3183 596 3229 o
614 3162 751 3252 Lepide,
770 3175 800 3231 et
823 3164 972 3230 Lorinum
997 3162 1035 3229 od
1061 3162 1093 3230 h.
1113 3162 1157 3244 l.;
1176 3163 1250 3230 item
1267 3164 1365 3231 Win-

179 3285 416 3353 disohmnunum
432 3287 463 3352 in
484 3289 642 3353 Vindiciio
660 3290 807 3354 Petrinis
823 3285 975 3375 (lintion,
997 3287 1107 3370 1856),
1126 3309 1159 3375 p.
1180 3289 1259 3368 ΙΙΙ,
1286 3306 1363 3376 sqq.

185 3551 187 3555 ¹
227 3528 370 3594 l8—l9.
395 3529 493 3594 Foeta
520 3538 626 3594 nortem
648 3531 717 3608 die,
744 3538 830 3618 eto).
861 3530 966 3614 Quum
991 3528 1163 3610 illuxisset,
1194 3540 1287 3620 atque
1311 3551 1366 3600 res

179 3655 362 3723 innotuisset
384 3658 554 3735 mitititoo,
581 3657 716 3724 cerneris
741 3656 922 3725 onstodibus
947 3659 1020 3740 (τοις
1045 3658 1270 3748 superiorque),
1297 3673 1368 3730 erut

179 3780 335 3869 interpr)
360 3800 413 3847 eos
441 3784 633 3848 tumultuoso
661 3785 821 3850 eontentio
846 3781 1004 3872 (ταραχος)
1029 3805 1089 3852 non
1114 3785 1225 3872 exigua
1248 3784 1287 3852 ele
1310 3805 1365 3868 eo,

178 3907 331 3990 quidnam
351 3908 471 3989 foetum
492 3916 571 3971 esset
595 3908 632 3970 de
655 3907 769 3988 Petro,
790 3904 823 3972 h.
842 3925 871 3972 e.
891 3926 1024 3994 quonam
1042 3884 1163 3975 tandem
1182 3909 1276 3977 modo
1293 3929 1367 3978 eve·

179 4031 280 4097 sisset.
300 4028 441 4096 Herodes
456 4038 559 4095 autern
584 4048 680 4115 quum
704 4031 832 4096 Petrum
849 4030 1079 4119 requisivisset,
1098 4052 1155 4098 neo
1171 4031 1365 4116 invenisset,

180 4156 328 4220 instituto
344 4173 454 4218 conone
469 4154 646 4234 copnitiooe
670 4154 708 4216 de
725 4155 904 4219 custodibus
923 4153 1094 4245 (ανακρινας
1110 4178 1179 4229 τους
1196 4154 1365 4246 φυλακας),

180 4277 275 4342 iussit
290 4298 339 4342 eos
353 4278 464 4342 obduci
479 4274 688 4360 (απαχθηναι),
707 4276 777 4343 soil.
796 4280 838 4342 od
860 4281 1071 4363 supplicium,
1090 4277 1139 4344 vel
1155 4282 1197 4344 od
1212 4293 1364 4350 mortem.

182 4397 381 4486 llesyolrius:
401 4400 591 4489 Απαγεσθαι·
612 4421 652 4473 εις
669 4396 796 4463 θάνατον
814 4398 964 4465 ἕλκεσθαι.
985 4401 1084 4469 Latini
1097 4422 1154 4490 pro
1168 4421 1204 4470 eo
1218 4402 1369 4473 dioehnnt
