3074 5054
469 378 608 446 CAPUT
642 377 739 459 Xlll,
778 378 900 448 VERS.
939 379 1084 448 tr-tlo.
1301 383 1365 450 557

184 572 338 652 salvifica,
362 589 424 659 qua
446 589 558 658 nempe
580 572 765 653 pervenitur
788 572 830 634 ad
850 571 948 634 altam
972 581 1148 637 aeternam.
1175 569 1278 659 ltaque
1304 590 1365 638 non

136 715 137 720 ’
183 699 232 767 hie
258 699 360 786 agitur
386 697 425 765 de
453 696 751 785 praedestinatione,
780 707 815 763 ut
838 707 966 776 vocant,
996 700 1038 762 ael
1064 701 1218 782 planiam,
1245 697 1300 765 sed
1329 696 1367 767 de

182 821 459 912 praedestinatione
486 823 528 886 ad
555 822 651 903 fidem
680 832 709 885 et
737 822 876 903 gratiola
903 822 1142 904 laetificantem.
1175 821 1264 887 Hanc
1291 840 1364 889 uero

181 943 489 1035 praedestinationem
517 944 617 1009 Lucas
651 941 703 1008 hie
736 943 887 1029 cogitasse
920 942 1043 1010 videtur
1069 955 1103 1011 ut
1135 943 1319 1032 pendentem
1348 964 1365 1010 a

180 1071 277 1139 libero
302 1068 449 1137 credendi
467 1078 537 1134 actu
554 1065 690 1133 hominis
708 1065 746 1133 ad
763 1065 855 1134 fidem
880 1067 1124 1156 amplectendam
1148 1088 1166 1134 a
1187 1068 1256 1135 Deo
1280 1067 1364 1135 exci-

180 1195 248 1275 tati,
279 1193 463 1272 illuminati,
493 1203 522 1258 et
555 1191 665 1258 adiuti.
696 1193 799 1280 Atque
828 1190 908 1258 hane
939 1212 1007 1258 esse
1042 1193 1110 1259 eius
1144 1203 1299 1273 mentem,
1332 1192 1365 1260 id

181 1318 304 1408 quidem
333 1316 444 1403 colligo
466 1336 503 1382 ex
526 1314 578 1382 illa
598 1314 761 1394 antithesi,
785 1335 846 1403 qua
874 1314 996 1382 ludaeis
1021 1317 1306 1381 contradicentibus
1335 1325 1365 1380 et

180 1441 465 1525 blasphemantibus
481 1436 544 1526 (vs.
564 1439 620 1525 ta)
637 1450 666 1506 et
691 1437 906 1526 Evangelicam
928 1438 1101 1506 doctrinam
1127 1437 1363 1528 repudiantibus

180 1567 237 1655 (vs
253 1567 310 1650 lb)
324 1575 524 1652 opponuntur
536 1563 688 1643 GentileS,
704 1563 755 1651 qui
773 1563 903 1629 verbam
917 1565 977 1629 Dei
989 1565 1213 1647 glorificabant
1229 1567 1287 1650 (vs.
1304 1561 1363 1651 ld)

180 1710 291 1773 nepae,
310 1699 346 1753 al
369 1658 442 1766 isti,
462 1688 609 1769 t'adipnos
626 1708 658 1751 se
672 1687 854 1751 indicabant
876 1689 943 1752 cita
967 1697 1109 1752 aeterna.
1128 1686 1266 1754 Senserit
1287 1705 1360 1773 ergo

181 1814 290 1892 Lucas,
309 1813 412 1878 Deum
429 1810 569 1878 Gentiles
589 1808 646 1877 hos
659 1809 697 1876 ab
709 1820 833 1876 aeterno
851 1808 1087 1897 praeordinasse
1103 1808 1143 1876 ad
1155 1808 1248 1876 iidem
1262 1809 1361 1874 Eran-

179 1935 324 2023 gelicam‚
352 1935 425 2022 quia
449 1933 489 2000 ab
512 1945 637 2001 aeterno
662 1934 869 2023 praesciverat
885 1933 1024 2001 laturum
1048 1945 1100 2015 ut,
1118 1933 1214 2001 adiuti
1238 1931 1361 2000 divinae

181 2060 293 2147 gratiae
310 2059 445 2137 auxilio,
464 2060 557 2126 tidem
574 2059 671 2127 libere
691 2058 964 2148 amplecterentur.

222 2305 277 2370 aa.
304 2303 581 2367 Disseminabatar
605 2313 728 2382 autem,
747 2300 837 2389 etc).
864 2304 955 2370 Notat
978 2301 1031 2370 hic
1052 2322 1140 2369 sacer
1156 2301 1358 2390 historiogra-

180 2425 276 2514 phuS,
307 2424 479 2492 doctrinam
504 2426 719 2514 Evangelicam
745 2448 800 2516 per
824 2427 1004 2494 uuiversum
1021 2426 1204 2494 Antiochiae
1220 2427 1357 2494 Pisidiae

181 2550 368 2618 territorium
384 2546 439 2638 (δι’
463 2548 533 2624 tin
556 2575 607 2624 της
629 2553 743 2640 χωρας)
758 2554 856 2636 sitisse
879 2554 1066 2635 dispensata.
1086 2550 1179 2636 Quod
1202 2571 1238 2618 eo
1263 2571 1357 2619 sensu

179 2675 377 2764 intelligimus
401 2695 437 2741 ac
460 2676 487 2741 si
505 2676 649 2755 dixisset,
668 2676 862 2763 Religionem
879 2676 1086 2744 Christianam
1103 2696 1159 2764 per
1181 2676 1357 2744 universam

179 2799 258 2867 illam
282 2801 439 2888 regionem
464 2800 579 2889 passim
603 2805 701 2887 sitisse
722 2813 900 2885 receptam,·
926 2801 1007 2870 baud
1034 2801 1129 2870 dubie
1150 2800 1190 2868 ad
1213 2801 1300 2868 Pauli
1325 2812 1356 2868 et

180 2922 335 2990 Barnabae
364 2921 637 3010 praedicationem.
666 2924 822 2992 Videntur
848 2935 950 2992 autem
977 2925 1088 2993 novelli
1118 2924 1163 2991 illi
1187 2924 1355 2992 Christiani

180 3050 342 3117 maximam
370 3061 487 3138 partem
517 3052 656 3120 Gentiles
685 3052 799 3131 luisse3
834 3072 903 3118 nam
932 3052 1091 3142 Apostoli,
1125 3051 1230 3118 missis
1263 3050 1356 3120 huius

181 3174 310 3260 regionis
328 3172 450 3241 ludaeis
466 3174 527 3262 (vs.
544 3177 611 3262 ab),
631 3175 779 3265 deinceps
796 3175 972 3245 Gentilibus
989 3175 1032 3243 ibi
1050 3174 1250 3263 Erarrgelium
1268 3195 1356 3263 prae-

179 3293 330 3364 dicarunt.

221 3553 276 3620 50.
295 3553 410 3617 Iudaei
424 3562 529 3617 antean
546 3555 783 3616 concitaverunt
798 3554 949 3619 mttllercs
965 3555 1127 3636 religiosas
1148 3564 1178 3618 et
1193 3556 1352 3634 honestas,

178 3673 265 3763 ela).
292 3675 409 3742 Graece
427 3695 434 3738 :
454 3700 508 3750 τας
524 3672 691 3762 σεβομενας
705 3698 851 3764 paeninae
867 3700 919 3738 και
935 3700 988 3751 τας
1004 3698 1207 3763 ευσχημονας.
1227 3677 1312 3744 Haeo
1328 3678 1354 3744 si

178 3794 276 3864 demta
288 3798 399 3864 vocula
413 3822 465 3862 και
482 3799 645 3886 legamus,
660 3785 763 3866 sermo
780 3798 832 3866 hic
848 3800 907 3866 erit
923 3798 960 3866 de
976 3821 1041 3864 urta
1059 3810 1174 3866 tantum
1191 3799 1354 3866 mulierem

177 3919 290 4002 classe,
313 3933 465 4010 eruntque
489 3922 614 3990 eaedem
643 3929 674 3987 at
703 3921 867 4010 σεβομεναι
892 3943 970 4013 qnae
999 3928 1031 3987 at
1054 3892 1250 4010 ευσχημοῦες.
1276 3923 1355 3990 Sunt

176 4055 274 4111 autem
292 4049 324 4107 at
341 4041 519 4132 σεβομεναι,
546 4058 579 4114 ut
602 4068 697 4137 snpra
720 4069 766 4114 vs.
792 4051 832 4116 lb
857 4060 886 4115 et
910 4051 971 4130 lb,
988 4042 1188 4133 proselytae,
1203 4057 1353 4134 erantque

177 4162 231 4233 hae
256 4168 431 4255 proselytae
455 4170 602 4238 mulieres
630 4193 690 4237 non
718 4175 884 4256 vulgares,
911 4172 966 4239 sed
993 4194 1177 4258 ευσχημονες
1205 4179 1250 4262 (ut
1272 4168 1351 4236 inira

176 4327 370 4339 b—

207 4427 225 4495 ¹)
242 4428 309 4480 Van.
323 4443 393 4482 naar.
407 4431 504 4484 Vocula
528 4440 578 4480 και
606 4444 659 4483 ιιοιι
678 4431 774 4506 legitur
787 4433 814 4485 in
835 4432 915 4487 codd.
936 4433 1021 4486 ABGD
1041 4435 1172 4502 variisque
1188 4433 1349 4489 Minusculis.
