3074 5054
185 362 248 426 171
537 365 672 433 ACTUS
702 365 1035 449 Arusrotonuiu,

182 549 339 617 Cononem
359 571 416 618 rex
430 551 483 618 iiie
503 551 561 619 suit
587 530 780 621 Tunitorum
804 555 943 644 primus,
962 556 1084 623 Salutis
1106 559 1243 625 nomine.
1270 559 1353 628 Vide

179 673 348 741 Marsbami
372 675 533 741 Cononem
558 676 765 759 Cbroreicurn‚
784 678 821 746 ud
845 678 933 746 Saea.
951 680 1049 759 Vtri,
1063 700 1095 768 p.
1117 683 1193 761 107,
1218 682 1250 748 in
1273 682 1351 751 edit.

180 797 334 886 Lipsieusi
353 800 452 866 1676.
805 808 807 812 ’

224 1046 278 1111 19.
304 1044 369 1111 Hic
388 1047 634 1111 circumveniens
656 1064 754 1127 uenus
777 1054 939 1127 nostrum,
961 1041 1052 1130 eto).
1081 1045 1222 1114 Verbum
1244 1049 1352 1138 Depo-

177 1167 253 1235 nens'
277 1168 414 1237 Medium
438 1172 680 1260 κατασοφιζομαι
704 1190 772 1232 τινα
797 1168 922 1256 proprie
946 1180 1030 1236 notat
1052 1174 1246 1256 sapientem,
1263 1172 1296 1240 h.
1318 1194 1348 1241 e.

178 1294 329 1358 callidum
350 1315 399 1359 me
417 1305 544 1379 praesto
567 1304 677 1360 contre
701 1295 859 1378 ιιίιᾳιιιιιι,1
880 1303 909 1359 et
933 1313 1005 1360 mon
1028 1296 1131 1360 dolose
1154 1317 1228 1379 uuo,
1254 1300 1351 1364 unciis

177 1417 296 1482 artibus
312 1426 386 1482 utor
401 1428 511 1482 contra
529 1419 677 1502 aliquem
695 1416 842 1485 Occurrit
857 1415 1047 1504 eiiumapud
1070 1419 1160 1484 LXX
1176 1415 1292 1506 (Exod.
1309 1421 1323 1486 1
1341 1445 1348 1488 :

181 1539 247 1623 10),
279 1538 332 1606 ubi
364 1539 531 1629 respondet
558 1540 711 1608 Hebraico
739 1552 863 1623 aarum
902 1560 960 1607 nec
991 1539 1127 1629 profanis
1159 1541 1351 1630 incognitum

176 1661 234 1730 fuit
256 1663 384 1731 verbum
402 1662 478 1745 boe;
497 1665 638 1754 exempla
654 1662 802 1753 quaedam
827 1663 950 1752 collegit
964 1664 1156 1732 Wetstenius
1172 1664 1225 1755 (ad
1242 1663 1276 1732 b.
1295 1665 1348 1750 1.).

175 1787 290 1853 Notum
318 1797 384 1868 est,
413 1787 602 1854 infinitivum
626 1789 657 1854 in
682 1787 824 1856 Genitivo
849 1807 923 1855 casu
947 1809 1017 1855 eum
1042 1788 1182 1856 Articuio
1202 1791 1232 1855 in
1250 1791 1350 1858 Grae-

176 1908 266 1975 citate
293 1920 353 1977 tam
382 1930 469 1978 sacra
498 1931 589 2000 quarn
619 1909 745 2000 profana
774 1911 917 1999 usurpari
946 1910 985 1978 ad
1012 1931 1139 1994 scopum
1163 1911 1229 1977 sive
1251 1915 1350 1997 (tieem

176 2038 309 2101 actionus
328 2035 537 2104 indicandum.
563 2036 643 2105 Vide
661 2037 719 2104 Gr.
738 2055 806 2125 pag.
827 2038 909 2115 585,
928 2032 961 2122 β.
988 2037 1105 2105 Verum
1130 2035 1236 2103 eudem
1260 2037 1349 2105 verbi

177 2158 292 2225 infiniti
316 2159 460 2246 Syntaxis
484 2161 515 2225 in
544 2171 674 2248 utroque
697 2161 892 2228 Testamento
917 2171 946 2227 et
969 2162 999 2227 in
1023 2161 1196 2229 Graecitate
1219 2162 1349 2229 serioris

175 2281 242 2347 aevi
260 2280 423 2349 adhibetur
447 2283 593 2350 etiamad
616 2286 757 2367 effectum
780 2294 831 2350 aut
853 2287 1105 2369 consequentiam
1122 2287 1251 2349 actionis
1269 2284 1350 2351 indi·

175 2401 325 2487 candum,
343 2380 383 2472 ita
401 2417 434 2473 ιιι
457 2406 630 2473 Infinitivus
655 2406 854 2480 resolvendus
871 2407 911 2474 sit
927 2407 958 2473 in
983 2407 1122 2476 Verbum
1139 2407 1274 2474 Finitum
1291 2428 1349 2496 per

176 2535 252 2599 adeo
283 2544 335 2615 ut,
364 2545 415 2601 aut
442 2555 499 2623 per
525 2534 719 2602 Gerundium
747 2535 778 2600 in
806 2536 857 2600 do.
889 2532 1039 2622 Exempla
1069 2544 1159 2600 sunto
1187 2552 1194 2594 :
1228 2534 1344 2601 Genes.

174 2658 287 2725 xxxi
306 2679 314 2720 ι
333 2660 392 2740 no;
411 2660 577 2728 xxxiv:
601 2662 653 2726 ιι.
678 2658 778 2726 mou.
800 2660 829 2725 ιι
850 2683 859 2725 2
883 2659 940 2740 nn
966 2658 1026 2726 vn
1048 2679 1056 2720 ι
1084 2661 1140 2738 ιι,
1161 2658 1237 2726 vm
1258 2683 1265 2724 =
1287 2642 1344 2726 no.

176 2784 267 2848 iosue
289 2784 497 2852 ΧΧ111ε15.
525 2786 593 2851 Αιι.
621 2785 768 2852 111ε11.
794 2783 843 2851 Ad
868 2782 947 2851 bauo
970 2793 1071 2850 autem
1095 2783 1243 2867 Syntaxin
1268 2780 1349 2849 rese·

176 2905 307 2973 rendum
331 2928 398 2975 esse
421 2919 523 2997 putem
554 2907 637 2998 quod
660 2907 713 2974 hic
735 2907 848 2974 dieitur
876 2930 929 2972 του
949 2930 1043 2970 ποιειν
1067 2907 1168 2970 cuiun
1190 2928 1230 2969 τα
1252 2901 1348 2996 βρεφη

176 3030 288 3096 αὑτων.
307 3031 453 3119 Sequitur
469 3052 476 3094 :
492 3032 545 3106 Εις
570 3056 604 3095 το
630 3056 672 3118 μη
695 3032 924 3120 ζωογονεισθαι,
949 3032 1018 3099 scii.
1043 3055 1083 3095 τα
1104 3025 1203 3122 βρερη.
1231 3030 1348 3098 Sensus

176 3164 222 3219 est
240 3177 249 3218 ι
267 3154 329 3220 Hic
349 3159 441 3222 unciis
463 3159 585 3223 artibus
608 3155 682 3242 (vid.
708 3155 808 3224 Exod.
827 3158 841 3222 i
862 3182 869 3224 ι
890 3159 1032 3243 16-17)
1054 3160 1202 3222 adversus
1221 3165 1348 3239 centem

176 3286 319 3342 nostrum
342 3299 419 3344 usus
436 3279 738 3369 (κατασοφισαμειος)
755 3281 878 3343 rennuit
899 3281 1036 3345 maiores
1057 3288 1200 3356 nostros,
1219 3279 1294 3342 odeo
1311 3288 1349 3342 ut

176 3412 365 3485 exponerent
381 3400 587 3490 (adigerentur
609 3398 773 3490 exponere)
793 3405 930 3487 iresuutes
953 3424 1025 3468 euos
1041 3397 1181 3488 (αὐτων),
1199 3403 1245 3465 itu
1260 3409 1296 3464 ut
1311 3401 1350 3464 bi

178 3527 214 3589 iu
229 3527 293 3592 vitu
308 3546 370 3592 uon
393 3537 665 3592 conservarentur.
686 3525 735 3591 De
750 3547 790 3598 εις
805 3548 838 3588 το
854 3537 922 3592 ante
947 3523 1135 3591 infinitivum
1156 3522 1274 3589 uniente
1299 3525 1348 3588 ita

176 3660 225 3733 ut,
244 3648 314 3717 vide
329 3652 386 3719 Gr.
406 3671 475 3740 pag.
496 3652 578 3729 559,
599 3652 631 3717 6.

222 3896 277 3964 20.
304 3906 334 3960 ct
358 3898 423 3980 suit
444 3906 554 3979 uratur
570 3897 659 3983 Deo).
684 3895 803 3965 Graece
819 3905 864 3961 esi
882 3918 890 3960 ι
909 3918 961 3957 και
984 3914 1017 3968 ην
1046 3915 1161 3966 αστειος
1186 3915 1229 3977 τῳ
1253 3888 1346 3979 Θεῳ,

178 4017 211 4084 b.
237 4038 266 4084 e.
293 4029 422 4104 eratque
442 4039 525 4103 puer
546 4023 806 4106 formosissimus.
828 4019 899 4085 Pari
916 4016 1007 4084 modo
1025 4015 1099 4084 urbs
1115 4015 1224 4082 Ninive
1240 4015 1349 4098 (lonae

177 4145 250 4210 111:
271 4143 328 4233 11)
351 4144 464 4213 dicitur
490 4141 601 4222 nemini
629 4143 711 4233 rbi-n
736 4158 786 4221 mr,
810 4145 884 4210 urbs
910 4164 1025 4226 muana
1045 4143 1129 4221 Deo,
1158 4138 1191 4207 b.
1216 4159 1245 4205 e.
1270 4141 1350 4207 urbs

174 4270 381 4352 amplissima.
402 4267 556 4335 Nimirum
581 4267 712 4335 Hebraei
729 4267 767 4335 ed
782 4266 996 4347 indicandum,
1021 4285 1088 4332 esse
1104 4259 1219 4351 aliquid
1239 4261 1271 4327 in
1288 4282 1348 4330 suo

174 4410 286 4482 genere
318 4391 630 4481 praestantissimum,
660 4411 890 4482 nonnumquam
927 4389 988 4457 hoc
1022 4388 1063 4455 ita
1100 4384 1279 4476 exprimunt
1314 4396 1350 4453 ut
