3074 5054
196 404 261 471 lld
551 397 685 466 ACTUS
719 397 1056 478 APOSTOLORUM‚

191 604 257 662 tum
280 592 322 660 oh
345 591 445 658 minas
468 587 613 677 Synedrii
637 609 698 656 non
722 588 912 657 abstinerent
927 609 945 656 a
961 587 1168 678 praedicando
1185 589 1376 677 Evangelio,

189 717 245 786 sed
257 728 365 785 contra
381 714 551 783 animosius
567 712 644 779 illud
657 713 892 781 annunciarent.
909 711 957 781 dd
969 735 1034 782 rem
1048 713 1100 782 hic
1111 725 1196 781 notat
1207 713 1377 782 Cornelius

187 838 339 929 alapide
357 862 366 905 ι
392 837 504 905 «ilinc
519 834 688 916 discimuS,
708 838 826 922 iuquit,
845 837 974 924 gratiam
990 836 1179 905 habitualem
1195 835 1285 904 iustis
1308 857 1375 903 non

187 962 331 1030 sufficere
347 960 387 1029 ad
402 958 568 1027 vincendas
584 959 761 1046 ingruentes
777 979 865 1028 acres
881 961 1062 1028 tentationes
1076 970 1107 1027 et
1123 958 1374 1049 persecutiones,

186 1085 244 1153 sed
258 1083 297 1153 ad
321 1083 383 1152 ltoc
406 1103 485 1172 opus
509 1101 577 1149 esse
601 1101 681 1149 novo
697 1081 873 1171 crebroque
889 1083 1027 1172 impulsu
1051 1093 1083 1150 et
1104 1081 1217 1150 robore
1233 1081 1374 1170 Spiritus

184 1209 308 1291 Sancti,
330 1208 470 1298 illudque
497 1207 643 1296 precibus
670 1207 826 1274 continuis
854 1217 886 1274 et
906 1207 1086 1275 ardentibus
1117 1203 1372 1294 efflagitandum,

184 1336 229 1404 uti
252 1333 305 1402 hic
328 1333 467 1402 fecerunt
487 1330 594 1400 fideles
616 1330 829 1421 (Apostoli).»
850 1332 951 1400 Etiam
975 1330 1123 1399 miracula
1139 1327 1248 1406 edendi
1266 1339 1373 1418 potes-

182 1472 276 1529 tatem
302 1459 479 1550 Apostolis,
502 1469 536 1526 ut
563 1458 735 1547 petiverant
760 1456 824 1546 (vs.
855 1457 927 1546 30),
952 1457 1047 1526 luisse
1074 1456 1303 1534 continuatam,
1329 1475 1372 1521 ex

185 1583 339 1654 versiculo
356 1586 399 1654 55
415 1583 578 1651 discimus,

228 1832 284 1899 52.
309 1830 537 1896 Multitudinis
560 1839 668 1895 autem
690 1832 906 1909 credentium,
930 1833 1018 1916 eto).
1040 1826 1120 1893 Cum
1142 1826 1243 1893 Lucas
1265 1825 1372 1915 scrip·

181 1954 258 2022 serit
278 1977 337 2019 των
364 1968 594 2019 πιστευσαντων
617 1953 665 2042 (in
687 1950 796 2039 Aur),
814 1953 848 2020 lt.
873 1973 903 2020 e.
926 1973 1036 2018 corum
1060 1954 1117 2037 qui
1141 1953 1369 2028 crediderant,

182 2098 243 2145 non
256 2090 358 2147 autem
374 2100 433 2142 των
450 2099 669 2158 caccavorum,
688 2088 721 2145 ut
740 2097 835 2166 supra
851 2078 928 2166 Cap.
944 2079 998 2144 ll:
1018 2079 1080 2157 ll,
1098 2075 1232 2142 dubitari
1249 2085 1368 2164 potest,

180 2211 284 2268 utrum
301 2200 353 2268 hic
370 2201 542 2290 respexerit
564 2201 633 2267 illos
654 2199 739 2268 solos
761 2201 815 2289 qui
839 2200 878 2268 ad
901 2213 1056 2268 recentem
1078 2199 1159 2266 hanc
1182 2198 1266 2265 Petri
1287 2218 1369 2265 con-

178 2322 301 2391 cionem
325 2322 418 2391 tidem
440 2321 648 2389 Christianam
668 2321 789 2390 lucrant
811 2323 964 2412 amplexi,
982 2344 1020 2390 an
1037 2343 1127 2400 vero,
1146 2330 1269 2409 praeter
1284 2320 1366 2403 lios,

180 2448 273 2515 etiam
288 2446 481 2516 Christianos
497 2446 586 2527 illos,
605 2445 643 2513 de
669 2445 783 2535 quibus
806 2446 897 2535 paulo
921 2457 990 2514 ante
1012 2445 1105 2536 (Cap.
1125 2447 1153 2512 ll
1180 2469 1188 2510 ε
1213 2444 1368 2534 tlt-lv)

177 2591 353 2640 sermonem
389 2572 449 2639 iam
484 2570 610 2639 lecerat.
640 2571 815 2656 Quominus
842 2571 998 2659 posterius
1025 2569 1184 2647 dicamus,
1217 2588 1278 2634 non
1305 2567 1366 2635 ob-

177 2704 259 2761 stare
286 2694 363 2762 mihi
388 2694 508 2761 videtur
537 2693 620 2783 quod
645 2693 675 2759 in
704 2694 857 2781 praesenti
886 2712 1008 2760 morum
1035 2690 1283 2758 Christianorum
1307 2689 1368 2757 de-'

176 2817 346 2906 scriptione
368 2818 430 2904 (vs.
453 2815 603 2904 tn-oo)
631 2815 701 2882 talia
730 2814 889 2895 dicuntur,
914 2814 1045 2905 quaein
1067 2824 1244 2902 antegressa
1267 2813 1364 2903 (Cap.

96 2944 98 2948 ‘
179 2941 208 3007 ll
227 2964 235 3006 ε
252 2939 401 3029 ll-ll)
424 2938 505 3007 dicta
529 2941 590 3007 iam
610 2939 749 3019 fuerant,
774 2960 873 3029 quum
893 2938 969 3006 haec
990 2939 1021 3005 in
1037 2948 1146 3026 quarto
1165 2937 1226 3004 hoc
1249 2936 1362 3025 Capite

176 3076 207 3130 et
221 3065 351 3130 uberius
367 3074 397 3130 et
413 3067 599 3130 distinctius
615 3063 769 3132 dicantur.
1030 3145 1033 3148 ἦ

221 3191 377 3258 Hactenus
394 3199 571 3256 narraverat
586 3190 685 3256 Lucas
703 3209 736 3255 ea
754 3207 834 3277 quae
851 3187 1016 3277 Apostolos
1040 3186 1236 3277 spectabant;
1256 3187 1361 3275 pergit

176 3312 236 3380 iam
264 3311 369 3381 dicere
392 3312 431 3379 de
459 3312 588 3383 novellis
615 3311 830 3379 Christianis:
854 3309 893 3378 ad
916 3311 1144 3378 multitudinem
1168 3321 1273 3377 autem
1293 3307 1362 3400 (δε)

176 3453 286 3502 eorum
310 3435 363 3523 qui
389 3434 585 3503 crediderant
607 3433 691 3524 quod
707 3436 833 3516 attinet,
851 3445 917 3502 erat
933 3434 996 3503 illis
1011 3456 1065 3502 cor
1086 3457 1187 3501 uatum
1202 3447 1233 3500 et
1247 3437 1362 3502 auimo

176 3578 257 3640 nno,
276 3555 310 3624 h.
329 3576 359 3624 c.
378 3558 553 3626 arctissimo
568 3559 684 3627 amoris
700 3558 825 3627 vinculo
846 3559 926 3626 inter
941 3579 975 3626 se
988 3569 1078 3625 erant
1093 3557 1359 3627 coniunctissimi.

222 3682 466 3765 necquicquam
494 3702 621 3761 eorum,
639 3681 728 3767 etc).
754 3683 856 3752 Datur
877 3680 930 3748 hic
951 3681 1034 3748 itlius
1054 3681 1171 3749 amoris
1193 3700 1360 3768 argumen-

176 3812 254 3868 tum.
275 3801 395 3869 Graeca
411 3802 586 3870 distinctius
602 3803 648 3871 sic
664 3803 838 3872 reddideris
858 3829 865 3870 :
884 3825 982 3889 oeque
998 3807 1083 3870 ullus
1099 3807 1271 3889 quidquam
1285 3825 1360 3871 suo-

175 3945 249 3989 rum
263 3924 416 3989 bonorum
430 3925 551 3990 dicebat
567 3945 630 3992 esse
644 3948 758 4012 suum,
773 3927 828 3992 scd
843 3936 937 3992 eruut
953 3928 1021 3993 illis
1037 3929 1148 3994 omniu
1162 3929 1367 4008 commuuio.-

176 4045 291 4113 Conler
307 4065 386 4134 quae
403 4046 575 4114 notavimus
592 4068 687 4138 supra
702 4048 741 4116 ad
758 4049 835 4137 Cap.
855 4049 884 4115 ll
905 4071 913 4116 ε
933 4050 988 4115 ll.

220 4291 276 4359 ta.
295 4292 441 4380 lnooepta
464 4291 618 4360 versiculo
647 4295 690 4362 δῇ
715 4271 849 4361 narratio
872 4292 911 4361 de
933 4293 1072 4360 moribus
1097 4291 1234 4361 fidelium
1259 4291 1357 4358 inter-

174 4413 330 4502 rumpitur
355 4433 411 4502 per
432 4433 468 4480 ea
489 4435 568 4504 quae
595 4416 750 4484 versiculo
773 4419 816 4484 35
839 4416 983 4484 dicuntur
1002 4417 1044 4484 de
1065 4419 1244 4500 Apostolus·
1265 4435 1356 4484 resu-
