3074 5054
180 394 247 463 582
532 388 667 458 AC'PUS
702 387 1040 472 APOSTOLORUM,

227 585 372 652 tt-ta.
397 581 512 649 Simon
532 582 665 668 (Petrus)
683 582 841 664 narravit,
860 583 1147 667 quaemadmodum,
1167 592 1229 651 etc.
1248 582 1372 674 ).laeo·

181 708 240 776 bus
262 706 444 775 sententiam
466 704 550 772 Petri
574 702 737 773 confirmat
764 705 824 773 iam
853 727 891 773 ex
914 707 1005 775 dictis
1032 707 1277 797 Prophetarum.
1304 709 1370 778 Ubi

181 845 269 912 nota,
289 832 373 921 quod
391 843 496 900 noster
511 829 700 899 Paludanus¹
723 832 883 914 observat,
901 833 1136 922 Scriptnrarum
1152 835 1368 902 testimoninm

180 955 331 1025 alacobo
356 955 488 1045 prolerri
512 975 572 1022 non
597 954 635 1022 ad
657 954 858 1023 decidendam
882 956 1095 1045 quaestionem
1117 956 1156 1024 de
1179 954 1370 1046 Leg‘alibus,

182 1101 260 1170 quae
281 1081 408 1170 proprie
430 1078 483 1148 hio
502 1080 660 1169 agebatur,
682 1080 738 1149 scd
759 1081 798 1149 ad
820 1080 1084 1170 comprobandam
1107 1080 1254 1150 Gentium
1272 1100 1371 1148 voea-

182 1207 315 1286 tionem‚
334 1223 427 1293 quarn
442 1205 554 1272 Petrus
567 1226 624 1294 pro
640 1225 715 1272 suae
730 1225 841 1274 causae
857 1204 1057 1273 fundamento
1074 1214 1231 1293 posuerat.
1250 1241 1294 1254 -
1311 1204 1369 1273 Sic

182 1327 262 1395 latur
287 1327 448 1395 lacobus:
480 1328 548 1397 Viri
576 1325 705 1408 iratres,
735 1329 854 1418 inquit,
885 1329 945 1396 iam
971 1348 1062 1396 aures
1090 1328 1236 1418 praebete
1262 1328 1366 1397 mihil

182 1451 287 1521 Simon
311 1450 475 1538 (vaeoat)
497 1453 609 1518 Petrus
630 1451 723 1519 modb
747 1450 810 1541 (vs.
829 1454 849 1519 7
867 1451 936 1542 sq.)
951 1452 1040 1520 vobis
1063 1453 1234 1533 enarravit,
1255 1473 1368 1542 quem-

182 1576 348 1646 admodum
361 1579 505 1663 primam
521 1562 670 1665 (opocen,
689 1585 723 1643 ut
735 1596 782 1642 vs,
797 1577 818 1642 7
833 1600 842 1643 2
857 1581 909 1667 αφ’
924 1575 1044 1667 ἡμερων
1060 1576 1229 1666 αρχαιων),
1244 1575 1267 1642 i.
1283 1596 1314 1643 e.
1335 1577 1370 1645 in

183 1703 338 1794 principio
355 1702 522 1793 praedicati
548 1701 726 1789 Evangelii,
743 1703 831 1769 Deus
854 1702 993 1771 Gentiles
1017 1705 1160 1769 benevole
1183 1704 1371 1787 adaperuerit

183 1828 380 1920 (easmandare
408 1831 533 1917 Depon.
557 1826 642 1896 bled.
669 1829 774 1919 dor),
800 1827 842 1895 ita
866 1839 900 1895 nt
923 1848 962 1895 en
985 1827 1048 1894 illis
1068 1838 1207 1895 sumeret
1234 1822 1368 1914 (λαβειν)

181 1958 335 2043 papulam
357 1952 460 2044 (leon,
477 1972 519 2021 un
536 1948 661 2043 peuple)
690 1954 818 2019 nomini
840 1974 895 2019 ono
918 1950 977 2042 (τῳ
994 1975 1120 2039 conpara
1143 1953 1235 2016 αὐτου
1257 1952 1365 2022 Dativ.

186 2079 358 2166 Commoda)
381 2076 403 2144 i.
429 2096 458 2144 e.
483 2077 536 2166 qui
562 2076 622 2143 uua
644 2075 806 2145 nobiseum
827 2079 1032 2143 nomenoius
1058 2080 1230 2143 irtaooaret.
1262 2077 1368 2166 Atque

183 2205 257 2271 lartio
271 2202 383 2294 (τουτῳ
400 2202 430 2269 in
447 2204 564 2270 Neutro
581 2201 720 2292 Genere)
743 2201 787 2270 rei
810 2205 981 2270 concinunt
1000 2201 1253 2295 (capparonum)
1268 2206 1367 2272 aerbo

184 2334 418 2417 Prophetarum
440 2339 481 2420 (p.
507 2332 540 2396 d.
567 2327 650 2417 quod
674 2328 782 2396 Simon
804 2328 919 2396 lantum
947 2348 1015 2396 esse
1038 2329 1190 2410 narravit,
1209 2328 1289 2397 illud
1308 2329 1366 2398 ali·

185 2453 308 2544 quando
336 2452 474 2521 iuturum
501 2471 588 2529 esse,
623 2450 816 2540 praedictum
843 2450 901 2518 luit
926 2451 1080 2518 vaticiniis
1106 2449 1364 2544 Prophetarum),

184 2581 265 2645 siout
285 2579 450 2662 scriptam·
468 2587 530 2658 ert,
556 2573 641 2641 verbi
662 2575 775 2662 gratia,
798 2575 829 2640 in
857 2574 1002 2641 vaticinio
1028 2572 1204 2663 Prophetae
1229 2576 1330 2644 Amos
1355 2596 1363 2639 ε

183 2705 260 2769 Post
287 2706 362 2769 haee
387 2711 542 2780 revertar,
568 2709 629 2765 eto.
651 2736 696 2748 —
718 2699 767 2765 Ex
788 2697 939 2764 vaticiniis
967 2697 1005 2765 de
1035 2697 1195 2765 vocatione
1216 2698 1365 2768 Gentium

183 2848 279 2895 unum
304 2837 420 2894 tantum
445 2827 567 2893 aLuoa
586 2824 727 2902 affertur,
753 2822 887 2911 exempli
911 2841 1020 2904 causa3
1047 2841 1116 2889 nam
1134 2822 1285 2891 credibile
1302 2835 1364 2904 est,

183 2948 273 3038 plura
289 2968 306 3016 a
324 2946 436 3016 lacobo
453 2946 549 3015 inisse
565 2945 696 3037 prolata.

226 3075 304 3142 Post
324 3075 399 3138 haec
420 3081 578 3152 revertar,
604 3071 691 3155 eto).
710 3071 846 3138 Effatum
870 3068 1106 3160 propheticum,
1126 3070 1209 3159 quod
1230 3071 1366 3141 lacobus

181 3197 233 3266 hic
248 3198 375 3286 allegat,
389 3207 525 3265 sonatum
542 3207 588 3263 est
603 3215 643 3262 ex
657 3195 802 3263 vaticinio
819 3195 995 3285 Prophetae
1014 3197 1110 3264 Amos
1123 3197 1199 3286 Cap.
1216 3198 1264 3264 lX
1279 3201 1320 3266 :’l
1331 3202 1364 3281 l,

183 3325 236 3391 ll.
261 3322 413 3410 allegatio
437 3331 558 3402 autem,
576 3330 610 3387 nt
629 3319 661 3385 in
688 3319 842 3408 praesenti
864 3320 1014 3388 Actorum
1037 3320 1106 3389 loco
1123 3319 1247 3408 legitur,
1267 3321 1365 3390 refert

180 3444 515 3536 septuaginta-viralem
538 3443 628 3512 istius
652 3441 788 3511 vaticinii
812 3444 1009 3526 versionem,
1034 3456 1064 3512 et
1085 3444 1150 3512 iere
1172 3442 1364 3515 verbotenus

180 3590 248 3639 earn
272 3569 391 3638 retent
410 3569 525 3640 Versio
546 3566 865 3659 Septuaginta-viralis
881 3588 899 3637 a
915 3580 1061 3638 contextu
1082 3569 1258 3652 llebraico,
1277 3570 1363 3661 qnod

211 3850 232 3917 ¹)
250 3849 387 3903 Vindictae
422 3848 590 3916 Theolopicoe
616 3851 746 3903 adversata
823 3849 844 3913 ¹)
862 3849 963 3902 Nomen
974 3847 1024 3901 hoa
1036 3852 1099 3903 tunc
1110 3850 1234 3915 temporis
1244 3850 1362 3916 promis-

177 3935 251 3987 uerbi
274 3936 322 3988 Dar·
341 3935 521 4000 corruptelas,
544 3941 614 3988 anot.
632 3936 674 3987 to,
687 3935 745 3986 Pa·
790 3945 838 3985 oue
850 3935 921 3985 nuno
939 3934 1045 3999 quidem
1063 3921 1153 4007 abacti
1177 3916 1358 4007 (Συμεων),

178 4020 278 4074 ladano
304 4021 504 4086 (Mechliniensi)
527 4019 575 4073 SS.
602 4021 694 4074 litter.
716 4023 745 4074 in
791 4037 863 4076 nnnc
872 4037 933 4078 vero
946 4014 1032 4092 pluat}
1041 4009 1359 4099 (Eupaav)efferebatnr.

176 4104 260 4156 dead.
273 4104 335 4156 Lao.
349 4104 424 4169 Prot.
437 4104 600 4168 Antoerpt'ae
618 4105 697 4168 idid,
711 4105 744 4157 ad
824 4107 843 4172 ⁸)
862 4108 1021 4160 Subiicimus
1030 4107 1072 4160 hic
1084 4107 1153 4159 illins
1165 4108 1280 4160 vaticinii
1293 4109 1360 4163 Ver-

177 4183 204 4236 h.
217 4185 234 4236 l.
246 4182 506 4251 Urgethnnolooum
520 4185 744 4239 Paludauuseon-
789 4189 890 4240 sionem
917 4190 1223 4256 septuaginta-virolam,
1249 4193 1277 4243 et
1304 4191 1359 4258 ipsa

177 4271 217 4318 tra
227 4267 388 4331 haereticos,
400 4268 446 4334 qni
458 4267 589 4331 dicerent,
602 4282 655 4322 non
668 4269 744 4322 linaro
790 4271 878 4322 Amasi
890 4272 968 4325 verba
980 4272 1115 4326 Hebraico.

175 4348 273 4416 aliquid
291 4349 402 4402 definire
418 4349 488 4417 quod
505 4363 557 4401 non
571 4350 605 4402 sih
616 4352 745 4417 expressis
822 4352 853 4403 ln
864 4353 989 4406 Versione
1002 4354 1071 4405 LXX
1078 4355 1235 4407 vaticinium
1245 4355 1310 4408 illud
1321 4358 1359 4409 sio

175 4433 263 4485 verbis
274 4434 301 4486 in
315 4434 457 4500 scripturis
472 4437 633 4487 contentum.
790 4434 886 4500 legitur
900 4452 906 4488 :
918 4421 960 4485 Ev
979 4446 1016 4510 τῃ
1034 4422 1131 4512 ἡμερᾳ
1154 4445 1248 4512 enarra
1264 4448 1358 4490 ανασ·
