3074 5054
411 385 549 456 CAPUT
585 387 632 467 ll,
669 385 791 454 Vsus.
829 385 976 455 di-dd.
1251 388 1293 453 77

115 575 244 659 diadem
263 597 334 644 nam
358 578 479 646 Graeca
501 577 542 644 ita
564 576 655 643 vertit
676 575 765 663 quasi
788 575 939 664 scriptum
962 585 1045 643 esset
1066 600 1074 644 :
1098 600 1134 665 τῃ
1156 599 1296 659 rotrone

114 727 169 779 της
189 702 325 780 nicetes
347 728 401 769 rou
421 727 526 795 αρτου.
551 703 693 771 Forsitan
717 728 768 766 και
794 701 846 769 hic
866 703 1000 792 sumpsit
1020 723 1077 792 pro
1100 726 1189 793 uyonu
1211 706 1293 784 sive,

115 848 180 916 qno
202 849 296 897 sensu
319 829 549 897 Particularia
571 828 687 918 passim
711 827 860 894 occurrit.
880 828 966 896 Haec
985 827 1011 893 si
1033 827 1083 894 cni
1108 826 1211 894 minus
1230 826 1296 915 pla·

114 962 222 1034 ceant,
239 954 353 1043 poterit
375 954 402 1021 is
423 974 515 1021 voees
538 979 574 1043 τῃ
595 976 736 1037 rainone
759 950 875 1019 referre
897 951 936 1020 ad
958 954 1106 1038 Asopos,
1125 953 1189 1021 sive
1211 973 1296 1021 com·

115 1074 223 1141 monia
243 1074 296 1142 illa
319 1076 479 1158 convivia,
499 1096 578 1167 quae
606 1076 638 1143 in
666 1076 823 1166 primitiva
850 1074 991 1143 Ecclesia
1014 1075 1122 1145 fideles
1145 1075 1297 1145 habehant

113 1209 187 1264 antc
200 1201 410 1288 sumptionem
433 1200 661 1269 Eucharistiae.
685 1201 733 1268 ut.
753 1200 874 1268 Estium
898 1199 968 1269 adl
990 1201 1064 1268 Cor.
1082 1200 1153 1268 Xl:
1173 1205 1229 1271 20.
1247 1200 1298 1271 Ad

112 1322 306 1404 fractionem
318 1327 417 1408 portis
440 1325 525 1414 quod
549 1325 672 1405 attinet,
691 1323 894 1392 dubitandum
911 1345 972 1392 non
990 1338 1053 1405 est,
1073 1327 1148 1415 quin
1165 1347 1201 1394 ca
1218 1327 1297 1394 rele-

113 1446 211 1514 renda
230 1451 271 1517 sit
291 1450 331 1518 ad
355 1452 564 1542 sumptionem
584 1453 680 1536 panis
702 1453 908 1518 eucharistici
929 1450 997 1540 (ron
1014 1474 1107 1542 αρτου
1123 1472 1196 1519 cnm
1211 1452 1296 1520 Arti-

112 1571 218 1662 culo);
243 1595 336 1665 qnam
364 1577 647 1666 interpretationem
671 1577 753 1644 sicut
780 1586 922 1643 contexta
949 1576 1047 1643 oratio
1075 1577 1136 1644 iam
1164 1577 1294 1657 suadet,

112 1695 215 1784 agitur
230 1700 312 1767 enim
329 1699 368 1768 de
382 1704 485 1768 sacris
501 1702 677 1779 exercitiis,
692 1701 777 1769 itaet
792 1700 826 1768 S.
845 1699 1026 1789 Scripturas
1044 1700 1083 1769 de
1095 1722 1155 1769 usu
1172 1700 1297 1770 Eucha-

113 1820 219 1888 ristiae
235 1822 382 1912 loquendi
401 1827 478 1920 ratio
495 1826 636 1895 camdem
652 1823 861 1894 commendat.
881 1824 985 1891 Pauis
1005 1847 1099 1911 quem
1115 1845 1294 1906 renuamus,

113 1944 215 2032 iuquit
228 1947 399 2037 Apostolus
414 1950 446 2039 (l
468 1952 542 2018 Cor.
560 1954 592 2019 X
612 1973 620 2015 :
638 1950 708 2041 tu),
726 1972 829 2017 uouue
842 1953 1054 2035 participatio
1071 1953 1215 2035 corporis
1231 1952 1296 2016 Do·

111 2072 199 2135 mini
218 2074 289 2138 est?
308 2075 373 2141 lam
395 2073 495 2161 Syrus
523 2075 617 2145 verba
642 2100 679 2164 τῃ
704 2073 809 2139 κλασει
834 2098 888 2138 του
916 2097 1008 2164 epaon
1036 2074 1075 2141 de
1098 2073 1295 2147 Eucharistia

111 2195 195 2264 dicta
217 2219 285 2266 esse
307 2199 475 2279 intellexit,
500 2220 571 2267 nam
592 2221 627 2267 ca
649 2198 784 2268 reddidit
803 2225 810 2268 ε
828 2193 991 2289 &isidoti
1020 2190 1138 2303 tigni,
1161 2198 1193 2266 ln.
1211 2219 1240 2271 e.
1260 2202 1296 2264 iu

109 2322 267 2404 fractione
293 2325 533 2392 Eucharistiae.
557 2325 637 2391 Cum
662 2344 737 2393 vero
760 2337 862 2391 certae
884 2326 1036 2413 quaedam
1055 2347 1167 2409 preces
1187 2344 1297 2389 sacrae

109 2443 192 2534 (ταις
212 2469 414 2537 προσευχαις,
434 2470 505 2516 cnm
527 2448 682 2535 Articulo)
706 2452 873 2536 iungantur
892 2449 1078 2516 institutioni
1098 2449 1129 2514 io
1154 2446 1297 2514 doctrina
1377 2509 1386 2519 ,

109 2590 201 2639 sacra
216 2583 245 2640 et
261 2574 489 2664 participationi
512 2575 654 2664 corporis
676 2573 822 2654 Domini,
840 2593 901 2640 non
925 2572 1058 2641 obscure
1081 2571 1134 2640 hic
1152 2573 1295 2639 detineo.

107 2706 177 2762 tura
193 2707 239 2765 est
254 2699 450 2769 incruentum
468 2699 545 2768 illud
568 2719 665 2767 novae
686 2699 779 2786 Legis
794 2697 1004 2780 sacrificinm,
1022 2696 1168 2766 sacrificii
1186 2696 1293 2763 crucis

107 2824 436 2905 commemorativnm,
454 2824 538 2913 qnod
554 2824 622 2890 Deo
639 2821 779 2912 qnotidie
795 2822 825 2888 in
842 2822 984 2890 Ecclesia
1000 2822 1159 2891 Catholica
1176 2820 1294 2909 ubique
1380 2871 1383 2878 .

107 2952 264 3012 terrarum
276 2947 418 3014 offertur.

154 3196 209 3262 ts.
232 3215 294 3278 per
322 3197 489 3279 Apostolos
517 3197 553 3261 iu
578 3195 757 3261 Ierusalem
783 3186 928 3278 fiebant).
959 3192 1081 3261 Graece
1111 3213 1118 3251 ε
1150 3187 1202 3255 δια
1232 3214 1292 3255 των

107 3314 295 3382 Αποστολων
315 3325 450 3410 sperarat.
475 3319 547 3386 Duo
576 3318 637 3386 hoc
663 3338 756 3385 versu
783 3316 957 3385 dicuntur:
982 3325 1012 3382 et
1032 3317 1142 3400 primo
1163 3313 1289 3403 quidem

108 3464 172 3532 quo
188 3445 291 3513 animo
307 3445 422 3534 passim
445 3445 546 3513 adecti
569 3445 684 3513 inerint
706 3445 791 3512 cives
807 3441 1056 3531 ierosolymitani
1077 3439 1116 3509 ad
1132 3460 1188 3522 ea,
1211 3459 1291 3530 quae

107 3681 186 3745 bont,
205 3693 288 3746 caque
308 3677 423 3744 genuina
442 3677 527 3730 Lucae
546 3677 674 3744 scriptura
721 3674 873 3728 habendum
885 3686 942 3725 esse
953 3671 1110 3724 existimem.

108 3777 165 3816 esse
176 3763 291 3815 videtur.
754 3759 833 3811 Porro
854 3758 883 3809 in
903 3756 984 3808 Codd.
1008 3754 1050 3807 AC
1078 3753 1219 3819 multisque
1239 3752 1292 3804 Mi-

721 3841 838 3894 nuscolis
849 3844 877 3892 ot
893 3841 980 3892 Verss.
990 3837 1064 3903 Copt.
1076 3839 1103 3888 ot
1114 3835 1192 3900 Vulg.
1205 3848 1221 3886 a
1239 3833 1292 3886 fine

143 3939 163 4006 ¹)
178 3940 243 3993 Vno.
266 3953 338 3990 noer.
355 3938 384 3990 In
401 3938 458 3991 cod,
471 3938 491 3989 Ε
502 3942 529 3990 et
546 3937 671 3988 Minusoc,
721 3927 799 3980 huius
818 3923 937 3977 versiculi
954 3922 1042 3974 addita
1060 3921 1185 3985 leguntur
1201 3919 1264 3969 haec
1284 3934 1290 3969 ε

109 4022 242 4074 nonnullis
274 4020 381 4072 additur
412 4029 440 4069 er
465 4002 673 4095 Ιερουσαλημ,
723 3991 815 4087 φοβος
839 4015 870 4056 τε
898 4014 932 4066 ην
964 4013 1058 4079 peperi
1086 4011 1132 4051 επι
1160 4009 1288 4059 usurus.

109 4109 219 4170 eamque
235 4117 327 4155 vocem
346 4102 473 4155 exhibent
491 4103 569 4155 ctiam
588 4102 674 4154 Verss.
723 4093 760 4144 De
772 4091 868 4157 quibus
884 4089 954 4141 idem
975 4089 1065 4154 putem
1082 4098 1138 4136 esse
1153 4082 1292 4136 ferendum

110 4186 188 4250 Itala,
209 4186 317 4253 Syriaca
338 4190 365 4238 et
385 4186 504 4250 Vulgata.
522 4185 574 4237 Sed
593 4198 676 4250 quum
722 4175 864 4235 indicium,
884 4172 1037 4239 praesertim
1063 4184 1145 4236 quum
1168 4167 1293 4233 languida

108 4270 219 4322 otiosum
228 4269 350 4321 videatur
361 4268 426 4320 illud
437 4267 576 4330 addidisse,
589 4280 676 4330 neque
722 4256 787 4308 mihi
804 4254 925 4306 videatur
938 4253 1057 4320 repetitio
1073 4250 1215 4316 superioris
1227 4263 1292 4300 sen-

109 4367 230 4419 magnam
254 4353 331 4406 lectio
357 4351 451 4404 habeat
479 4351 677 4411 auctoritatem,
723 4338 962 4411 tentiaezeyeuero
984 4317 1016 4385 de
1036 4342 1120 4407 πασῃ
1139 4317 1222 4406 pap-p
1239 4340 1292 4407 po-

109 4450 157 4504 pro
177 4437 331 4503 glossemate
352 4436 418 4488 illud
440 4443 469 4484 tu
485 4415 676 4511 Ιερουσαλημ
724 4413 788 4501 βας.
