3074 5054
178 360 243 476 aaa
534 406 668 474 nouus
704 404 1033 483 arosnononuu,

177 597 319 665 videntur
343 597 485 687 Apostoli
513 597 629 683 Pergae
656 594 813 675 haesisse,
844 595 898 662 sed
927 594 1104 661 continuato
1128 592 1257 674 itinere,
1279 615 1358 678 per-

178 726 369 788 transeundo
396 718 581 802 (διελθοντες)
609 720 834 810 pamphiliam,
864 719 1021 808 perexisse
1048 718 1244 786 Antiochiam
1273 719 1359 786 Pisi-

177 847 257 913 diae.
284 835 416 913 Additur
431 866 542 913 nomen
562 847 706 911 Pisidiae
731 845 925 935 provinciae,
951 855 984 910 ut
1007 842 1083 914 haec
1104 842 1269 933 Antiochia
1292 843 1358 910 dis-

177 973 332 1059 tinguatur
343 971 381 1037 ab
398 970 562 1038 Antiochia
576 969 704 1055 Syriae,
722 969 805 1036 unde
822 967 952 1057 proiecti
966 967 1088 1034 fuerant
1102 967 1243 1056 Apostoli
1261 965 1358 1048 (Vide

177 1115 270 1183 supra
288 1114 334 1161 vs.
353 1092 466 1182 1-5).
486 1091 669 1159 Antioohiae
682 1092 732 1159 die
748 1092 871 1161 Sabbati
886 1093 957 1175 (των
974 1087 1152 1178 capparono)
1169 1110 1355 1178 synagogam

177 1218 327 1305 ingressi,
350 1237 420 1285 oum
442 1218 554 1284 ceteris
579 1217 621 1283 ibi
647 1220 856 1283 consederunt
879 1213 1063 1307 (εκαθισαν),
1082 1216 1243 1283 lectionem
1264 1216 1358 1304 Legis

178 1353 208 1407 et
222 1341 620 1431 Prophetarumaudituri.
639 1341 878 1409 —Promiscue
902 1340 1016 1408 dicitur
1039 1365 1072 1404 ro
1093 1335 1247 1426 σαββατον
1272 1349 1302 1406 et
1317 1363 1357 1402 τα

177 1464 323 1554 σαββὰτα
340 1467 378 1534 de
394 1489 458 1534 tttto
475 1467 525 1534 die
538 1465 676 1534 sabbati.

225 1714 277 1779 tt.
303 1712 381 1777 Post
404 1713 564 1776 lectionem
587 1723 692 1777 nutem
710 1713 783 1795 lepis
801 1722 830 1776 et
843 1713 1092 1795 prophetorum,
1111 1709 1199 1791 etc).
1216 1712 1250 1776 ln
1268 1729 1358 1776 more
1424 1784 1425 1788 Ἰ

178 1835 312 1923 positum
328 1845 394 1901 erat
409 1834 491 1923 apud
507 1834 649 1913 ludaeos,
664 1844 697 1900 ut
708 1833 831 1902 Sabbati
846 1835 896 1902 die
909 1835 940 1901 in
954 1834 1117 1922 synagogis
1130 1832 1246 1923 populo
1263 1853 1356 1922 prae·

99 2016 101 2020 .
178 1958 330 2046 legeretur
345 1957 546 2024 Pentateuchi
564 1958 714 2045 particula
737 1959 856 2047 aliqna3
876 1969 906 2025 et
921 1957 1143 2047 adiungebatur
1158 1978 1197 2025 ex
1212 1957 1357 2046 Prophe-

88 2141 89 2146 ,
178 2092 277 2151 tarum
294 2082 384 2152 libris,
397 2082 493 2149 sectio
511 2081 680 2170 quaedam,
695 2083 784 2149 cuius
800 2093 1013 2171 argumentum
1032 2083 1173 2170 proxime
1191 2082 1357 2149 accederet

173 2209 212 2277 ad
235 2209 395 2277 materiam
423 2220 523 2276 textus
548 2230 586 2276 ex
612 2210 822 2278 Pentateucho
847 2210 1054 2299 praelegendi.
1082 2211 1183 2305 Atque
1206 2209 1283 2277 haec
1308 2220 1357 2277 est

174 2335 245 2414 itta,
264 2332 350 2422 quac
368 2332 419 2400 hic
441 2333 557 2401 dicitur
579 2356 750 2423 αναγνωσις
771 2357 825 2397 του
847 2356 941 2420 copon
965 2358 1017 2397 και
1036 2357 1095 2397 των
1113 2356 1284 2425 προφητων.
1304 2332 1356 2400 Ad

174 2455 316 2524 eumdem
337 2456 431 2523 ritum
455 2476 577 2523 sacrum
606 2455 765 2523 reserenda
791 2466 863 2522 sunt
885 2457 974 2523 etiam
999 2476 1078 2544 quac
1103 2456 1248 2530 dicuntur
1272 2455 1358 2523 infra

174 2581 250 2668 Cap.
265 2580 328 2646 XV
343 2600 350 2641 :
367 2582 429 2659 Ph,
448 2591 478 2646 et
490 2583 511 2647 ⁶2
524 2581 597 2647 Gor.
612 2581 682 2647 ttl:
705 2583 758 2647 tb'.
778 2580 904 2648 Videsis
918 2599 952 2645 ea
969 2579 1007 2646 do
1024 2600 1057 2646 re
1074 2578 1133 2646 late
1149 2579 1356 2647 disserentem

176 2703 349 2790 Vitringam
376 2705 421 2767 ue
443 2702 611 2787 Spaopoqo
632 2715 753 2784 cetere,
772 2702 842 2771 Lib.
863 2709 902 2784 5.,
921 2706 1006 2770 Part.
1027 2706 1067 2784 P,
1085 2705 1161 2792 Cap.
1181 2705 1261 2784 Vll,
1278 2724 1354 2793 sqq.

175 2829 250 2894 Post
267 2827 429 2893 lectionem
447 2839 547 2893 autem
572 2827 656 2894 iliam
672 2828 781 2917 concio
797 2827 837 2895 ad
856 2828 1006 2917 populum
1031 2827 1139 2895 haberi
1154 2826 1285 2896 solebat.
1305 2829 1358 2894 De

176 2969 237 3038 quo
254 2970 341 3016 more
357 2950 419 3037 agit
434 2949 516 3016 idem
532 2950 646 3018 ibidem
663 2953 748 3018 Part.
767 2953 799 3032 I,
818 2952 893 3036 Cap.
912 2953 960 3034 V,
978 2973 1049 3041 sqq.
1083 2979 1085 2985 ’

221 3079 378 3141 miserunt
390 3077 556 3158 principes
572 3097 766 3160 sponpopue,
786 3084 872 3164 etc).
900 3077 1020 3144 Graece
1036 3089 1083 3144 est
1098 3097 1159 3143 una
1181 3096 1241 3143 vox
1262 3098 1359 3166 αρχι-

178 3223 367 3290 συναγωγοι,
393 3219 452 3288 qua
476 3200 688 3287 intelliguntur
704 3213 768 3267 tum
792 3200 843 3267 ille
868 3201 919 3289 qui
943 3201 1056 3268 eximie
1071 3205 1086 3264 ὁ
1102 3223 1359 3291 αρχισυναγωγος

176 3320 301 3414 (oppam
325 3324 407 3404 uda)
434 3323 593 3392 dicebatur
620 3326 714 3414 (Luc.
744 3326 823 3395 VIII
850 3349 858 3401 ς
890 3328 958 3409 ta),
983 3338 1046 3392 tum
1076 3325 1186 3414 reliqui
1215 3325 1359 3393 minores

174 3450 351 3537 synagogae
378 3449 563 3539 praepositi,
584 3457 699 3536 'puppup
731 3451 796 3516 sive
833 3461 978 3534 pastores
1017 3450 1173 3540 appellati.
1203 3449 1360 3540 Archisy·

175 3574 283 3661 nagogi
304 3573 352 3639 illi
369 3582 422 3640 aut
445 3574 605 3653 noverint,
627 3585 679 3640 ant
694 3585 778 3641 certe
795 3595 833 3642 ex
849 3553 937 3642 Pauli
962 3587 993 3643 et
1016 3576 1175 3642 Barnabae
1200 3573 1308 3643 habitu
1327 3565 1378 3644 etx

174 3702 261 3773 vultu
283 3702 490 3791 coniecerint,
509 3722 577 3769 esse
593 3722 647 3769 eos
663 3701 747 3769 viros
764 3702 872 3771 doctos
889 3703 1026 3792 talesque
1043 3702 1097 3790 qui
1116 3711 1242 3790 possent
1258 3701 1357 3769 verba

174 3828 276 3895 facere
291 3826 329 3894 ad
345 3827 506 3916 populum.
527 3828 634 3914 ltaque
651 3825 689 3892 ab
714 3826 776 3893 illis
801 3827 981 3905 imitantur,
1000 3837 1073 3915 puta
1097 3846 1152 3914 per
1175 3825 1356 3893 ministrum

175 3952 241 4040 (rou
259 3953 422 4044 ὑπηρετην,
439 3951 509 4019 vide
533 3953 611 4018 Luc.
631 3952 701 4019 th
721 3953 790 4042 20),
817 3963 852 4019 ut
867 3953 893 4018 si
911 3971 1003 4040 quem
1020 3954 1055 4016 itt
1072 3953 1177 4016 animo
1201 3949 1241 4030 (εν
1266 3949 1358 4036 ipro)

179 4078 327 4147 haberent
342 4096 536 4156 sermonem,
563 4076 671 4164 quiad
694 4076 920 4144 exhortandum
945 4078 1094 4165 populum
1119 4075 1233 4143 ualeret
1254 4074 1357 4166 (λογος

178 4202 420 4297 capadociae),
437 4202 476 4270 ad
492 4201 656 4269 dicendum
674 4201 868 4270 accederent.

223 4452 276 4518 tu.
295 4451 437 4535 Serpens
449 4458 554 4514 cutem
567 4444 704 4525 Paulos,
719 4447 805 4525 etc).
824 4445 939 4512 Paulus
955 4456 1057 4512 autem
1070 4465 1141 4513 cum
1158 4447 1355 4513 surrexisset
