3074 5054
489 352 627 421 CAPUT
663 353 728 429 IX,
766 349 887 420 Vnus.
926 354 1072 420 54-59.
1299 361 1360 426 art

193 547 321 613 Tobitdo
337 548 457 615 Graece
474 544 603 612 reddere
623 543 719 623 velis,
737 544 858 612 Graece
880 541 995 610 dicitur
1017 544 1146 635 Δορκας.
1173 545 1296 631 Quibus
1312 569 1366 616 vo-

190 667 302 735 cabulis
326 667 489 735 denotatur
511 676 675 733 venustum
700 665 777 733 iilud
799 665 932 746 animal,
953 665 1038 754 quod
1055 665 1202 734 historiae
1218 670 1366 738 naturalis

189 791 350 880 scriptores
365 791 506 875 Capram
521 792 675 873 pozettaru
691 801 809 855 uocare·
820 787 932 856 solent.
952 791 1026 855 Erat
1041 799 1143 856 autern
1161 788 1237 858 haec
1254 791 1367 860 mulier

189 933 254 980 curn
282 913 475 1002 praestandis
499 912 589 980 bonis
613 911 762 1000 operibus
789 921 852 978 tota
876 910 978 978 dedita
1001 911 1110 998 eisque
1129 912 1222 979 veluti
1247 917 1366 998 referto

188 1035 332 1129 (πληρης),
352 1049 420 1104 tum
431 1042 600 1123 praecipue
616 1037 693 1124 (και)
710 1034 750 1103 ob
775 1045 913 1122 erogatas
935 1035 1081 1102 continno
1104 1036 1211 1124 (εποιει
1233 1037 1362 1126 lrnpers.

189 1161 265 1231 Vide
292 1169 398 1252 supra)
428 1163 640 1248 ele'e'mosynas
662 1161 702 1228 de
730 1159 920 1249 pauperibus
942 1159 1021 1228 bene
1046 1162 1167 1229 merita.
1185 1199 1229 1210 -—
1251 1164 1300 1229 De
1315 1187 1366 1226 και

154 1302 158 1307 ’
189 1283 330 1353 hocloco
354 1285 426 1353 ride
449 1305 528 1373 quae
548 1296 651 1353 notata
675 1284 807 1351 suntad
831 1286 908 1373 Cap.
926 1285 972 1354 VI
990 1307 997 1348 ε
1014 1286 1047 1351 8.
1062 1287 1187 1354 Dicitur
1209 1291 1250 1351 ὡν
1273 1310 1366 1352 suoru

188 1431 241 1493 per
257 1411 505 1477 Attruotioum

228 1658 284 1725 57.
310 1656 445 1722 Factum
467 1667 513 1721 est
532 1666 638 1721 auteur
662 1655 827 1720 indiciue
850 1655 933 1735 iltis,
952 1654 1041 1741 etc).
1068 1654 1191 1723 Accidit
1210 1667 1313 1724 autern
1329 1678 1365 1724 eo

186 1788 323 1868 tempore
339 1779 382 1866 (εν
407 1803 474 1853 ταις
490 1779 615 1869 ἡμεραις
632 1799 769 1851 currucae.
786 1776 870 1844 Vide
894 1779 971 1867 Cap.
990 1779 1069 1847 viu
1085 1805 1093 1846 ε
1114 1777 1158 1859 t),
1176 1800 1237 1868 quo
1254 1782 1366 1848 Petrus

184 1901 264 1991 apud
288 1901 469 1988 Lyddeoses
485 1902 676 1981 morabatur,
694 1911 729 1968 ut
743 1899 876 1967 Tabitha
901 1899 953 1968 illa
968 1903 1159 1984 infirmitate
1175 1905 1284 1988 aliquio
1299 1925 1366 1970 eor-

183 2036 273 2110 repto
289 2024 529 2112 (ασθενησασαν)
546 2034 732 2092 moreretur.
750 2025 800 2090 De
823 2024 951 2110 Syntaxi
968 2049 1081 2116 operere
1098 2049 1190 2101 αυτην
1207 2028 1365 2092 αποθανειν

183 2147 251 2215 ride
267 2168 362 2237 supra
378 2148 417 2215 ad
434 2169 481 2216 vs.
500 2151 593 2217 5.-
610 2148 714 2226 Quom
730 2169 802 2214 euru
819 2150 979 2215 iuvissent.
998 2152 1068 2218 Mos
1090 2150 1211 2218 lavandi
1234 2173 1367 2242 corpora
1482 2188 1484 2193 ·

182 2269 399 2338 defunctorum
421 2271 604 2360 priusquam
629 2269 724 2337 humo
749 2271 970 2351 conderentur,
997 2275 1172 2341 eommunis
1196 2286 1261 2342 erat
1284 2277 1367 2367 apud

182 2396 338 2483 antiquos.
356 2395 484 2463 Videsis
509 2395 658 2461 Lorinum
682 2392 771 2461 adh.
790 2394 833 2475 l.;
853 2407 883 2461 et
907 2395 1081 2483 Doughtaei
1098 2400 1241 2464 ouoieeto
1257 2422 1361 2467 socru.

180 2520 268 2586 Part.
285 2529 403 2607 poster.
430 2540 462 2607 p.
490 2522 547 2596 77,
565 2539 636 2608 sqq.
656 2519 840 2584 Pocueruut
862 2521 896 2585 iu
913 2523 1095 2604 coenaculo,
1117 2542 1146 2582 εν
1163 2522 1308 2612 ὑπερῳῳ,
1327 2522 1365 2590 de
1451 2614 1453 2618 Α

182 2663 247 2732 quo
263 2643 335 2734 vide
351 2662 447 2732 supra
462 2642 502 2711 ad
517 2643 595 2731 Cap.
615 2644 628 2708 1
649 2667 657 2708 ε
675 2645 729 2711 15.

226 2875 314 2954 58...
340 2891 493 2973 discipuli
515 2892 697 2975 audientes,
724 2894 799 2976 quio
822 2893 957 2969 Petrus,
984 2891 1073 2976 eto).
1100 2893 1178 2959 Corn
1195 2891 1362 2959 Christiani

178 3013 352 3100 Ioppenses
375 3014 569 3080 audivissent
585 3012 794 3101 (ακουσαντες)
811 3017 895 3100 quod
914 3013 985 3101 (ὁτι)
1002 3016 1114 3081 Petrus
1140 3027 1221 3083 esset
1236 3037 1273 3083 eo
1289 3027 1365 3083 tern-

177 3155 258 3223 pore
273 3135 357 3223 apud
373 3136 492 3203 vicinos
509 3135 708 3223 Lyddeoses,
733 3137 811 3205 duos
828 3139 913 3206 viros
928 3138 968 3207 ad
985 3139 1073 3206 illurn
1090 3142 1294 3226 obiecerunt,
1313 3163 1365 3205 ro·

175 3268 290 3342 pontes
318 3255 515 3346 (απεστειλαν
544 3258 799 3351 παρακαλουντες)
827 3283 867 3326 ue
889 3273 1092 3328 coarteretur
1116 3264 1170 3349 (μη
1198 3265 1363 3351 οκνησαιΙ),

177 3381 215 3448 h.
230 3400 259 3446 e.
279 3390 315 3448 ut
337 3379 428 3448 vellet
451 3381 519 3448 sine
536 3399 623 3448 mora
645 3382 752 3448 venire
767 3382 806 3449 ad
829 3387 927 3471 ipsos,
947 3385 1111 3472 -Legati
1136 3407 1196 3454 non
1222 3387 1365 3454 videntur

176 3502 336 3571 indicasse
353 3506 447 3571 Petro
463 3523 588 3572 causam
606 3505 777 3593 petitionis.

226 3754 283 3820 59.
309 3754 497 3836 Eoesurpeus
518 3764 623 3820 outeru
643 3755 781 3835 Petrus,
796 3757 885 3841 etc).
912 3755 1024 3822 Petrus
1043 3764 1145 3821 autem
1166 3753 1245 3821 nihil
1268 3775 1364 3822 eunc-

178 3886 276 3954 tatuS,
294 3877 439 3940 surrepit
456 3874 628 3957 (αναστας),
649 3876 869 3966 profectusque
884 3888 931 3944 est
947 3898 1017 3944 cum
1035 3877 1108 3944 illis.
1129 3878 1237 3943 —De
1258 3877 1363 3946 Verbo

177 4020 351 4073 enarraret
368 3998 399 4066 in
420 3999 479 4066 hac
497 4001 635 4068 oratione
649 4001 717 4068 vide
730 4021 824 4091 supra
837 4001 873 4070 ad
889 4003 965 4091 Cap.
980 4002 1058 4071 Vlil
1075 4021 1082 4064 :
1100 4003 1154 4070 35.
1171 4002 1292 4068 Graeca
1307 4025 1316 4067 ε
1331 4005 1363 4065 ὁν

215 4272 235 4339 ¹)
252 4271 318 4324 Van.
340 4286 410 4325 nucu.
425 4273 452 4324 in
469 4272 550 4326 Codd.
569 4274 652 4326 ABCE
670 4273 753 4326 oratio
764 4276 804 4327 est
813 4274 932 4327 directa:
953 4283 995 4345 μη
1011 4281 1138 4347 οκνησῃς
1162 4254 1286 4322 deridear
1310 4255 1364 4333 ἕως

178 4346 287 4433 ἡμων,
307 4367 337 4415 ut
347 4364 375 4415 in
388 4364 508 4430 Vulgata.
