3074 5054
455 372 592 441 CAPUT
626 373 707 453 vlt,
743 372 865 440 VERS.
905 372 1048 439 tc-tt.
1283 370 1343 436 ill

221 574 275 640 tt.
303 569 383 636 Cam
398 579 501 634 annm
524 563 822 652 appropinquaret).
839 561 1028 630 Particulam
1043 560 1142 635 καθως
1156 563 1194 626 de
1211 571 1348 645 tempere

177 694 292 762 dietam
318 693 536 761 intellexerunt
569 693 776 778 interpretes,
805 700 836 755 et
863 698 980 768 noster,
1010 697 1040 753 et
1066 695 1174 753 auctor
1206 684 1349 773 antiquae

176 817 327 884 versionis
351 813 462 891 italae,
491 823 520 880 et
540 813 656 900 Syrus3
681 831 780 899 eaque
802 808 976 898 significatu
1002 810 1099 882 καθως
1120 806 1231 895 legitur
1257 806 1348 873 etiam

176 943 198 1009 2
220 938 358 1007 mamb.
374 940 389 1006 1
405 964 413 1005 :
432 940 487 1006 nt.
512 937 589 1004 Sunt
612 935 664 1024 qui
688 935 784 1009 καθως
808 933 860 1000 hie
881 933 975 1001 velint
998 930 1128 999 reddere
1148 934 1350 1016 quemadma-

176 1064 272 1142 dnm;
294 1081 355 1128 nan
379 1058 495 1149 prab03
522 1057 678 1145 quianon
702 1055 813 1144 legitur
840 1057 932 1129 οὑτως
952 1055 983 1120 in
1008 1053 1165 1143 Apndasi,
1189 1063 1219 1121 et
1246 1055 1348 1141 negari

177 1185 295 1274 nequit,
315 1184 412 1258 καθως
434 1183 525 1249 etiam
547 1180 585 1248 de
607 1191 744 1265 tempore
767 1180 845 1261 diei,
864 1178 935 1247 lieet
958 1198 1041 1245 rara.
1062 1180 1198 1262 Tempne
1211 1181 1350 1263 promis-

177 1312 295 1393 sionis,
325 1309 383 1377 Gr.
406 1311 547 1395 ὁχρονος
574 1328 624 1378 της
651 1301 849 1394 επαγγελιας,
875 1301 958 1391 quod
985 1322 1042 1391 per
1071 1300 1350 1389 breviloquentiam

178 1431 356 1499 dictumest
372 1449 429 1519 pra
447 1440 569 1512 tempas
583 1429 803 1511 adimplendae
822 1428 1065 1511 promissionis.
1084 1424 1263 1513 Respicitnr
1279 1446 1351 1514 pra-

178 1555 286 1622 missia
308 1552 371 1642 (vs.
391 1555 430 1632 6,
454 1551 486 1631 7)
510 1550 685 1618 Abrahamn
708 1549 786 1617 facta
810 1547 848 1616 de
872 1549 1004 1639 posteris
1028 1549 1095 1616 eius
1116 1559 1186 1638 past
1205 1547 1351 1637 quadrin-

176 1689 284 1768 gentas
313 1695 410 1743 annas
437 1675 604 1743 educendis
632 1695 669 1740 ex
696 1675 837 1762 Aegypta
866 1673 897 1738 in
925 1684 1038 1740 terram
1066 1671 1226 1753 Chanaan3
1256 1694 1352 1759 qnam

179 1799 418 1892 promissionem
439 1801 524 1865 Dens
546 1799 692 1865 Abrahae
715 1801 871 1883 confessas
894 1807 982 1881 erat,
1002 1799 1122 1866 Graece
1138 1794 1350 1885 dpalaynaer,

179 1925 213 1994 h.
242 1945 272 1992 e.
297 1927 527 2010 promiserat¹;
555 1943 614 2013 qna
642 1922 866 2011 significatione
893 1920 1049 2011 &pelopem
1077 1921 1215 1989 accurrit
1240 1920 1350 1989 Matth.

178 2050 257 2118 XIV
289 2073 297 2115 :
327 2052 362 2128 7,
391 2059 421 2114 et
445 2047 527 2137 apud
566 2049 700 2136 Dionys.
736 2047 839 2114 Halia.
868 2047 938 2114 Lib.
969 2049 1015 2113 ill
1053 2045 1106 2136 (in
1134 2046 1224 2114 Bielii
1252 2045 1351 2114 Thes.

178 2173 218 2240 ad
242 2172 276 2240 h.
302 2172 346 2253 V.)
361 2195 370 2238 e
384 2172 528 2262 Τυρρηνοι
545 2167 595 2248 de,
613 2171 730 2259 inquit,
745 2192 927 2256 συμμαχιαν
952 2167 1126 2234 αποστελειν
1142 2166 1351 2260 ὁμολογησαν,

181 2299 346 2381 Tyrrheni
369 2307 474 2361 antem
497 2317 529 2361 se
552 2298 677 2361 annilia
700 2299 851 2361 missuras
874 2317 938 2361 esee
959 2297 1097 2379 polliciti
1119 2305 1206 2360 eant.

224 2423 325 2486 erevit
336 2422 516 2504 papales...
538 2421 739 2504 qeinadnsqne
762 2421 905 2483 enrrenit
927 2421 1011 2484 alins
1036 2439 1111 2502 rea,
1130 2415 1220 2504 ela).
1239 2419 1354 2486 Confer

179 2542 409 2623 Exad.1:5,
436 2543 468 2610 8.
494 2543 583 2608 Mens
607 2540 753 2630 Stephani
779 2551 825 2607 est
851 2538 972 2620 dicere,
1001 2560 1037 2607 ea
1065 2539 1189 2608 demum
1213 2551 1353 2629 tempere

176 2675 300 2754 gentem
334 2665 536 2733 israeliticam
563 2665 696 2732 maxime
724 2664 891 2731 increvisse
918 2675 949 2732 et
975 2664 1210 2754 multiplicatam
1237 2664 1350 2744 fuisse,

179 2789 304 2880 qnando
328 2790 460 2858 instabat
476 2790 622 2858 divinitus
639 2788 830 2879 praedictum
848 2801 968 2879 tempus
984 2791 1014 2856 in
1032 2790 1217 2879 promissam
1239 2800 1351 2857 terram

179 2912 333 2995 abeundi3
357 2913 495 3003 illudque
520 2913 627 3004 papuli
652 2915 875 2981 incrementum
904 2914 1112 2982 continuasse²
1133 2918 1174 2981 ad
1199 2917 1233 2980 id
1258 2937 1354 3001 neqne

179 3052 303 3123 tempm
325 3049 424 3130 (αχρις
446 3030 513 3128 οὗ),
536 3060 597 3128 qun
618 3042 763 3106 sarreait
782 3041 865 3106 alins
889 3062 944 3104 ren
968 3044 1003 3106 in
1025 3042 1170 3124 Aepppta
1173 3089 1187 3123 ,
1205 3040 1324 3107 Graece
1342 3061 1350 3097 τ

178 3163 227 3228 en'
248 3160 422 3252 Αιγυπτον,
448 3162 508 3230 hae
536 3174 602 3243 est,
631 3164 799 3253 interprete
827 3164 933 3232 Flavia
961 3163 1094 3254 lasepha
1122 3163 1262 3252 (Antiqq.
1289 3165 1350 3230 ll:

178 3293 220 3368 9,
241 3292 256 3356 i
278 3311 287 3352 t
311 3313 362 3363 της
384 3285 543 3375 βασιλειας
566 3314 606 3364 εις
632 3287 725 3353 aditae
754 3311 834 3353 arnan
860 3287 1117 3376 piternnatam),
1143 3310 1204 3378 quc
1226 3309 1352 3378 regnum

179 3417 410 3506 Aegyptiaeam
426 3416 464 3483 nd
488 3418 579 3485 aliam
603 3417 749 3486 familiam
766 3417 905 3499 devenit3
923 3421 991 3504 qni,
1010 3429 1096 3486 ortus
1112 3418 1224 3486 exalia
1239 3417 1354 3486 familia

179 3563 250 3622 rex,
268 3564 331 3609 nan
347 3544 462 3609 sciebat
484 3545 614 3627 inrepit,
631 3563 740 3631 graece
762 3565 815 3607 ουκ
837 3538 921 3632 adei,
937 3541 970 3610 h.
993 3563 1022 3610 e.
1041 3544 1093 3632 qni
1114 3566 1179 3610 nan
1193 3565 1353 3628 manneae-

179 3670 235 3734 dat
259 3667 427 3757 losephum
452 3669 581 3756 eiusque
597 3668 627 3734 in
644 3669 818 3757 Aegyptum
842 3667 963 3735 merita.
981 3669 1048 3734 Rex
1071 3666 1124 3735 ille
1147 3665 1241 3760 ἕτερος
1265 3669 1354 3750 (alie-

180 3790 259 3873 nas)
291 3792 433 3880 quisnam
461 3791 572 3871 suerit,
605 3805 691 3861 certa
727 3792 787 3860 diei
824 3792 942 3880 nequit.
978 3790 1154 3860 Secundum
1187 3791 1354 3860 Marshami

216 4084 237 4149 ¹)
251 4082 299 4135 Pra
315 4064 509 4159 depalaynaer
527 4086 602 4138 estin
614 4085 749 4138 nonnullis
793 4099 853 4139 eum
865 4085 967 4138 hisnan
982 4088 1083 4152 pugnat
1092 4084 1119 4137 id
1132 4085 1251 4152 quadhia
1262 4085 1357 4139 dieitur

183 4174 266 4227 Cadd.
285 4183 416 4246 apaaer.
793 4185 808 4223 a
824 4170 967 4237 Stephana,
979 4184 1061 4236 quam
1070 4170 1153 4222 isnan
1165 4170 1285 4234 affirmet,
1298 4184 1356 4222 ees-

216 4250 239 4313 ¹)
256 4249 337 4302 Exnd.
351 4248 747 4318 Cap.l:lilegilur:qnanta-
793 4266 862 4304 sassa
889 4251 954 4302 illad
982 4250 1137 4303 israeliticae
1162 4252 1246 4316 gentis
1268 4253 1357 4303 incre-

184 4348 235 4400 qne
262 4333 442 4400 opprimebant
476 4347 532 4394 aas,
560 4339 634 4385 tanta
662 4334 749 4399 napis
794 4337 928 4396 mentum,
943 4347 994 4400 qua
1007 4333 1240 4399 temporehaecab
1253 4320 1359 4400 Aegyp-

186 4417 432 4485 mnltipiiealrantar
459 4423 482 4471 et
509 4419 666 4472 crescebant.
697 4417 748 4471 Sed
794 4421 837 4472 tiis
853 4420 937 4486 caepit
952 4419 1074 4486 opprimi.
