<?xml version="1.0" encoding="UTF-8"?>
<!DOCTYPE html PUBLIC "-//W3C//DTD XHTML 1.0 Transitional//EN"
    "http://www.w3.org/TR/xhtml1/DTD/xhtml1-transitional.dtd">
<html xmlns="http://www.w3.org/1999/xhtml" xml:lang="en" lang="en">
 <head>
  <title>
</title>
<meta http-equiv="Content-Type" content="text/html;charset=utf-8" />
  <meta name='ocr-system' content='tesseract 3.04.00' />
  <meta name='ocr-capabilities' content='ocr_page ocr_carea ocr_par ocr_line ocrx_word'/>
</head>
<body>
  <div class='ocr_page' id='page_1' title='image "./commentariusina00beelgoog/commentariusina00beelgoog_0517.png"; bbox 0 0 3074 5054; ppageno 0'>
   <div class='ocr_carea' id='block_1_1' title="bbox 500 395 1372 475">
    <p class='ocr_par' dir='ltr' id='par_1_1' title="bbox 500 395 1372 475">
     <span class='ocr_line' id='line_1_1' title="bbox 500 395 1372 475; baseline 0.003 -13"><span class='ocrx_word' id='word_1_1' title='bbox 500 395 637 463; x_wconf 74' lang='lat' dir='ltr'>CAPUT</span> <span class='ocrx_word' id='word_1_2' title='bbox 670 395 752 475; x_wconf 90' lang='lat' dir='ltr'><em>XX,</em></span> <span class='ocrx_word' id='word_1_3' title='bbox 790 397 911 468; x_wconf 82' lang='lat' dir='ltr'><strong>VERS.</strong></span> <span class='ocrx_word' id='word_1_4' title='bbox 953 400 1052 466; x_wconf 96' lang='grc'><strong>1-5.</strong></span> <span class='ocrx_word' id='word_1_5' title='bbox 1306 398 1372 465; x_wconf 75' lang='lat' dir='ltr'><em>dih</em></span> 
     </span>
    </p>
   </div>
   <div class='ocr_carea' id='block_1_2' title="bbox 177 584 1375 2905">
    <p class='ocr_par' dir='ltr' id='par_1_2' title="bbox 191 584 1375 1648">
     <span class='ocr_line' id='line_1_2' title="bbox 233 584 1370 674; baseline -0.002 -20"><span class='ocrx_word' id='word_1_6' title='bbox 233 585 335 654; x_wconf 73' lang='lat' dir='ltr'><em>n-z.</em></span> <span class='ocrx_word' id='word_1_7' title='bbox 363 584 442 651; x_wconf 90' lang='lat' dir='ltr'><em>Cum</em></span> <span class='ocrx_word' id='word_1_8' title='bbox 464 594 569 650; x_wconf 87' lang='lat' dir='ltr'><em>autem</em></span> <span class='ocrx_word' id='word_1_9' title='bbox 590 587 840 669; x_wconf 76' lang='lat' dir='ltr'><strong><em>perambulasset</em></strong></span> <span class='ocrx_word' id='word_1_10' title='bbox 856 596 967 670; x_wconf 87' lang='lat' dir='ltr'><em>partes</em></span> <span class='ocrx_word' id='word_1_11' title='bbox 989 587 1082 670; x_wconf 87' lang='lat' dir='ltr'><em>illas,</em></span> <span class='ocrx_word' id='word_1_12' title='bbox 1102 591 1189 674; x_wconf 80' lang='lat' dir='ltr'><em>etc).</em></span> <span class='ocrx_word' id='word_1_13' title='bbox 1209 584 1270 653; x_wconf 88' lang='lat' dir='ltr'><em>Ubi</em></span> <span class='ocrx_word' id='word_1_14' title='bbox 1296 604 1370 652; x_wconf 88' lang='lat' dir='ltr'><em>vero</em></span> 
     </span>
     <span class='ocr_line' id='line_1_3' title="bbox 193 710 1373 803; baseline -0.001 -24"><span class='ocrx_word' id='word_1_15' title='bbox 193 721 382 801; x_wconf 72' lang='lat' dir='ltr'><strong>peragrasset</strong></span> <span class='ocrx_word' id='word_1_16' title='bbox 397 712 541 795; x_wconf 79' lang='lat' dir='ltr'><em>rapinam</em></span> <span class='ocrx_word' id='word_1_17' title='bbox 566 712 640 778; x_wconf 87' lang='lat' dir='ltr'><em>illas</em></span> <span class='ocrx_word' id='word_1_18' title='bbox 664 714 713 797; x_wconf 80' lang='grc' dir='ltr'><em>(τα</em></span> <span class='ocrx_word' id='word_1_19' title='bbox 738 734 813 803; x_wconf 70' lang='lat' dir='ltr'><em>popu</em></span> <span class='ocrx_word' id='word_1_20' title='bbox 829 712 951 796; x_wconf 79' lang='grc' dir='ltr'>εκεινα),</span> <span class='ocrx_word' id='word_1_21' title='bbox 969 711 1090 779; x_wconf 87' lang='lat' dir='ltr'><em>seilicet</em></span> <span class='ocrx_word' id='word_1_22' title='bbox 1105 710 1324 792; x_wconf 81' lang='lat' dir='ltr'><strong>Macedoniae,</strong></span> <span class='ocrx_word' id='word_1_23' title='bbox 1342 721 1373 778; x_wconf 86' lang='lat' dir='ltr'><em>et</em></span> 
     </span>
     <span class='ocr_line' id='line_1_4' title="bbox 191 833 1372 928; baseline -0.002 -26"><span class='ocrx_word' id='word_1_24' title='bbox 191 838 230 902; x_wconf 91' lang='lat' dir='ltr'><em>od</em></span> <span class='ocrx_word' id='word_1_25' title='bbox 247 837 519 921; x_wconf 86' lang='lat' dir='ltr'><em>perseverantiam</em></span> <span class='ocrx_word' id='word_1_26' title='bbox 540 837 719 903; x_wconf 75' lang='lat' dir='ltr'><em>cohortatus</em></span> <span class='ocrx_word' id='word_1_27' title='bbox 742 840 858 923; x_wconf 75' lang='lat' dir='ltr'><em>fuisset</em></span> <span class='ocrx_word' id='word_1_28' title='bbox 880 833 1126 928; x_wconf 84' lang='grc' dir='ltr'>(παρακαλεσας)</span> <span class='ocrx_word' id='word_1_29' title='bbox 1149 834 1284 925; x_wconf 89' lang='lat' dir='ltr'><em>plurimo</em></span> <span class='ocrx_word' id='word_1_30' title='bbox 1305 853 1372 900; x_wconf 89' lang='lat' dir='ltr'><em>ser-</em></span> 
     </span>
     <span class='ocr_line' id='line_1_5' title="bbox 192 957 1372 1044; baseline -0.003 -20"><span class='ocrx_word' id='word_1_31' title='bbox 192 976 279 1025; x_wconf 85' lang='lat' dir='ltr'><strong>mone</strong></span> <span class='ocrx_word' id='word_1_32' title='bbox 297 958 498 1026; x_wconf 72' lang='lat' dir='ltr'><em>Christianos</em></span> <span class='ocrx_word' id='word_1_33' title='bbox 514 960 558 1026; x_wconf 89' lang='lat' dir='ltr'><em>ibl</em></span> <span class='ocrx_word' id='word_1_34' title='bbox 572 961 716 1044; x_wconf 80' lang='lat' dir='ltr'><em>deportes</em></span> <span class='ocrx_word' id='word_1_35' title='bbox 738 957 885 1043; x_wconf 76' lang='lat' dir='ltr'><em>laurone),</em></span> <span class='ocrx_word' id='word_1_36' title='bbox 904 960 987 1026; x_wconf 88' lang='lat' dir='ltr'><em>venit</em></span> <span class='ocrx_word' id='word_1_37' title='bbox 1010 958 1083 1027; x_wconf 90' lang='lat' dir='ltr'><em>inde</em></span> <span class='ocrx_word' id='word_1_38' title='bbox 1098 962 1133 1026; x_wconf 88' lang='lat' dir='ltr'><em>in</em></span> <span class='ocrx_word' id='word_1_39' title='bbox 1148 959 1304 1025; x_wconf 81' lang='lat' dir='ltr'><em>Acloalam</em></span> <span class='ocrx_word' id='word_1_40' title='bbox 1321 960 1372 1043; x_wconf 84' lang='grc' dir='ltr'>(εις</span> 
     </span>
     <span class='ocr_line' id='line_1_6' title="bbox 192 1076 1373 1172; baseline -0.001 -28"><span class='ocrx_word' id='word_1_41' title='bbox 192 1102 241 1155; x_wconf 83' lang='lat' dir='ltr'><em>rau</em></span> <span class='ocrx_word' id='word_1_42' title='bbox 256 1077 404 1150; x_wconf 68' lang='lat' dir='ltr'><em>‘Eiteia</em></span> <span class='ocrx_word' id='word_1_43' title='bbox 428 1081 509 1151; x_wconf 84' lang='lat' dir='ltr'><strong>Vide</strong></span> <span class='ocrx_word' id='word_1_44' title='bbox 530 1082 570 1150; x_wconf 79' lang='lat' dir='ltr'><em>ad</em></span> <span class='ocrx_word' id='word_1_45' title='bbox 592 1084 669 1172; x_wconf 82' lang='lat' dir='ltr'><em>Cap.</em></span> <span class='ocrx_word' id='word_1_46' title='bbox 691 1083 799 1150; x_wconf 83' lang='lat' dir='ltr'>XIX:</span> <span class='ocrx_word' id='word_1_47' title='bbox 827 1083 902 1171; x_wconf 75' lang='lat' dir='ltr'><em>lt);</em></span> <span class='ocrx_word' id='word_1_48' title='bbox 928 1092 958 1149; x_wconf 82' lang='lat' dir='ltr'><em>ei</em></span> <span class='ocrx_word' id='word_1_49' title='bbox 980 1091 1193 1149; x_wconf 86' lang='lat' dir='ltr'><em>commoratus</em></span> <span class='ocrx_word' id='word_1_50' title='bbox 1216 1076 1373 1166; x_wconf 77' lang='grc' dir='ltr'>(ποιησας)</span> 
     </span>
     <span class='ocr_line' id='line_1_7' title="bbox 192 1202 1375 1293; baseline -0.002 -25"><span class='ocrx_word' id='word_1_51' title='bbox 192 1202 230 1271; x_wconf 88' lang='lat' dir='ltr'><em>lbi</em></span> <span class='ocrx_word' id='word_1_52' title='bbox 260 1224 382 1272; x_wconf 89' lang='lat' dir='ltr'><em>menses</em></span> <span class='ocrx_word' id='word_1_53' title='bbox 403 1215 485 1285; x_wconf 75' lang='lat' dir='ltr'><em>tneo,</em></span> <span class='ocrx_word' id='word_1_54' title='bbox 516 1226 612 1293; x_wconf 88' lang='lat' dir='ltr'><em>quum</em></span> <span class='ocrx_word' id='word_1_55' title='bbox 637 1208 691 1272; x_wconf 86' lang='lat' dir='ltr'><em>illi</em></span> <span class='ocrx_word' id='word_1_56' title='bbox 713 1209 789 1273; x_wconf 88' lang='lat' dir='ltr'><em>hinc</em></span> <span class='ocrx_word' id='word_1_57' title='bbox 807 1208 842 1272; x_wconf 89' lang='lat' dir='ltr'><em>in</em></span> <span class='ocrx_word' id='word_1_58' title='bbox 862 1205 996 1290; x_wconf 77' lang='lat' dir='ltr'><em>Syriam</em></span> <span class='ocrx_word' id='word_1_59' title='bbox 1019 1208 1211 1289; x_wconf 82' lang='lat' dir='ltr'><em>navipaluro</em></span> <span class='ocrx_word' id='word_1_60' title='bbox 1235 1205 1375 1269; x_wconf 76' lang='lat' dir='ltr'><em>insidiae</em></span> 
     </span>
     <span class='ocr_line' id='line_1_8' title="bbox 191 1321 1372 1421; baseline -0.005 -27"><span class='ocrx_word' id='word_1_61' title='bbox 191 1339 390 1396; x_wconf 74' lang='lat' dir='ltr'><em>struerentur</em></span> <span class='ocrx_word' id='word_1_62' title='bbox 405 1351 424 1394; x_wconf 94' lang='lat' dir='ltr'><em>a</em></span> <span class='ocrx_word' id='word_1_63' title='bbox 440 1331 573 1396; x_wconf 82' lang='lat' dir='ltr'><em>Iudaeis</em></span> <span class='ocrx_word' id='word_1_64' title='bbox 589 1328 762 1421; x_wconf 68' lang='lat' dir='ltr'><em>(peraptum</em></span> <span class='ocrx_word' id='word_1_65' title='bbox 786 1354 869 1418; x_wconf 84' lang='grc' dir='ltr'><strong>αυτῳ</strong></span> <span class='ocrx_word' id='word_1_66' title='bbox 889 1324 1049 1415; x_wconf 64' lang='lat' dir='ltr'><em>catharina</em></span> <span class='ocrx_word' id='word_1_67' title='bbox 1066 1329 1124 1392; x_wconf 85' lang='grc' dir='ltr'><em>ὑπο</em></span> <span class='ocrx_word' id='word_1_68' title='bbox 1147 1351 1208 1392; x_wconf 85' lang='grc' dir='ltr'><em>των</em></span> <span class='ocrx_word' id='word_1_69' title='bbox 1222 1321 1372 1392; x_wconf 78' lang='lat' dir='ltr'><em>laudatur</em></span> 
     </span>
     <span class='ocr_line' id='line_1_9' title="bbox 192 1449 1370 1546; baseline 0.003 -30"><span class='ocrx_word' id='word_1_70' title='bbox 192 1449 329 1536; x_wconf 78' lang='lat' dir='ltr'><em>pellicum</em></span> <span class='ocrx_word' id='word_1_71' title='bbox 342 1453 506 1544; x_wconf 79' lang='grc' dir='ltr'><em>αναγεσθαι</em></span> <span class='ocrx_word' id='word_1_72' title='bbox 523 1477 564 1530; x_wconf 83' lang='grc' dir='ltr'><em>εις</em></span> <span class='ocrx_word' id='word_1_73' title='bbox 575 1478 628 1529; x_wconf 81' lang='grc' dir='ltr'><em>την</em></span> <span class='ocrx_word' id='word_1_74' title='bbox 646 1451 783 1546; x_wconf 73' lang='lat' dir='ltr'><em>Zapara),</em></span> <span class='ocrx_word' id='word_1_75' title='bbox 800 1454 964 1522; x_wconf 85' lang='lat' dir='ltr'><em>eonsilium</em></span> <span class='ocrx_word' id='word_1_76' title='bbox 982 1453 1066 1543; x_wconf 83' lang='lat' dir='ltr'><em>cepit</em></span> <span class='ocrx_word' id='word_1_77' title='bbox 1082 1473 1138 1542; x_wconf 86' lang='lat' dir='ltr'><em>per</em></span> <span class='ocrx_word' id='word_1_78' title='bbox 1154 1450 1370 1520; x_wconf 77' lang='lat' dir='ltr'><em>Macedoniam</em></span> 
     </span>
     <span class='ocr_line' id='line_1_10' title="bbox 193 1577 550 1648; baseline 0.014 -6"><span class='ocrx_word' id='word_1_79' title='bbox 193 1577 221 1645; x_wconf 93' lang='lat' dir='ltr'><em>in</em></span> <span class='ocrx_word' id='word_1_80' title='bbox 237 1579 346 1647; x_wconf 77' lang='lat' dir='ltr'><em>Asiam</em></span> <span class='ocrx_word' id='word_1_81' title='bbox 363 1579 550 1648; x_wconf 90' lang='lat' dir='ltr'><em>revertendi.</em></span> 
     </span>
    </p>

    <p class='ocr_par' dir='ltr' id='par_1_3' title="bbox 177 1700 1375 2905">
     <span class='ocr_line' id='line_1_11' title="bbox 232 1700 1369 1792; baseline 0.004 -27"><span class='ocrx_word' id='word_1_82' title='bbox 232 1701 325 1766; x_wconf 83' lang='grc' dir='ltr'>Ποιεν</span> <span class='ocrx_word' id='word_1_83' title='bbox 342 1700 395 1768; x_wconf 88' lang='lat' dir='ltr'><em>hic</em></span> <span class='ocrx_word' id='word_1_84' title='bbox 411 1700 450 1769; x_wconf 88' lang='lat' dir='ltr'><em>de</em></span> <span class='ocrx_word' id='word_1_85' title='bbox 468 1705 671 1787; x_wconf 84' lang='lat' dir='ltr'><em>transipendo</em></span> <span class='ocrx_word' id='word_1_86' title='bbox 688 1713 811 1790; x_wconf 87' lang='lat' dir='ltr'><em>ternpus</em></span> <span class='ocrx_word' id='word_1_87' title='bbox 827 1706 966 1790; x_wconf 81' lang='lat' dir='ltr'><em>aliquod,</em></span> <span class='ocrx_word' id='word_1_88' title='bbox 985 1714 1129 1792; x_wconf 88' lang='lat' dir='ltr'><em>utsupra</em></span> <span class='ocrx_word' id='word_1_89' title='bbox 1146 1703 1223 1791; x_wconf 86' lang='lat' dir='ltr'><em>Cap.</em></span> <span class='ocrx_word' id='word_1_90' title='bbox 1238 1701 1369 1772; x_wconf 89' lang='lat' dir='ltr'><em>XViii:</em></span> 
     </span>
     <span class='ocr_line' id='line_1_12' title="bbox 190 1825 1372 1917; baseline 0.001 -23"><span class='ocrx_word' id='word_1_91' title='bbox 190 1827 243 1894; x_wconf 74' lang='lat'><em>23.</em></span> <span class='ocrx_word' id='word_1_92' title='bbox 261 1825 400 1900; x_wconf 84' lang='grc' dir='ltr'>Ποιησας</span> <span class='ocrx_word' id='word_1_93' title='bbox 417 1836 465 1893; x_wconf 88' lang='lat' dir='ltr'><em>est</em></span> <span class='ocrx_word' id='word_1_94' title='bbox 480 1827 709 1895; x_wconf 88' lang='lat' dir='ltr'><em>Nominatiuus</em></span> <span class='ocrx_word' id='word_1_95' title='bbox 726 1828 900 1913; x_wconf 79' lang='lat' dir='ltr'><em>absolutas,</em></span> <span class='ocrx_word' id='word_1_96' title='bbox 915 1839 950 1895; x_wconf 92' lang='lat' dir='ltr'><em>ut</em></span> <span class='ocrx_word' id='word_1_97' title='bbox 961 1829 1038 1917; x_wconf 89' lang='lat' dir='ltr'><em>Cap.</em></span> <span class='ocrx_word' id='word_1_98' title='bbox 1053 1828 1134 1895; x_wconf 89' lang='grc' dir='ltr'><em>Χ1Χ</em></span> <span class='ocrx_word' id='word_1_99' title='bbox 1152 1851 1159 1895; x_wconf 88' lang='lat'><strong>:</strong></span> <span class='ocrx_word' id='word_1_100' title='bbox 1177 1829 1232 1895; x_wconf 79' lang='grc'><em>51.</em></span> <span class='ocrx_word' id='word_1_101' title='bbox 1252 1828 1372 1895; x_wconf 85' lang='lat' dir='ltr'><em>Usitata</em></span> 
     </span>
     <span class='ocr_line' id='line_1_13' title="bbox 188 1949 1374 2043; baseline 0.001 -26"><span class='ocrx_word' id='word_1_102' title='bbox 188 1950 333 2038; x_wconf 86' lang='lat' dir='ltr'><em>Syntaxis</em></span> <span class='ocrx_word' id='word_1_103' title='bbox 361 1949 547 2039; x_wconf 79' lang='lat' dir='ltr'><em>postulasset</em></span> <span class='ocrx_word' id='word_1_104' title='bbox 569 1950 630 2018; x_wconf 83' lang='lat' dir='ltr'><em>itoc</em></span> <span class='ocrx_word' id='word_1_105' title='bbox 653 1951 721 2020; x_wconf 90' lang='lat' dir='ltr'><em>ioco</em></span> <span class='ocrx_word' id='word_1_106' title='bbox 745 1964 779 2020; x_wconf 90' lang='lat' dir='ltr'><em>ut</em></span> <span class='ocrx_word' id='word_1_107' title='bbox 795 1953 986 2021; x_wconf 83' lang='lat' dir='ltr'><em>scriberetur</em></span> <span class='ocrx_word' id='word_1_108' title='bbox 1005 1973 1012 2016; x_wconf 91' lang='lat'>:</span> <span class='ocrx_word' id='word_1_109' title='bbox 1032 1975 1240 2028; x_wconf 80' lang='grc' dir='ltr'><strong>ποιησαντι...</strong></span> <span class='ocrx_word' id='word_1_110' title='bbox 1259 1975 1374 2043; x_wconf 71' lang='grc' dir='ltr'><em>εγενετο</em></span> 
     </span>
     <span class='ocr_line' id='line_1_14' title="bbox 185 2061 1371 2165; baseline 0.005 -26"><span class='ocrx_word' id='word_1_111' title='bbox 185 2098 306 2164; x_wconf 76' lang='lat' dir='ltr'><em>propa.</em></span> <span class='ocrx_word' id='word_1_112' title='bbox 337 2074 515 2142; x_wconf 80' lang='lat' dir='ltr'><em>istiusmodi</em></span> <span class='ocrx_word' id='word_1_113' title='bbox 541 2074 758 2143; x_wconf 86' lang='lat' dir='ltr'><em>Anacoiuthon</em></span> <span class='ocrx_word' id='word_1_114' title='bbox 783 2098 845 2143; x_wconf 93' lang='lat' dir='ltr'><em>non</em></span> <span class='ocrx_word' id='word_1_115' title='bbox 874 2061 1252 2165; x_wconf 62' lang='lat' dir='ltr'><em>inirequeuter&#39;occurrit</em></span> <span class='ocrx_word' id='word_1_116' title='bbox 1279 2077 1371 2145; x_wconf 84' lang='lat' dir='ltr'><em>etiam</em></span> 
     </span>
     <span class='ocr_line' id='line_1_15' title="bbox 184 2197 1373 2289; baseline 0.001 -25"><span class='ocrx_word' id='word_1_117' title='bbox 184 2198 268 2288; x_wconf 91' lang='lat' dir='ltr'><em>apud</em></span> <span class='ocrx_word' id='word_1_118' title='bbox 305 2198 474 2287; x_wconf 88' lang='lat' dir='ltr'><em>scriptores</em></span> <span class='ocrx_word' id='word_1_119' title='bbox 511 2197 590 2265; x_wconf 90' lang='lat' dir='ltr'><em>bene</em></span> <span class='ocrx_word' id='word_1_120' title='bbox 624 2200 774 2268; x_wconf 83' lang='lat' dir='ltr'><em>Graecos.</em></span> <span class='ocrx_word' id='word_1_121' title='bbox 804 2199 886 2269; x_wconf 89' lang='lat' dir='ltr'><em>Vide</em></span> <span class='ocrx_word' id='word_1_122' title='bbox 913 2202 971 2269; x_wconf 88' lang='lat' dir='ltr'><em>Gr.</em></span> <span class='ocrx_word' id='word_1_123' title='bbox 1003 2219 1073 2289; x_wconf 81' lang='lat' dir='ltr'><em>pag.</em></span> <span class='ocrx_word' id='word_1_124' title='bbox 1106 2201 1184 2266; x_wconf 87' lang='grc'><strong>518.</strong></span> <span class='ocrx_word' id='word_1_125' title='bbox 1217 2201 1259 2266; x_wconf 94' lang='grc'><em>11.</em></span> <span class='ocrx_word' id='word_1_126' title='bbox 1291 2201 1373 2266; x_wconf 90' lang='lat' dir='ltr'><em>lier-</em></span> 
     </span>
     <span class='ocr_line' id='line_1_16' title="bbox 183 2324 1371 2414; baseline 0.002 -23"><span class='ocrx_word' id='word_1_127' title='bbox 183 2343 335 2392; x_wconf 90' lang='lat' dir='ltr'><em>mannum</em></span> <span class='ocrx_word' id='word_1_128' title='bbox 363 2328 398 2392; x_wconf 84' lang='lat' dir='ltr'><em>in</em></span> <span class='ocrx_word' id='word_1_129' title='bbox 421 2326 605 2410; x_wconf 81' lang='lat' dir='ltr'><em>Appendice</em></span> <span class='ocrx_word' id='word_1_130' title='bbox 632 2324 671 2393; x_wconf 89' lang='lat' dir='ltr'><em>ad</em></span> <span class='ocrx_word' id='word_1_131' title='bbox 694 2326 803 2414; x_wconf 79' lang='lat' dir='ltr'><em>Vigor.</em></span> <span class='ocrx_word' id='word_1_132' title='bbox 827 2327 885 2396; x_wconf 91' lang='lat' dir='ltr'><em>Vi.</em></span> <span class='ocrx_word' id='word_1_133' title='bbox 912 2328 960 2391; x_wconf 89' lang='lat' dir='ltr'><em>De</em></span> <span class='ocrx_word' id='word_1_134' title='bbox 983 2327 1202 2405; x_wconf 76' lang='lat' dir='ltr'><em>elnacolatho,</em></span> <span class='ocrx_word' id='word_1_135' title='bbox 1226 2347 1259 2414; x_wconf 89' lang='lat' dir='ltr'><em>p.</em></span> <span class='ocrx_word' id='word_1_136' title='bbox 1286 2327 1371 2405; x_wconf 70' lang='lat'><em>8943</em></span> 
     </span>
     <span class='ocr_line' id='line_1_17' title="bbox 179 2448 1370 2540; baseline -0.001 -24"><span class='ocrx_word' id='word_1_137' title='bbox 179 2448 392 2531; x_wconf 77' lang='lat' dir='ltr'><em>Klihnetum,</em></span> <span class='ocrx_word' id='word_1_138' title='bbox 407 2449 426 2539; x_wconf 70' lang='lat' dir='ltr'>S</span> <span class='ocrx_word' id='word_1_139' title='bbox 439 2453 608 2519; x_wconf 82' lang='lat'><strong>677—79.</strong></span> <span class='ocrx_word' id='word_1_140' title='bbox 627 2490 671 2501; x_wconf 89' lang='lat'>-</span> <span class='ocrx_word' id='word_1_141' title='bbox 684 2451 733 2517; x_wconf 84' lang='lat' dir='ltr'><em>De</em></span> <span class='ocrx_word' id='word_1_142' title='bbox 757 2451 851 2519; x_wconf 79' lang='lat' dir='ltr'><em>verbo</em></span> <span class='ocrx_word' id='word_1_143' title='bbox 876 2450 981 2520; x_wconf 81' lang='lat' dir='ltr'><em>Medio</em></span> <span class='ocrx_word' id='word_1_144' title='bbox 997 2450 1180 2540; x_wconf 80' lang='lat' dir='ltr'><em>arapecdeu,</em></span> <span class='ocrx_word' id='word_1_145' title='bbox 1199 2453 1370 2534; x_wconf 80' lang='lat' dir='ltr'><em>navt&#39;pare,</em></span> 
     </span>
     <span class='ocr_line' id='line_1_18' title="bbox 178 2570 1372 2665; baseline -0.002 -25"><span class='ocrx_word' id='word_1_146' title='bbox 178 2571 323 2640; x_wconf 88' lang='lat' dir='ltr'><em>diximus</em></span> <span class='ocrx_word' id='word_1_147' title='bbox 347 2570 387 2638; x_wconf 88' lang='lat' dir='ltr'><em>ad</em></span> <span class='ocrx_word' id='word_1_148' title='bbox 410 2573 487 2661; x_wconf 89' lang='lat' dir='ltr'><em>Cap.</em></span> <span class='ocrx_word' id='word_1_149' title='bbox 514 2573 616 2639; x_wconf 87' lang='lat' dir='ltr'><em>Xiii:</em></span> <span class='ocrx_word' id='word_1_150' title='bbox 639 2573 1096 2665; x_wconf 75' lang='lat' dir='ltr'><em>i5.1ntinitivuslaoerpspau</em></span> <span class='ocrx_word' id='word_1_151' title='bbox 1119 2571 1172 2639; x_wconf 90' lang='lat' dir='ltr'><em>hic</em></span> <span class='ocrx_word' id='word_1_152' title='bbox 1187 2571 1226 2640; x_wconf 87' lang='lat' dir='ltr'><em>ad</em></span> <span class='ocrx_word' id='word_1_153' title='bbox 1243 2570 1372 2639; x_wconf 90' lang='lat' dir='ltr'><em>modum</em></span> 
     </span>
     <span class='ocr_line' id='line_1_19' title="bbox 177 2697 1368 2788; baseline -0.004 -23"><span class='ocrx_word' id='word_1_154' title='bbox 177 2697 376 2766; x_wconf 86' lang='lat' dir='ltr'><em>Substantiri</em></span> <span class='ocrx_word' id='word_1_155' title='bbox 406 2698 597 2766; x_wconf 80' lang='lat' dir='ltr'><em>construitur</em></span> <span class='ocrx_word' id='word_1_156' title='bbox 621 2719 693 2766; x_wconf 92' lang='lat' dir='ltr'><em>eum</em></span> <span class='ocrx_word' id='word_1_157' title='bbox 717 2699 877 2780; x_wconf 78' lang='lat' dir='ltr'><em>Articuio,</em></span> <span class='ocrx_word' id='word_1_158' title='bbox 904 2697 1080 2788; x_wconf 85' lang='lat' dir='ltr'><em>pendetque</em></span> <span class='ocrx_word' id='word_1_159' title='bbox 1106 2717 1123 2764; x_wconf 87' lang='lat' dir='ltr'><em>a</em></span> <span class='ocrx_word' id='word_1_160' title='bbox 1151 2718 1228 2764; x_wconf 87' lang='lat' dir='ltr'><em>voce</em></span> <span class='ocrx_word' id='word_1_161' title='bbox 1248 2720 1368 2788; x_wconf 69' lang='lat' dir='ltr'><em>propa.</em></span> 
     </span>
     <span class='ocr_line' id='line_1_20' title="bbox 177 2817 1375 2905; baseline -0.003 -17"><span class='ocrx_word' id='word_1_162' title='bbox 177 2819 302 2888; x_wconf 83' lang='lat' dir='ltr'><em>Conier</em></span> <span class='ocrx_word' id='word_1_163' title='bbox 325 2820 516 2888; x_wconf 88' lang='lat' dir='ltr'><em>Nostratium</em></span> <span class='ocrx_word' id='word_1_164' title='bbox 536 2841 544 2882; x_wconf 75' lang='grc' dir='ltr'><strong>ε</strong></span> <span class='ocrx_word' id='word_1_165' title='bbox 563 2822 614 2885; x_wconf 81' lang='lat' dir='ltr'><em>iret</em></span> <span class='ocrx_word' id='word_1_166' title='bbox 637 2820 750 2887; x_wconf 83' lang='lat' dir='ltr'><em>desinit</em></span> <span class='ocrx_word' id='word_1_167' title='bbox 766 2840 821 2888; x_wconf 79' lang='lat' dir='ltr'><em>van</em></span> <span class='ocrx_word' id='word_1_168' title='bbox 848 2833 938 2905; x_wconf 84' lang='lat' dir='ltr'><em>terup</em></span> <span class='ocrx_word' id='word_1_169' title='bbox 964 2831 992 2886; x_wconf 88' lang='lat' dir='ltr'><em>te</em></span> <span class='ocrx_word' id='word_1_170' title='bbox 1013 2821 1137 2884; x_wconf 83' lang='lat' dir='ltr'><em>herren.</em></span> <span class='ocrx_word' id='word_1_171' title='bbox 1162 2817 1278 2886; x_wconf 88' lang='lat' dir='ltr'><em>Eadem</em></span> <span class='ocrx_word' id='word_1_172' title='bbox 1294 2817 1375 2904; x_wconf 88' lang='lat' dir='ltr'><em>Syn-</em></span> 
     </span>
    </p>
   </div>
   <div class='ocr_carea' id='block_1_3' title="bbox 179 2938 1373 3158">
    <p class='ocr_par' dir='ltr' id='par_1_4' title="bbox 179 2938 1373 3158">
     <span class='ocr_line' id='line_1_21' title="bbox 180 2938 1373 3031; baseline -0.006 -21"><span class='ocrx_word' id='word_1_173' title='bbox 180 2945 267 3012; x_wconf 81' lang='lat' dir='ltr'><em>iaxis</em></span> <span class='ocrx_word' id='word_1_174' title='bbox 289 2954 336 3012; x_wconf 85' lang='lat' dir='ltr'><em>esi</em></span> <span class='ocrx_word' id='word_1_175' title='bbox 358 2944 389 3013; x_wconf 89' lang='lat' dir='ltr'><em>in</em></span> <span class='ocrx_word' id='word_1_176' title='bbox 410 2944 471 3013; x_wconf 83' lang='lat' dir='ltr'><em>hae</em></span> <span class='ocrx_word' id='word_1_177' title='bbox 492 2945 580 3013; x_wconf 85' lang='lat' dir='ltr'><em>Pauli</em></span> <span class='ocrx_word' id='word_1_178' title='bbox 594 2944 619 3026; x_wconf 87' lang='lat' dir='ltr'><em>(l</em></span> <span class='ocrx_word' id='word_1_179' title='bbox 636 2946 709 3013; x_wconf 82' lang='lat' dir='ltr'><em>Cor.</em></span> <span class='ocrx_word' id='word_1_180' title='bbox 727 2946 772 3012; x_wconf 94' lang='grc' dir='ltr'><em>1Χ</em></span> <span class='ocrx_word' id='word_1_181' title='bbox 792 2967 800 3008; x_wconf 75' lang='lat' dir='ltr'><em>t</em></span> <span class='ocrx_word' id='word_1_182' title='bbox 821 2945 852 3023; x_wconf 85' lang='grc'><em>5)</em></span> <span class='ocrx_word' id='word_1_183' title='bbox 872 2964 879 3009; x_wconf 88' lang='lat'>:</span> <span class='ocrx_word' id='word_1_184' title='bbox 899 2969 953 3010; x_wconf 87' lang='grc' dir='ltr'><em>ουκ</em></span> <span class='ocrx_word' id='word_1_185' title='bbox 975 2965 1084 3031; x_wconf 77' lang='grc' dir='ltr'>εχομεν</span> <span class='ocrx_word' id='word_1_186' title='bbox 1107 2938 1242 3017; x_wconf 66' lang='lat' dir='ltr'><em>eboreum</em></span> <span class='ocrx_word' id='word_1_187' title='bbox 1259 2964 1312 3006; x_wconf 86' lang='lat' dir='ltr'><em>rou</em></span> <span class='ocrx_word' id='word_1_188' title='bbox 1331 2963 1373 3027; x_wconf 82' lang='grc' dir='ltr'><em>μη</em></span> 
     </span>
     <span class='ocr_line' id='line_1_22' title="bbox 179 3067 379 3158; baseline 0.02 -28"><span class='ocrx_word' id='word_1_189' title='bbox 179 3067 379 3158; x_wconf 77' lang='grc' dir='ltr'><strong>εργαζεσθαι.</strong></span> 
     </span>
    </p>
   </div>
   <div class='ocr_carea' id='block_1_4' title="bbox 182 3307 1429 4383">
    <p class='ocr_par' dir='ltr' id='par_1_5' title="bbox 182 3307 1429 4383">
     <span class='ocr_line' id='line_1_23' title="bbox 233 3307 1372 3403; baseline 0 -27"><span class='ocrx_word' id='word_1_190' title='bbox 233 3310 335 3378; x_wconf 77' lang='grc'><strong>1-5.</strong></span> <span class='ocrx_word' id='word_1_191' title='bbox 356 3307 529 3376; x_wconf 85' lang='lat' dir='ltr'><em>Comitatus</em></span> <span class='ocrx_word' id='word_1_192' title='bbox 545 3320 591 3377; x_wconf 87' lang='lat' dir='ltr'><em>est</em></span> <span class='ocrx_word' id='word_1_193' title='bbox 606 3321 712 3377; x_wconf 89' lang='lat' dir='ltr'><em>autem</em></span> <span class='ocrx_word' id='word_1_194' title='bbox 726 3332 809 3390; x_wconf 89' lang='lat' dir='ltr'><em>eam,</em></span> <span class='ocrx_word' id='word_1_195' title='bbox 829 3319 915 3403; x_wconf 80' lang='lat' dir='ltr'><em>etc.).</em></span> <span class='ocrx_word' id='word_1_196' title='bbox 936 3311 1077 3380; x_wconf 82' lang='lat' dir='ltr'><em>Habebat</em></span> <span class='ocrx_word' id='word_1_197' title='bbox 1093 3309 1261 3401; x_wconf 85' lang='lat' dir='ltr'><em>Apostolus</em></span> <span class='ocrx_word' id='word_1_198' title='bbox 1279 3309 1372 3378; x_wconf 89' lang='lat' dir='ltr'><em>huius</em></span> 
     </span>
     <span class='ocr_line' id='line_1_24' title="bbox 182 3430 1373 3525; baseline 0.002 -27"><span class='ocrx_word' id='word_1_199' title='bbox 182 3430 309 3499; x_wconf 87' lang='lat' dir='ltr'><em>itineris</em></span> <span class='ocrx_word' id='word_1_200' title='bbox 332 3433 461 3501; x_wconf 89' lang='lat' dir='ltr'><em>comites</em></span> <span class='ocrx_word' id='word_1_201' title='bbox 483 3435 567 3501; x_wconf 91' lang='lat' dir='ltr'><em>viros</em></span> <span class='ocrx_word' id='word_1_202' title='bbox 590 3445 709 3525; x_wconf 86' lang='lat' dir='ltr'><em>septem</em></span> <span class='ocrx_word' id='word_1_203' title='bbox 726 3433 784 3502; x_wconf 84' lang='lat' dir='ltr'><em>ltos</em></span> <span class='ocrx_word' id='word_1_204' title='bbox 803 3456 811 3499; x_wconf 90' lang='lat'>:</span> <span class='ocrx_word' id='word_1_205' title='bbox 830 3436 1016 3524; x_wconf 85' lang='lat' dir='ltr'><em>Sopatrum,</em></span> <span class='ocrx_word' id='word_1_206' title='bbox 1042 3433 1156 3522; x_wconf 89' lang='lat' dir='ltr'><em>Pyrrhi</em></span> <span class='ocrx_word' id='word_1_207' title='bbox 1175 3435 1294 3514; x_wconf 85' lang='lat' dir='ltr'><em>filium,</em></span> <span class='ocrx_word' id='word_1_208' title='bbox 1316 3435 1373 3500; x_wconf 88' lang='lat' dir='ltr'><em>Be·</em></span> 
     </span>
     <span class='ocr_line' id='line_1_25' title="bbox 188 3555 1377 3646; baseline -0.002 -23"><span class='ocrx_word' id='word_1_209' title='bbox 188 3575 370 3638; x_wconf 79' lang='lat' dir='ltr'><em>roeensem3</em></span> <span class='ocrx_word' id='word_1_210' title='bbox 401 3579 439 3622; x_wconf 84' lang='lat' dir='ltr'><em>eu</em></span> <span class='ocrx_word' id='word_1_211' title='bbox 465 3559 795 3624; x_wconf 86' lang='lat' dir='ltr'><em>Thessalonicensibus</em></span> <span class='ocrx_word' id='word_1_212' title='bbox 822 3555 1111 3646; x_wconf 79' lang='grc' dir='ltr'>(Θεσσαλονικεων)</span> <span class='ocrx_word' id='word_1_213' title='bbox 1140 3577 1213 3625; x_wconf 88' lang='lat' dir='ltr'><em>vero</em></span> <span class='ocrx_word' id='word_1_214' title='bbox 1241 3556 1377 3624; x_wconf 80' lang='lat' dir='ltr'><em>Aristar-</em></span> 
     </span>
     <span class='ocr_line' id='line_1_26' title="bbox 187 3678 1374 3762; baseline 0.002 -16"><span class='ocrx_word' id='word_1_215' title='bbox 187 3679 286 3748; x_wconf 90' lang='lat' dir='ltr'><em>chum</em></span> <span class='ocrx_word' id='word_1_216' title='bbox 313 3691 344 3748; x_wconf 90' lang='lat' dir='ltr'><em>et</em></span> <span class='ocrx_word' id='word_1_217' title='bbox 367 3680 564 3760; x_wconf 90' lang='lat' dir='ltr'><em>Secundum,</em></span> <span class='ocrx_word' id='word_1_218' title='bbox 594 3691 624 3747; x_wconf 90' lang='lat' dir='ltr'><em>et</em></span> <span class='ocrx_word' id='word_1_219' title='bbox 647 3681 760 3749; x_wconf 89' lang='lat' dir='ltr'><em>Gaium</em></span> <span class='ocrx_word' id='word_1_220' title='bbox 793 3680 1009 3762; x_wconf 90' lang='lat' dir='ltr'><em>Derbensem,</em></span> <span class='ocrx_word' id='word_1_221' title='bbox 1035 3691 1066 3748; x_wconf 90' lang='lat' dir='ltr'><em>et</em></span> <span class='ocrx_word' id='word_1_222' title='bbox 1087 3678 1305 3761; x_wconf 83' lang='lat' dir='ltr'><em>Timotheum3</em></span> <span class='ocrx_word' id='word_1_223' title='bbox 1336 3699 1374 3748; x_wconf 82' lang='lat' dir='ltr'><em>ex</em></span> 
     </span>
     <span class='ocr_line' id='line_1_27' title="bbox 190 3801 1376 3892; baseline -0.004 -19"><span class='ocrx_word' id='word_1_224' title='bbox 190 3804 316 3873; x_wconf 82' lang='lat' dir='ltr'><em>Asianis</em></span> <span class='ocrx_word' id='word_1_225' title='bbox 337 3804 387 3887; x_wconf 88' lang='lat' dir='ltr'><em>(ex</em></span> <span class='ocrx_word' id='word_1_226' title='bbox 407 3805 481 3872; x_wconf 88' lang='lat' dir='ltr'><em>Asia</em></span> <span class='ocrx_word' id='word_1_227' title='bbox 508 3804 634 3886; x_wconf 89' lang='lat' dir='ltr'><em>Minori)</em></span> <span class='ocrx_word' id='word_1_228' title='bbox 656 3804 779 3872; x_wconf 88' lang='lat' dir='ltr'><em>tandem</em></span> <span class='ocrx_word' id='word_1_229' title='bbox 809 3803 1004 3892; x_wconf 81' lang='lat' dir='ltr'><em>Tychicum,</em></span> <span class='ocrx_word' id='word_1_230' title='bbox 1027 3813 1057 3870; x_wconf 90' lang='lat' dir='ltr'><em>et</em></span> <span class='ocrx_word' id='word_1_231' title='bbox 1080 3801 1302 3892; x_wconf 82' lang='lat' dir='ltr'><em>Trophimum.</em></span> <span class='ocrx_word' id='word_1_232' title='bbox 1328 3805 1376 3868; x_wconf 88' lang='lat' dir='ltr'><em>Hi</em></span> 
     </span>
     <span class='ocr_line' id='line_1_28' title="bbox 190 3921 1373 4018; baseline 0 -26"><span class='ocrx_word' id='word_1_233' title='bbox 190 3921 352 4016; x_wconf 83' lang='lat' dir='ltr'><em>(comites)</em></span> <span class='ocrx_word' id='word_1_234' title='bbox 368 3931 552 4011; x_wconf 80' lang='lat' dir='ltr'><em>praepressi</em></span> <span class='ocrx_word' id='word_1_235' title='bbox 568 3925 795 4018; x_wconf 75' lang='grc' dir='ltr'>(προελθοντες),</span> <span class='ocrx_word' id='word_1_236' title='bbox 818 3928 860 3994; x_wconf 88' lang='lat' dir='ltr'><em>ait</em></span> <span class='ocrx_word' id='word_1_237' title='bbox 882 3924 1160 4015; x_wconf 80' lang='lat' dir='ltr'><em>Historiographus</em></span> <span class='ocrx_word' id='word_1_238' title='bbox 1184 3936 1301 4004; x_wconf 89' lang='lat' dir='ltr'><em>noster,</em></span> <span class='ocrx_word' id='word_1_239' title='bbox 1320 3948 1373 3992; x_wconf 87' lang='lat' dir='ltr'><em>ere·</em></span> 
     </span>
     <span class='ocr_line' id='line_1_29' title="bbox 191 4046 1373 4140; baseline 0.001 -25"><span class='ocrx_word' id='word_1_240' title='bbox 191 4060 378 4135; x_wconf 88' lang='lat' dir='ltr'><em>spectarunt</em></span> <span class='ocrx_word' id='word_1_241' title='bbox 406 4048 536 4140; x_wconf 80' lang='lat' dir='ltr'><em>(sperae)</em></span> <span class='ocrx_word' id='word_1_242' title='bbox 564 4070 619 4117; x_wconf 87' lang='lat' dir='ltr'><em>uos</em></span> <span class='ocrx_word' id='word_1_243' title='bbox 650 4050 791 4137; x_wconf 80' lang='lat' dir='ltr'><em>(Paulum</em></span> <span class='ocrx_word' id='word_1_244' title='bbox 817 4061 847 4118; x_wconf 86' lang='lat' dir='ltr'><em>et</em></span> <span class='ocrx_word' id='word_1_245' title='bbox 867 4046 997 4134; x_wconf 89' lang='lat' dir='ltr'><em>Lucam)</em></span> <span class='ocrx_word' id='word_1_246' title='bbox 1018 4047 1153 4116; x_wconf 81' lang='lat' dir='ltr'><em>Troade.</em></span> <span class='ocrx_word' id='word_1_247' title='bbox 1173 4086 1218 4098; x_wconf 92' lang='lat'><em>-</em></span> <span class='ocrx_word' id='word_1_248' title='bbox 1241 4049 1373 4138; x_wconf 88' lang='lat' dir='ltr'><em>Exque</em></span> 
     </span>
     <span class='ocr_line' id='line_1_30' title="bbox 193 4171 1429 4264; baseline -0.001 -23"><span class='ocrx_word' id='word_1_249' title='bbox 193 4183 287 4262; x_wconf 86' lang='lat' dir='ltr'><em>patet,</em></span> <span class='ocrx_word' id='word_1_250' title='bbox 305 4174 435 4255; x_wconf 86' lang='lat' dir='ltr'><em>Lucam,</em></span> <span class='ocrx_word' id='word_1_251' title='bbox 453 4175 506 4263; x_wconf 91' lang='lat' dir='ltr'><em>qui</em></span> <span class='ocrx_word' id='word_1_252' title='bbox 523 4173 679 4264; x_wconf 85' lang='lat' dir='ltr'><em>Philippis</em></span> <span class='ocrx_word' id='word_1_253' title='bbox 696 4175 882 4242; x_wconf 88' lang='lat' dir='ltr'><em>remansisse</em></span> <span class='ocrx_word' id='word_1_254' title='bbox 898 4172 1020 4249; x_wconf 87' lang='lat' dir='ltr'><em>videtur</em></span> <span class='ocrx_word' id='word_1_255' title='bbox 1032 4171 1118 4261; x_wconf 90' lang='lat' dir='ltr'><em>(vide</em></span> <span class='ocrx_word' id='word_1_256' title='bbox 1130 4172 1169 4241; x_wconf 86' lang='lat' dir='ltr'><em>ad</em></span> <span class='ocrx_word' id='word_1_257' title='bbox 1181 4174 1258 4262; x_wconf 86' lang='lat' dir='ltr'><em>Cap.</em></span> <span class='ocrx_word' id='word_1_258' title='bbox 1274 4173 1372 4243; x_wconf 88' lang='lat' dir='ltr'><em>XVi:</em></span> <span class='ocrx_word' id='word_1_259' title='bbox 1427 4182 1429 4186; x_wconf 84' lang='lat'>&#39;</span> 
     </span>
     <span class='ocr_line' id='line_1_31' title="bbox 194 4274 966 4383; baseline -0.003 -17"><span class='ocrx_word' id='word_1_260' title='bbox 194 4299 261 4383; x_wconf 83' lang='grc'><strong>10),</strong></span> <span class='ocrx_word' id='word_1_261' title='bbox 281 4296 334 4366; x_wconf 90' lang='lat' dir='ltr'><em>bic</em></span> <span class='ocrx_word' id='word_1_262' title='bbox 350 4296 450 4366; x_wconf 89' lang='lat' dir='ltr'><em>denuo</em></span> <span class='ocrx_word' id='word_1_263' title='bbox 466 4299 589 4367; x_wconf 90' lang='lat' dir='ltr'><em>venisse</em></span> <span class='ocrx_word' id='word_1_264' title='bbox 607 4274 638 4365; x_wconf 89' lang='lat' dir='ltr'><em>in</em></span> <span class='ocrx_word' id='word_1_265' title='bbox 655 4299 743 4366; x_wconf 92' lang='lat' dir='ltr'><em>Pauli</em></span> <span class='ocrx_word' id='word_1_266' title='bbox 761 4297 966 4366; x_wconf 86' lang='lat' dir='ltr'><em>consortium.</em></span> 
     </span>
    </p>
   </div>
   <div class='ocr_carea' id='block_1_5' title="bbox 237 4414 1371 4512">
    <p class='ocr_par' dir='ltr' id='par_1_6' title="bbox 237 4414 1371 4512">
     <span class='ocr_line' id='line_1_32' title="bbox 237 4414 1371 4512; baseline 0.002 -28"><span class='ocrx_word' id='word_1_267' title='bbox 237 4419 397 4485; x_wconf 70' lang='lat' dir='ltr'><em>Erucinae</em></span> <span class='ocrx_word' id='word_1_268' title='bbox 403 4471 416 4506; x_wconf 88' lang='lat'><em>,</em></span> <span class='ocrx_word' id='word_1_269' title='bbox 444 4420 664 4512; x_wconf 82' lang='lat' dir='ltr'><em>imperfectum</em></span> <span class='ocrx_word' id='word_1_270' title='bbox 693 4443 710 4488; x_wconf 86' lang='lat' dir='ltr'><em>a</em></span> <span class='ocrx_word' id='word_1_271' title='bbox 738 4444 907 4507; x_wconf 77' lang='grc' dir='ltr'>συνεπομαι</span> <span class='ocrx_word' id='word_1_272' title='bbox 933 4431 1020 4511; x_wconf 69' lang='grc' dir='ltr'><strong>(συν,</strong></span> <span class='ocrx_word' id='word_1_273' title='bbox 1048 4429 1078 4486; x_wconf 87' lang='lat' dir='ltr'><em>et</em></span> <span class='ocrx_word' id='word_1_274' title='bbox 1100 4414 1212 4506; x_wconf 80' lang='lat' dir='ltr'><em>inopen</em></span> <span class='ocrx_word' id='word_1_275' title='bbox 1234 4419 1371 4506; x_wconf 79' lang='lat' dir='ltr'><em>separor).</em></span> 
     </span>
    </p>
   </div>
   <div class='ocr_carea' id='block_1_6' title="bbox 0 0 1542 5054">
    <p class='ocr_par' dir='ltr' id='par_1_7' title="bbox 0 0 1542 5054">
     <span class='ocr_line' id='line_1_33' title="bbox 0 0 1542 5054; baseline 0 0"><span class='ocrx_word' id='word_1_276' title='bbox 0 0 1542 5054; x_wconf 95' lang='lat' dir='ltr'><em> </em></span> 
     </span>
    </p>
   </div>
  </div>
 </body>
</html>
