3074 5054
485 391 623 460 CAPUT
659 392 709 471 II,
746 389 868 462 VERS.
907 389 1054 458 5t-57.
1316 390 1359 455 75

176 579 219 645 LI
238 599 247 642 z
266 581 322 647 25.
341 618 386 628 -
401 581 556 649 Particnla
572 584 668 648 donec
683 579 762 670 (aa)
777 579 950 658 interdum,
970 589 1004 647 nt
1026 578 1095 656 hic,
1113 578 1155 644 ita
1171 577 1305 668 pertinet
1320 577 1358 644 ad

177 715 299 794 tempus
320 704 527 793 praecedens,
554 716 588 774 nt
613 705 652 774 de
675 704 780 774 futuro
797 726 858 773 non
881 703 992 772 inierat
1013 702 1227 781 contrarium;
1252 703 1358 769 conler

176 829 260 897 Gen.
278 829 422 896 XXVIII
443 857 451 898 ε
471 832 527 910 Iu
554 832 667 918 alleg.
689 831 734 897 VI
753 854 761 895 :
780 833 836 911 25;
863 827 973 896 Matth.
993 830 1030 895 1:
1050 829 1106 896 25.
1124 828 1209 894 Bene
1225 825 1358 894 Muisius

174 950 225 1039 (in
240 954 294 1018 Ps.
319 949 431 1037 CIX):
457 953 587 1033 «Cave,
605 956 727 1039 inquit,
754 951 936 1043 particulam
959 954 1057 1018 donec
1077 950 1109 1017 in
1131 948 1211 1016 hanc
1234 957 1357 1015 senten-

176 1077 303 1143 tentiam
325 1076 479 1166 accipias,
498 1078 586 1165 quasi
609 1077 766 1144 desiturus
790 1076 831 1143 sit
852 1074 995 1142 Christus
1019 1073 1056 1141 ad
1082 1073 1239 1140 dexteram
1257 1072 1357 1139 Patris

175 1199 304 1279 sedere,
335 1201 458 1289 quando
490 1202 630 1290 posuerit
656 1203 749 1267 Pater
776 1199 920 1266 inimicos
947 1197 1015 1265 eius
1042 1196 1211 1264 scabellum
1241 1195 1356 1285 pedum

175 1324 264 1404 eius,
282 1322 343 1391 hoc
366 1334 433 1404 est,
452 1323 575 1412 quando
601 1344 709 1392 omnes
733 1322 818 1391 illius
834 1321 939 1389 hostes
962 1319 1093 1410 pedibus
1117 1319 1215 1408 ipsius
1232 1318 1358 1386 concul-

175 1446 293 1516 candos
324 1446 493 1516 subiecerit
516 1472 524 1514 :
549 1448 604 1516 sed
632 1467 743 1515 sensus
770 1457 833 1525 est,
864 1444 948 1535 quod
976 1447 1109 1511 interim
1134 1447 1211 1510 dum
1238 1418 1360 1511 sedebit

175 1573 321 1643 Christus
343 1575 383 1643 ad
406 1574 564 1643 dexteram
591 1575 712 1656 Patris,
735 1575 894 1664 positurus
916 1573 956 1640 sit
971 1574 1064 1640 Pater
1079 1571 1240 1653 inimicos,
1255 1580 1350 1637 etc.»

223 1820 278 1887 56.
306 1819 492 1886 Certissima
508 1823 589 1887 sciat
607 1841 699 1905 erpo,
715 1816 804 1906 etc).
823 1819 1005 1888 Orationem
1021 1836 1108 1884 suam
1125 1816 1187 1904 (vs.
1209 1813 1357 1902 rt-ao)

175 1945 289 2012 Petrus
313 1943 472 2013 concludit
496 1946 572 2033 (oon)
597 1945 755 2012 auditores
773 1965 847 2012 suos
870 1942 1080 2024 exhortando,
1094 1953 1128 2010 ut
1143 1942 1275 2009 firmiter
1290 1961 1358 2008 ore-

176 2067 269 2148 dant,
287 2069 390 2136 lesum
411 2069 605 2137 Nazarenum
628 2067 737 2150 illum,
757 2089 849 2158 quem
870 2069 1108 2148 crucifixerunt,
1128 2066 1212 2134 hunc
1232 2089 1267 2133 nr
1288 2067 1357 2134 uni-

176 2209 286 2257 versae
307 2201 466 2258 creaturae
488 2192 678 2273 Dominum,
698 2214 733 2258 nr
756 2191 934 2274 Christum,
959 2191 993 2259 h.
1012 2212 1041 2258 e.
1061 2192 1220 2271 Messium,
1247 2211 1265 2256 a
1288 2191 1356 2257 Deo

176 2332 246 2378 esse
263 2313 473 2381 constitutum.
493 2314 645 2404 quuitur
667 2318 780 2383 Petrus
796 2315 834 2383 de
850 2319 925 2384 Iesu
949 2336 1010 2382 non
1035 2336 1095 2413 qua
1121 2315 1147 2382 is
1170 2316 1276 2395 Deus,
1302 2315 1356 2382 sed

177 2455 241 2524 qua
264 2434 357 2504 homo
380 2447 439 2504 est.
465 2439 628 2527 «Propter
651 2437 887 2519 certitudinem,
906 2437 1007 2527 inquit
1026 2437 1160 2504 Lorinus
1177 2436 1231 2525 (ad
1247 2434 1280 2502 h.
1300 2434 1341 2524 l.)

177 2540 256 2625 Iides
272 2559 339 2648 ipsa
362 2559 548 2649 quandoque
565 2562 741 2630 nominatur
764 2565 917 2643 scientio,
935 2573 966 2628 et
982 2562 1034 2650 qui
1052 2561 1167 2639 credit,
1181 2563 1263 2626 scire
1280 2559 1357 2627 dici-

176 2695 241 2749 tur.
264 2711 277 2741 r
305 2685 424 2751 Dentur
438 2687 542 2751 Icrorl
560 2695 606 2752 est
622 2696 684 2753 tota
698 2707 774 2772 gens
796 2685 982 2765 Israelitioa;
1001 2704 1080 2775 quae
1103 2693 1209 2773 utpote
1226 2681 1356 2750 oriunda

175 2826 195 2872 a
219 2807 344 2889 Iaccho,
368 2809 421 2897 qui
450 2809 546 2876 Israel
570 2809 682 2878 deinde
702 2823 829 2878 vocatus
853 2811 929 2892 luit,
947 2821 1104 2898 tamquam
1128 2808 1221 2877 huius
1244 2811 1356 2875 domur

176 2929 243 2996 sive
257 2935 384 3016 familia
406 2933 630 3001 consideratur.
648 2936 797 3016 Εποιησε,
817 2940 912 3021 fecit,
933 2935 966 3003 h.
987 2957 1016 3003 e.
1043 2939 1225 3019 coustituit,
1245 2936 1356 3024 inquo

176 3053 257 3121 nihil
278 3076 357 3146 opus
385 3069 432 3124 est
458 3078 627 3145 agnoscere
643 3060 832 3128 Hebraioum
852 3069 933 3148 aar,
957 3081 1052 3150 quum
1070 3071 1100 3127 et
1115 3061 1228 3129 Graeci
1251 3059 1297 3126 sic
1314 3058 1357 3125 lo-

177 3191 324 3268 quantur,
343 3181 427 3271 quod
450 3183 592 3273 adductis
616 3185 767 3274 exemplis
790 3186 900 3274 prohat
922 3187 1056 3253 Palairet
1077 3184 1130 3274 (ad
1151 3183 1184 3252 h.
1204 3185 1254 3269 t).
1273 3183 1358 3250 Scri-

177 3303 262 3371 bitur
277 3306 344 3372 sine
360 3307 501 3375 hrtIculo
518 3306 593 3396 (πας
609 3308 719 3397 aaron),
747 3310 829 3399 quod
852 3309 966 3398 Ισραηλ
989 3322 1022 3378 ut
1043 3313 1163 3377 Nomen
1189 3307 1356 3396 Proprium

178 3428 346 3497 haberetur
363 3432 466 3519 potius
485 3451 576 3519 quam
593 3443 627 3498 nt
642 3432 882 3521 Appellativum.
895 3433 943 3500 CI.
959 3436 1017 3502 Gr.
1032 3454 1065 3522 p.
1086 3434 1163 3501 108.
1182 3433 1303 3498 Aduot.
1325 3432 1354 3496 l.

177 3553 231 3621 Sic
247 3554 330 3631 Itali,
360 3555 463 3623 demto
484 3556 645 3636 Articulo,
665 3576 757 3646 saepe
774 3557 880 3624 dicunt
897 3558 1012 3624 Chimo
1035 3569 1144 3641 scruto,
1165 3554 1201 3622 ad
1219 3555 1358 3622 indican-

179 3676 250 3744 dam
270 3681 391 3760 onam,
410 3681 581 3763 Soractem,
603 3680 796 3747 catholicum
812 3695 842 3749 ct
857 3684 1074 3767 Apostolioom
1089 3684 1275 3748 Ecclesium.

227 3924 280 3989 57.
307 3922 372 3988 His
389 3934 493 3988 aulem
510 3922 657 4013 audilis).
676 3926 733 3991 Gr.
753 3925 903 4014 Pallidip.
922 3927 999 3992 Aor.
1019 3949 1201 4001 ακουσαντες
1218 3923 1267 4003 δε,
1286 3926 1356 3994 soil.

181 4039 293 4124 rouro,
312 4067 409 4132 quum
426 4056 532 4112 notem
548 4034 741 4112 ondlor'ssent
761 4046 819 4114 hos
843 4048 928 4114 Petri
954 4067 1133 4129 sermones,
1151 4047 1273 4115 adeius
1290 4068 1359 4114 ora-

183 4169 314 4250 tionem,
333 4171 401 4237 Deo
419 4171 501 4237 intus
517 4169 612 4237 corda
629 4190 736 4238 eorum
758 4181 916 4259 tangente,
948 4175 1129 4255 corrrponcti
1150 4183 1224 4237 suut
1246 4175 1356 4252 corde,

182 4296 301 4362 Graece
316 4317 352 4382 τῃ
369 4288 500 4382 καρδιᾳ,
531 4294 584 4382 qui
601 4293 731 4361 Dativus
748 4305 795 4361 est
810 4298 994 4378 rotationis,
1013 4307 1047 4362 ut
1065 4299 1078 4362 l
1101 4295 1174 4361 Cor.
1189 4295 1268 4362 XIV
1288 4319 1296 4360 z
1316 4297 1359 4362 20

182 4429 212 4485 et
227 4417 365 4508 Philipp.
387 4419 434 4483 IlI
451 4437 458 4480 :
476 4421 508 4486 5.
525 4419 595 4487 Vox
611 4442 813 4510 κατανυγηναι
830 4431 913 4488 notat
928 4423 973 4486 sic
985 4423 1090 4504 poopi
1105 4431 1140 4485 ot
1155 4422 1282 4485 aculeata
1299 4420 1360 4483 im-
