3074 5054
178 369 243 438 206
547 366 682 433 ACTUS
705 365 1036 444 daemomonum,

179 560 237 626 Dei
254 559 401 648 gloriam,
420 568 450 623 at
467 559 568 624 Iesum
584 576 602 623 a
618 554 735 623 dextris
752 556 824 623 Dei.
843 584 857 614 ι
881 556 969 621 Canit
992 553 1133 620 Ecclesia
1152 573 1159 616 :
1175 553 1356 636 Stephanus

179 685 258 747 uidit
273 684 371 747 enetos
386 692 528 765 apertos,
548 683 630 745 uidit
646 692 675 746 et
693 683 851 746 introivit.

221 810 327 890 fitium
343 807 507 889 hominis).
527 806 579 873 Sie
604 807 733 873 Messias
758 817 885 873 voeatun
909 814 1036 894 propter
1059 814 1248 892 assumptam
1267 812 1358 868 natu·

176 952 242 998 ram
260 930 438 998 humanam.
458 930 591 997 Videtur
616 929 790 1018 Stephanus
819 930 993 1019 respexisse
1017 928 1093 996 illud
1114 928 1252 995 Danielis
1275 928 1355 1015 Cap.

178 1056 239 1124 VII
262 1080 269 1120 :
300 1057 356 1134 lh,
383 1057 424 1122 tt
448 1075 455 1116 :
481 1056 526 1119 Et
551 1075 615 1119 eece
637 1077 708 1120 eunt
732 1055 864 1120 ttnht'hns
893 1057 971 1120 caeti
993 1056 1085 1139 qnasi
1106 1056 1194 1136 filins
1217 1052 1357 1116 hominia

178 1177 335 1257 nettiehnt,
362 1190 392 1243 et
407 1198 504 1262 usqne
519 1181 560 1243 ud
576 1182 744 1264 antt'qnnnt
760 1183 885 1246 dietant
906 1183 1068 1264 pervenit,
1094 1189 1124 1243 et
1141 1181 1175 1242 t'n
1191 1186 1358 1258 conspectat
1438 1243 1441 1251 ,

177 1307 245 1368 eina
269 1304 449 1369 obtulerunt
465 1326 547 1369 enm.
571 1307 616 1369 tte
636 1308 724 1371 dedit
747 1309 778 1370 ei
798 1318 1000 1390 potestatem,
1023 1319 1052 1373 et
1074 1308 1240 1387 honorem,
1260 1315 1290 1368 et
1305 1325 1358 1366 re-

176 1449 275 1510 pnnnt
291 1451 300 1488 :
317 1439 346 1492 et
361 1450 468 1493 omnes
481 1431 610 1512 populi,
630 1431 750 1511 trihus,
769 1443 799 1497 et
815 1434 942 1514 linquae
960 1435 1025 1514 ipsi
1039 1432 1177 1496 servient
1193 1456 1202 1493 :
1217 1439 1359 1513 potestus

178 1553 246 1615 eina
253 1602 266 1633 ,
282 1561 418 1635 potestus
434 1561 582 1631 aeterna,
600 1573 679 1636 qnae
695 1574 759 1620 nun
775 1557 941 1639 auferetur
948 1580 962 1637 ;
980 1566 1009 1619 et
1025 1575 1157 1637 reputant
1174 1555 1257 1631 eina,
1273 1554 1359 1636 qnod

177 1697 241 1740 nun
259 1686 495 1759 corrumpetur.

223 1928 278 1994 56.
304 1927 528 1991 Enclnntantes
551 1933 654 1988 nutem
677 1943 747 1987 noea
774 1944 906 2005 mapula,
930 1921 1020 2010 ete).
1049 1921 1098 1988 Ad
1127 1941 1161 1988 ea
1190 1941 1268 2010 quae
1289 1920 1359 1988 Ste-

179 2047 299 2138 phanus
315 2047 353 2114 de
370 2050 440 2114 Iesu
462 2046 602 2123 dicebat,
629 2046 679 2112 isti
705 2047 791 2134 quasi
817 2046 856 2114 ad
879 2044 1065 2113 horrendam
1088 2044 1253 2134 quamdam
1274 2044 1358 2112 hlas-

179 2172 333 2263 phemiam
360 2194 468 2261 magna
484 2193 559 2240 veee
576 2171 766 2253 exclamant,
785 2183 876 2260 puta,
895 2171 1086 2260 Stephanum
1102 2170 1358 2260 blasphemasse,

179 2318 309 2387 esseque
325 2297 521 2387 lapidandum
545 2296 602 2387 (el.
625 2295 736 2365 Matth.
760 2297 898 2364 XXVI:
919 2296 990 2377 65),
1008 2295 1164 2384 simulque
1188 2316 1279 2364 autes
1300 2295 1359 2363 ob·

180 2432 282 2488 turant
296 2423 471 2512 (συνεσχον)
495 2440 585 2501 suas,
610 2421 729 2487 seilicet
745 2440 784 2486 ue
800 2439 894 2507 pomo
911 2419 1052 2486 audirent
1068 2418 1356 2508 blasphemantem;

180 2547 321 2634 laetoque
338 2547 454 2635 impetu
478 2547 538 2613 und
562 2565 668 2614 omues
692 2540 918 2634 (tpoaapata)
945 2545 977 2610 in
1002 2546 1231 2614 sanctissimum
1254 2547 1359 2613 vinum

181 2674 314 2741 innuunt.

227 2919 281 2984 57.
308 2919 353 2982 Et
372 2919 531 2982 eiicientes
554 2937 626 2982 enm
652 2927 744 2982 entra
763 2921 921 2984 civitatem
944 2920 1142 3002 lapidabunt,
1174 2915 1264 3004 ete).
1295 2919 1356 2987 Gr.

181 3035 398 3124 εκβαλοντες...
422 3034 633 3124 ελιθαβολουν,
658 3038 690 3105 h.
722 3060 750 3106 e.
775 3044 948 3109 eiectum...
979 3044 1171 3125 lapidabunt.
1196 3044 1243 3108 Ex
1266 3062 1359 3130 prae-

181 3163 297 3251 scripto
321 3163 397 3250 Iegis
418 3162 574 3229 Mosaiaae
598 3161 728 3249 capitale
751 3165 939 3251 supplicium
964 3176 1030 3232 enat
1050 3166 1163 3253 duplex
1186 3190 1193 3231 :
1214 3165 1355 3253 gladius,

181 3297 211 3351 et
226 3283 383 3372 IapIdatiu.
403 3286 487 3351 Haec
504 3282 675 3372 peragenda
688 3296 752 3351 erat
767 3297 854 3352 extra
873 3298 989 3372 eastra,
1008 3288 1155 3378 deinceps
1178 3266 1251 3355 neno
1268 3299 1358 3356 extra

179 3408 386 3477 urbemVide
398 3409 498 3474 Levit.
512 3409 624 3475 XXIV
639 3429 647 3469 ι
663 3410 718 3489 aa
733 3410 863 3476 Numer.
878 3412 940 3477 XV
956 3436 963 3477 :
980 3414 1033 3492 55;
1049 3413 1220 3480 Deutennn.
1234 3412 1333 3478 XXII
1345 3439 1354 3479 z

179 3538 234 3604 hh.
260 3537 298 3601 Et
321 3534 470 3601 haetenus
492 3532 618 3622 quidem
640 3533 715 3620 Iegis
739 3534 892 3601 Mosaieae
914 3556 1067 3603 memores
1088 3547 1174 3604 emat
1193 3537 1256 3603 isti.
1286 3536 1357 3604 Sta·

178 3670 278 3726 tutum
306 3657 420 3746 panitae
445 3667 527 3734 erat,
553 3667 587 3722 ut
614 3657 644 3721 in
670 3654 731 3722 hoe
755 3658 909 3746 supplicia
935 3659 1100 3746 infligendo
1130 3660 1221 3748 peimi
1251 3672 1358 3727 assent

177 3793 281 3850 testes
308 3782 478 3848 Deuteron.
504 3779 598 3847 XVII
622 3805 630 3846 :
655 3781 702 3847 7¹.
729 3781 790 3867 Qui
814 3793 847 3850 ut
870 3783 909 3850 ad
934 3803 999 3850 nem
1024 3783 1228 3872 peragendam
1251 3797 1358 3853 essent

177 3905 404 3994 expeditiones⁷
424 3902 484 3970 hoe
499 3903 568 3970 loen
584 3903 730 3972 dicuntur
748 3916 849 3973 vastes
864 3926 935 3972 suas
953 3905 1157 3996 (superiores)
1172 3911 1356 3992 deposuisse

176 4029 330 4119 (απεθεντο
348 4054 386 4094 τα
412 4033 520 4114 ἱματια
539 4031 662 4118 αὑτων),
687 4034 773 4116 apttd
795 4027 890 4120 (παρα
912 4055 980 4105 τους
1000 4027 1105 4114 modae)
1125 4032 1355 4102 adolescentem

208 4246 227 4312 ¹)
243 4246 336 4299 Modus
357 4247 437 4299 huius
457 4248 578 4315 supplicii
601 4249 738 4313 infligendi
785 4252 871 4304 estin
893 4251 1104 4304 Chrestomatht'a
1125 4266 1184 4303 mea
1206 4252 1356 4304 Rahhe'niea

175 4331 738 4397 describuntinntshnamaet.Santouta,
785 4342 809 4386 et
832 4334 987 4387 Chaldaeae.
1009 4335 1080 4388 Tam.
1105 4336 1125 4387 1.
1149 4336 1179 4388 P.
1200 4337 1231 4397 l,
1248 4351 1275 4402 p.
1289 4337 1355 4396 286,

175 4413 236 4480 Cap.
261 4415 286 4467 6.
321 4414 371 4476 Qui
397 4415 468 4468 loeus
490 4416 594 4481 integer
618 4417 740 4470 realtatus
785 4430 843 4483 sqq.
