3074 5054
461 363 600 431 CAPUT
634 363 734 441 XIV,
773 364 894 433 vatis.
932 366 1078 433 att-bi.
1299 368 1368 436 575

183 560 219 626 B.
238 556 313 624 Vid.
342 573 436 643 supra
452 553 490 621 ad
506 554 583 642 Cap.
598 554 628 623 V
644 573 652 615 ι
670 531 730 638 ti)
746 552 994 621 Christianorum
1011 564 1115 634 coctu,
1138 555 1365 637 renuntiarunt,

185 693 301 772 quanta
324 683 410 746 Deos
432 682 557 765 fecisset
573 700 643 744 cum
661 682 739 763 ipsis
768 677 815 762 (h.
836 699 864 744 c.
882 682 1004 765 fecisset
1029 682 1107 746 iliis.
1127 680 1174 746 Cf.
1195 680 1277 748 Tob.
1292 682 1369 771 Cap.

183 806 228 872 lll
244 829 253 871 z
272 806 294 871 6
310 813 342 869 ct
356 801 434 869 Vlll
455 825 463 867 ε
483 801 538 866 18.
558 799 673 866 Sensus
699 810 745 866 cst
768 824 776 866 :
803 819 895 888 quam
920 801 1037 890 potenti
1058 799 1174 867 auxilio
1199 801 1286 869 Deus
1303 800 1365 869 illis

179 925 379 1015 adstitisset),
408 936 438 991 et
464 927 547 1010 quod
570 923 632 1004 (και
661 927 718 1010 ὁτι)
746 925 833 990 Deus
860 928 1042 1008 operuisset
1071 927 1221 992 Gentibus
1252 932 1367 993 octium

177 1053 270 1137 (idei,
285 1050 309 1117 i.
325 1070 353 1116 e.
370 1047 454 1138 quod
470 1049 557 1114 Deus
574 1048 690 1116 Gentes
706 1045 745 1113 ad
762 1045 855 1114 fidem
872 1046 1060 1129 admisisset,
1082 1048 1235 1137 multique
1252 1051 1368 1138 passim

178 1179 320 1248 Gentiles
347 1179 528 1266 religionem
556 1178 762 1244 Christianam
793 1177 923 1245 luissent
950 1179 1098 1268 amplexi.
1125 1219 1169 1229 -
1192 1180 1309 1249 Paulus
1337 1195 1368 1249 ct

179 1299 338 1369 Barnabas
365 1312 528 1388 antequam
564 1320 674 1367 novam
714 1300 992 1389 peregrinationem
1026 1302 1244 1390 Evangelicam
1278 1305 1366 1372 insti-

179 1435 285 1507 tuunt,
312 1424 430 1492 diutius
453 1424 535 1512 apud
560 1423 755 1491 Christianos
779 1424 1008 1492 Antiochenses
1033 1438 1281 1494 commorantur.
1307 1451 1310 1455 ·

368 1705 542 1819 corun
594 1743 847 1818 nncrnun
901 1744 1178 1841 colunum.

180 1929 372 1981 bacunnnrnn.
390 1929 447 1990 Quo
459 1933 576 1995 tempore
588 1929 684 1981 Paulus
695 1932 722 1980 et
733 1928 865 1980 Barnabas
882 1927 1035 1980 Antiochiae
1051 1930 1262 1988 commorantur,
1275 1927 1337 1979 illuc
1349 1941 1364 1978 a

212 2013 306 2064 iudaea
316 2012 427 2065 veniunt
439 2011 692 2063 Iudaeo-Christiani
705 2011 835 2074 nonnulli,
847 2011 892 2078 qui
902 2011 1100 2074 contenderent,
1114 2010 1230 2062 Gentiles
1238 2010 1272 2062 ad
1284 2010 1363 2062 fidem

213 2093 306 2146 Christi
319 2107 458 2147 conversos
469 2094 580 2146 hlosaico
597 2095 649 2146 ritu
667 2093 891 2146 circumcidendos
908 2107 981 2157 esse,
999 2095 1021 2144 si
1038 2093 1136 2145 vellent
1153 2107 1209 2146 essa
1226 2095 1366 2160 participes

213 2178 311 2233 salutis.
333 2179 379 2229 llis
395 2178 491 2229 Paulus
508 2181 535 2229 et
551 2178 683 2231 Barnabas
699 2178 801 2230 fortiter
821 2179 963 2241 resistunt3
983 2178 1029 2229 scd
1051 2192 1103 2231 non
1123 2178 1295 2244 acquiescunt
1312 2177 1361 2230 isti.

213 2264 303 2331 ltaque
313 2263 346 2315 ad
359 2262 431 2315 litem
443 2263 511 2316 hanc
520 2263 694 2316 dirimendam
704 2263 802 2315 Paulus
810 2267 836 2316 et
845 2263 977 2316 Barnabas
985 2264 1081 2331 aliique
1091 2264 1211 2317 nonnulli
1222 2265 1364 2316 mittuntur

213 2346 429 2411 Hierosolymam,
441 2361 481 2398 vs.
495 2348 568 2398 t-6.
582 2347 675 2399 coacto
685 2347 811 2408 concilio,
824 2347 987 2398 conveniunt
999 2346 1035 2397 ibi
1048 2346 1163 2412 Apostoli
1175 2360 1235 2398 cum
1248 2346 1361 2412 presby-

213 2432 288 2492 teris,
302 2430 448 2483 consulturi
458 2432 521 2498 quid
539 2444 569 2483 ea
583 2433 609 2482 in
623 2446 650 2483 re
662 2436 730 2484 esset
740 2432 918 2484 statuendum.
934 2431 1065 2482 Definitur
1076 2434 1179 2494 autem,
1192 2430 1225 2482 ad
1236 2430 1363 2483 observa-

213 2515 309 2566 tionem
327 2513 391 2578 legis
404 2515 529 2566 Mosaicae
550 2515 658 2566 minimo
670 2515 754 2566 teneri
774 2514 819 2580 qui
838 2528 872 2565 ex
893 2512 1041 2565 Gentilibus
1058 2513 1197 2565 Christiani
1211 2514 1320 2574 fierent;
1335 2516 1363 2565 et

213 2595 343 2648 decretum
358 2596 479 2659 Consilii,
490 2596 521 2648 ad
535 2597 645 2648 iormam
662 2598 786 2662 epistolae
797 2598 894 2663 scripto
911 2596 1080 2656 mandatum,
1093 2595 1257 2648 Antiochiam
1271 2595 1362 2662 peric·

213 2679 323 2731 rendum
335 2677 413 2729 datur
424 2679 504 2730 ludac
514 2679 641 2730 Barsabac
653 2683 680 2730 et
689 2679 770 2742 Silae,
782 2680 827 2745 qui
841 2692 901 2730 cum
912 2678 992 2731 Paulo
1004 2679 1156 2730 etBarnaba
1169 2679 1195 2729 in
1206 2692 1266 2730 cum
1279 2678 1360 2730 finem

213 2761 376 2814 Antiochiam
394 2761 519 2823 redeunt,
538 2775 575 2812 vs.
594 2763 685 2812 7-31.
706 2761 828 2814 Mandato
848 2775 896 2813 suo
916 2762 1086 2827 perfunctus,
1109 2761 1185 2812 ludas
1203 2759 1281 2826 paulo
1301 2762 1361 2825 post

214 2842 415 2908 iherosolymam
427 2843 582 2905 revertitur;
597 2843 663 2895 Silas
677 2857 739 2896 vero
757 2843 907 2897 Antiochiae
918 2847 1072 2910 permanet,
1089 2843 1134 2894 ubi
1152 2843 1250 2909 pariter
1263 2841 1361 2894 Paulus

213 2929 353 2991 quoqueet
365 2925 504 2988 Barnabas,
525 2926 754 2978 commorabantur
768 2928 795 2978 in
812 2926 986 2992 praedicando
1004 2925 1145 2990 Evangelio
1164 2924 1299 2990 occupati,
1318 2937 1359 2976 vs.

213 3010 303 3060 :sa-36.
326 3007 377 3060 Sed
397 3012 456 3074 post
470 3008 550 3060 breve
568 3011 672 3073 tempus
691 3008 788 3060 Paulus
809 3010 954 3062 Barnabam
974 3011 1070 3061 invitat
1086 3008 1118 3060 ad
1137 3007 1288 3060 revisendos
1308 3021 1360 3059 no·

213 3091 292 3141 rellos
311 3089 471 3142 Christianos
487 3103 533 3155 per
550 3103 641 3141 omnes
658 3091 793 3153 civitates,
806 3092 833 3142 in
853 3092 950 3157 quibus
965 3091 1136 3156 Euangelium
1156 3091 1358 3156 praedicassent.

212 3171 298 3224 Placet
309 3172 441 3223 Barnabae
454 3172 527 3223 Pauli
537 3175 712 3238 propositum;
726 3173 772 3224 sed
784 3187 845 3226 cum
860 3174 904 3226 illa
917 3188 999 3226 novoe
1017 3173 1096 3225 huius
1108 3172 1272 3238 evangelicae
1284 3186 1360 3238 pere-

211 3254 366 3317 grinationis
380 3253 500 3304 comitem
519 3267 575 3306 essa
594 3254 658 3306 velit
677 3256 800 3306 loannem
820 3255 951 3318 Marcum,
969 3257 996 3306 id
1013 3255 1084 3321 quod
1104 3255 1201 3306 Paulus
1220 3269 1273 3306 non
1289 3253 1360 3316 vult,

211 3340 294 3390 oritur
304 3339 373 3389 inter
384 3351 428 3389 eos
439 3337 588 3399 dissidium;
600 3353 652 3405 quo
664 3341 709 3397 lit.
722 3343 752 3390 ut
765 3347 876 3405 uterquc
890 3340 923 3391 ab
936 3339 1018 3392 altero
1029 3341 1183 3404 seiungatur
1193 3341 1237 3402 ite,
1253 3343 1282 3390 ut
1293 3340 1359 3390 Bar·

211 3421 305 3483 nabas,
317 3421 440 3472 adiuncto
451 3420 502 3471 sibi
515 3421 615 3483 Marco,
627 3422 654 3472 in
672 3421 787 3487 Cyprum
805 3423 927 3487 naviget,
940 3422 1037 3474 Paulus
1053 3436 1131 3484 vero,
1151 3423 1246 3475 comita
1262 3421 1360 3474 adscito

210 3504 258 3554 sibi
272 3503 340 3564 Sila,
355 3503 458 3567 Syriam
469 3507 591 3568 peragret
602 3506 629 3555 et
640 3502 770 3567 Ciliciam,
783 3518 821 3556 vs.
837 3504 944 3556 att-tt.

225 3653 255 3716 l.
282 3651 327 3714 Et
358 3653 487 3734 quidem
520 3654 755 3732 descendentes,
786 3647 877 3735 eiu).
908 3652 979 3736 Quo
1012 3661 1151 3739 tempore
1183 3650 1298 3717 Paulus
1329 3660 1360 3716 et

179 3771 336 3839 Barnabas
369 3772 553 3840 Antiochiae
585 3775 873 3856 commorabantur,
911 3775 984 3843 illue
1016 3796 1033 3841 e
1064 3776 1177 3844 ludaea
1204 3787 1359 3842 venerunt

179 3894 395 3984 (κατελθοντες)
418 3897 558 3964 nonnulli
587 3898 907 3978 Iudaeo-Christiani,
933 3900 986 3990 qui
1014 3899 1358 3968 ethnico-Christianos

177 4022 386 4086 Arctiocbeuos
410 4023 559 4087 docebant
584 4017 757 4102 (cdcdccnon
782 3998 851 4098 cong
879 4019 1055 4117 adelpoog),
1073 4023 1112 4091 ad
1131 4023 1260 4090 salutem
1278 4020 1356 4088 obti-

178 4142 311 4210 nendam
329 4164 389 4210 non
403 4144 546 4212 sufficere
558 4145 619 4214 fide
632 4158 662 4214 et
674 4167 769 4238 opere
785 4148 965 4236 religionem
982 4146 1121 4237 profiteri
1135 4146 1354 4225 Christianam,

178 4285 285 4333 verum
302 4266 429 4355 insuper
442 4278 585 4356 oportere
598 4289 651 4336 eos
665 4269 848 4337 circumcidi
862 4275 926 4336 rito
940 4273 1081 4336 Mosoc'co
1097 4274 1151 4357 (τῳ
1164 4269 1220 4332 obet
1232 4267 1352 4357 (Datin.

177 4387 326 4475 Normae)
354 4391 534 4480 Μωυσεως).
564 4392 631 4456 Ὁτι
657 4394 884 4475 botronatum,
914 4405 946 4461 ut
974 4413 1069 4484 supra
1092 4395 1169 4483 Cap.
1188 4393 1233 4462 Vl
1260 4412 1267 4454 τ
1294 4391 1351 4462 ll.
