3074 5054
179 395 246 462 au
382 389 405 479 p
483 425 484 431 κ
540 390 675 458 nonus
713 355 1040 476 arosr'ononum

222 583 340 649 Saulus
358 593 465 648 autem
488 582 833 671 (Hibra‘solymitanam)
848 586 1024 652 Ecclesiam
1042 589 1241 671 devastabat,
1259 584 1355 675 eta).

82 708 85 716 ’
177 709 234 778 Gr.
255 705 451 794 ελυμαινετο,
471 706 553 798 quod
569 705 738 796 {dicebatur
758 708 913 798 imprimis
935 713 973 776 de
996 715 1078 796 feris
1099 734 1178 778 arou
1199 717 1358 779 vastanti-

176 834 243 900 bus.
271 834 316 899 lta
339 833 450 901 Saulus
478 838 634 922 tamquam
662 853 751 902 saeva
775 834 925 924 quaedam
950 835 1052 904 bellua
1076 838 1198 904 vineam
1225 839 1357 906 Domini

177 958 365 1026 devastabat.
392 958 460 1025 Hoa
483 967 585 1025 autem
613 980 674 1044 prro
701 961 793 1025 modo
817 970 1004 1048 praestaret,
1029 960 1145 1027 dieitur
1169 960 1200 1027 in
1222 965 1357 1050 sequen-

177 1084 272 1152 tihus.
302 1083 428 1151 Scilicet
455 1083 657 1152 obambulans
679 1107 736 1170 per
758 1087 867 1152 domos
892 1083 1228 1176 (terraemotibus),
1252 1088 1355 1155 sianhi

177 1227 246 1276 esse
272 1207 466 1276 Christianos
494 1208 610 1275 sniehnt
637 1218 700 1280 aut.
720 1219 804 1276 uerte
831 1208 1064 1297 suspicabatur,
1097 1212 1134 1277 eb
1162 1210 1360 1300 irrumpebat

178 1332 472 1428 (εισπορευομενος);
498 1344 528 1400 et
542 1354 620 1423 quos
641 1334 825 1416 invenisset,
852 1334 936 1400 viros
953 1334 1069 1423 pariter
1089 1353 1126 1400 aa
1142 1333 1305 1415 mulieres,
1325 1336 1355 1401 vi

177 1459 250 1526 inde
276 1468 429 1526 extractos
455 1454 586 1548 (aspar)
615 1455 812 1545 pertrahebat
836 1457 866 1522 in
895 1475 1066 1522 aaraerem.
1092 1454 1140 1522 Gi.
1164 1456 1256 1522 etiam
1278 1458 1353 1524 hat.

180 1581 227 1650 tx
258 1606 266 1649 ε
295 1583 355 1661 il3
385 1580 526 1648 XXVl:
558 1582 612 1650 lb.
642 1580 714 1648 Gal.
737 1580 750 1646 l
775 1597 782 1640 ι
810 1582 864 1648 lb.
891 1557 1110 1646 Saulushaeo
1132 1589 1166 1646 ut
1188 1578 1356 1660 laaeret,a

179 1705 332 1793 synedrio
364 1705 576 1773 anctoritatem
610 1704 844 1793 impetraverat,
873 1715 907 1771 ut
937 1704 1054 1771 dietum
1088 1715 1136 1770 est
1166 1703 1245 1772 inira
1273 1705 1352 1793 Cap.

179 1831 326 1898 XXVI:
355 1831 408 1898 lb.

223 2079 256 2144 l.
282 2073 419 2164 Iaitas).
448 2075 605 2142 Particula
628 2098 678 2139 aar
703 2074 763 2142 hoa
786 2076 855 2143 loeo
876 2086 946 2165 post
961 2073 1163 2142 Parenlhesin
1181 2074 1244 2164 (vs,
1263 2078 1296 2154 l,
1317 2074 1356 2163 5)

176 2201 324 2270 orationis
349 2200 436 2268 iilum
451 2199 573 2290 (omues
595 2198 734 2285 dispersi
755 2211 848 2279 saal,
875 2221 922 2266 vs.
947 2198 990 2279 l),
1009 2211 1166 2288 tamquam
1183 2219 1263 2266 novo
1280 2198 1353 2266 dato

179 2325 355 2415 principio,
379 2327 522 2391 resumit.
550 2326 599 2391 De
620 2348 671 2389 ουν
695 2325 862 2414 abruptum
888 2325 1037 2392 orationis
1061 2323 1148 2390 tilam
1178 2333 1357 2390 resumente

178 2449 248 2518 vide
261 2450 524 2539 Hoogeveenium,
538 2472 570 2539 p.
581 2453 658 2521 509.
674 2425 791 2519 Sensus
804 2461 849 2519 est
865 2477 873 2518 ε
889 2452 928 2518 Hi
943 2451 1049 2539 igitur,
1059 2449 1112 2539 qui
1126 2449 1356 2537 persecutionis

177 2596 270 2645 eausa
295 2575 472 2664 pervarias
497 2575 627 2642 ludaeae
650 2587 680 2643 et
702 2577 857 2644 Samariae
883 2577 1023 2664 regiones
1046 2576 1167 2643 fuerant
1192 2573 1355 2663 dissipati,

177 2700 319 2788 regiones
340 2698 408 2765 illas
422 2710 641 2782 peram-arant
657 2695 816 2787 (dealbes),
830 2711 860 2767 et
876 2720 932 2768 suo
950 2700 1067 2789 quique
1083 2697 1191 2779 modo,
1211 2698 1355 2788 publiea,

177 2823 337 2913 privatim,
367 2822 570 2912 popularibus
598 2825 663 2891 suis
690 2825 880 2913 evarrgelium
914 2823 1132 2913 praedicabant
1157 2848 1165 2890 ε
1191 2822 1357 2891 advenisse

177 2949 366 3041 promissum
390 2948 554 3028 Messinm,
581 2948 665 3016 huna
687 2971 755 3017 esse
779 2952 881 3017 lesum
898 2952 1110 3029 Nazarenum,
1133 2950 1186 3039 qui
1203 2951 1356 3017 liiiiroso·

176 3072 269 3160 lymis
291 3072 322 3137 in
347 3091 473 3139 erucem
496 3082 601 3150 aetus,
624 3074 712 3141 tertia
734 3085 804 3164 post
828 3086 957 3143 mortem
984 3074 1034 3142 die
1057 3096 1074 3142 a
1096 3074 1226 3142 mortuis
1248 3094 1356 3140 resur-

150 3175 154 3182 ¹
177 3202 326 3282 rexisset,
346 3211 407 3266 eta.-

223 3451 256 3517 3.
283 3451 456 3535 Philippus
481 3463 602 3531 autem,
620 3449 712 3540 eta).
736 3451 785 3518 De
809 3449 975 3540 Philippo,
993 3468 1055 3516 uno
1075 3469 1114 3516 ex
1136 3447 1275 3538 prologis
1291 3447 1356 3514 illis

177 3573 473 3660 evangelizantibus,
493 3576 663 3643 instituitur
686 3576 838 3658 narratio,
856 3576 1004 3665 adquam
1021 3577 1181 3642 transitur
1205 3594 1261 3664 per
1276 3575 1355 3640 Par-

177 3695 302 3765 tiaulam
328 3693 379 3779 be,
406 3719 485 3788 quae
509 3699 561 3767 hia
584 3701 665 3769 valet
686 3703 877 3770 Nostralium
900 3723 958 3768 nu.
984 3700 1093 3768 Sermo
1117 3711 1219 3768 autem
1243 3711 1290 3768 est
1312 3700 1355 3768 de

174 3821 322 3912 Philippo
347 3822 497 3902 diaeono;
517 3844 585 3893 nam
611 3825 636 3893 si
661 3825 712 3893 hia
734 3826 842 3893 luisset
862 3825 1029 3915 Philippus
1045 3825 1231 3914 Apostolus,
1251 3826 1355 3915 impo-

174 3946 287 4014 suisset
303 3958 333 4015 et
348 3967 456 4016 manus
473 3948 644 4037 baptizatis.
663 3948 712 4015 Cl.
728 3949 806 4017 inira
821 3970 869 4016 vs.
890 3951 944 4017 lb.
960 3987 1004 3999 —-
1021 3948 1187 4039 Philippus
1204 3949 1354 4017 diaeonus

176 4091 248 4137 cam
263 4073 473 4139 descendisset
492 4050 673 4163 (κατελθων)
689 4073 720 4139 in
744 4074 853 4141 urbem
878 4075 1048 4142 Samariam
1073 4071 1249 4166 (ειςῇπολιν.
1269 4075 1354 4141 Arti-

176 4193 266 4262 oulus
294 4196 401 4265 abesse
429 4208 560 4287 poterat.
591 4198 673 4266 Vide
701 4199 755 4265 Gr.
783 4220 852 4289 pag.
885 4199 985 4286 tlt),
1002 4197 1215 4288 lilliusgurhis
1242 4199 1355 4266 ineolis

175 4319 334 4390 Christum
362 4323 562 4411 praedicavit.
584 4362 628 4372 -
650 4323 885 4412 Intelligendum
913 4323 966 4392 hia
989 4343 1058 4391 esse
1078 4323 1249 4391 Samariam
1277 4327 1353 4389 elui-

108 4471 109 4475 *
176 4459 291 4528 latens,
309 4465 370 4519 noo
395 4470 468 4555 vero
492 4451 663 4519 Samariam
692 4452 870 4536 repioaem,
889 4451 921 4519 id
940 4450 1065 4541 quidem
1090 4451 1164 4518 satis
1179 4461 1272 4520 eerto
1291 4451 1354 4518 ool·
