3074 5054
477 390 616 457 CAPUT
650 390 778 468 XXW,
817 390 937 457 VERS.
978 391 1122 457 tu-to.
1308 390 1373 457 atu
1495 404 1497 411 ’

193 582 336 648 omnibus
352 603 431 666 quae
447 583 483 647 e'n
495 581 575 664 Leqe
589 590 682 665 atque
699 583 735 646 in
751 580 922 664 Prophetis
938 583 1061 664 scripta
1076 589 1162 662 sant,
1181 579 1374 662 habeamque

193 707 225 801 in
240 705 306 770 Deo
323 707 495 789 repositam
513 724 602 787 spem
617 699 743 793 (elaeon
760 726 838 790 εχων
854 726 895 777 εις
911 726 962 766 τον
980 700 1074 791 Θεον)
1091 703 1262 787 aliquando
1283 704 1373 786 sutu-

192 851 261 896 ram
277 827 494 918 coaequalium
511 829 649 917 euectae)
665 843 866 898 mortuorum
879 840 944 895 tam
959 832 1118 896 iustorum
1133 850 1228 914 quam
1245 830 1371 912 iniquo·

191 975 262 1019 rnen
279 957 559 1038 resurrectionem,
583 975 678 1040 qnam
700 957 736 1020 lu'
756 975 875 1040 quoque
891 956 954 1038 ipsi
968 953 1007 1042 (i.
1027 973 1056 1021 e.
1075 961 1271 1020 accusatores
1289 951 1368 1030 mei,
1463 935 1467 941 ’

192 1077 243 1165 qui
256 1076 309 1146 hic
321 1076 455 1165 adstant)
468 1089 659 1162 caeperunt.
675 1079 780 1163 Atque
794 1081 842 1143 ita
853 1080 959 1145 animo
973 1086 1176 1161 comparatus
1188 1077 1231 1164 (εν
1243 1072 1369 1162 seseq),

192 1204 257 1285 ipse
272 1224 393 1289 quoque
408 1204 475 1293 (nur
491 1200 616 1290 αυτος),
635 1211 669 1268 ιιι
691 1200 762 1281 alii,
788 1203 896 1268 studeo
920 1213 1079 1286 ceperum
1103 1202 1239 1284 offensae
1262 1201 1371 1287 (anpo-

189 1325 314 1412 ononar]
331 1329 444 1393 nabere
459 1327 685 1394 conscientiam
702 1347 840 1409 semper,
860 1337 925 1391 tane
942 1347 1017 1409 erqo
1035 1327 1156 1409 Deum,
1181 1346 1276 1410 qaam
1294 1344 1370 1406 erqo

187 1452 330 1518 nomines
353 1452 393 1542 (i.
414 1473 442 1518 e.
462 1449 571 1519 studeo
589 1469 757 1538 numquam
775 1448 933 1516 ollendere
949 1448 1032 1516 nulla
1049 1449 1080 1515 in
1098 1469 1131 1514 re
1150 1467 1250 1535 neque
1267 1447 1367 1514 Deum

191 1593 291 1663 neque
308 1572 478 1663 homines).

232 1693 318 1772 Ὀδος
334 1696 373 1764 de
392 1699 558 1782 Retiqr'one
582 1699 785 1784 Christiana,
811 1712 845 1769 ιιι
865 1721 960 1789 supra
981 1701 1058 1790 Cap.
1077 1701 1155 1768 ΧΙΧ
1176 1723 1184 1765 :
1203 1702 1260 1768 25.
1280 1701 1368 1766 Hauc

185 1821 346 1890 Tertullus
374 1826 490 1915 αἰρεσιν
518 1836 680 1892 vocaverat
705 1826 765 1914 (vs.
785 1824 835 1914 5),
859 1824 939 1892 malo
966 1823 1059 1892 herlus
1082 1823 1227 1891 vocabuli
1252 1843 1365 1904 sensu,

193 1943 377 2014 traducendo
401 1946 531 2014 Paulum
557 1958 714 2038 tamquam
738 1960 883 2038 paternae
905 1947 976 2015 fidei
995 1947 1247 2016 destructorem.
1265 1947 1367 2033 Quam

192 2070 435 2139 criminationem
460 2072 577 2141 Paulus
600 2072 729 2158 relellit,
749 2073 925 2163 profitendo
941 2093 976 2139 se
992 2071 1121 2140 credere
1137 2073 1242 2140 omnia
1258 2084 1288 2140 et
1304 2073 1367 2140 sin·

187 2195 256 2283 gula
272 2215 352 2287 quae
368 2197 484 2287 scripta
500 2211 571 2266 sunt
586 2200 617 2266 iu
635 2200 732 2268 saeris
749 2219 823 2267 suae
838 2200 938 2288 gentis
955 2198 1069 2266 libris*⁸
1085 2238 1130 2248 -
1145 2201 1264 2266 Mortuo
1282 2199 1366 2266 illius

192 2321 324 2417 turpeve)
347 2327 401 2417 qui
426 2349 483 2417 per
501 2350 609 2398 vocem
637 2332 714 2395 οὑτω
739 2331 906 2411 indicatur,
933 2330 959 2396 is
983 2317 1084 2418 qualis
1108 2329 1149 2396 sit
1176 2328 1365 2397 describitur

191 2447 320 2534 perduc
336 2448 505 2541 Partiaiqio
522 2475 672 2517 πιστευων
685 2464 714 2521 et
727 2449 865 2543 (ελπιὸα)
883 2477 960 2540 equo
979 2451 1167 2539 Asyndetice
1184 2453 1361 2530 coniuncta,

190 2590 265 2658 quae
280 2574 451 2662 acqualiler
467 2575 633 2665 pandonia
651 2576 746 2644 verbo
763 2576 865 2644 Finito
883 2574 1084 2668 λατρευω.-
1096 2577 1188 2639 Κατα
1203 2598 1254 2640 τον
1270 2597 1363 2661 aanor

188 2715 240 2763 run
255 2697 368 2782 leqem,
383 2697 439 2765 sed
454 2698 496 2765 ita
513 2709 545 2766 ιιι
557 2699 754 2785 cogitandum
768 2699 808 2767 sil
823 2724 831 2765 ι
847 2721 902 2766 ren
919 2719 1023 2766 uranos
1039 2701 1178 2785 quiaque
1190 2700 1365 2765 Mosae‘eos.

188 2814 378 2906 Praepositio
394 2843 473 2882 κατα
489 2817 550 2886 hoc
566 2818 635 2887 loco
659 2820 797 2888 eamdem
825 2821 983 2888 notionem
1009 2818 1118 2898 habet,
1144 2840 1237 2908 quam
1262 2819 1364 2887 eidem

187 2941 350 3012 ltibtlimus
366 2965 474 3034 supra,
493 2967 540 3012 vs-
560 2947 592 3014 5.
608 2984 651 2993 -
668 2947 702 3013 ln
720 2946 857 3013 diutione
873 2945 952 3026 hau,
971 2971 1032 3021 τοις
1049 2969 1214 3038 προφηταις
1230 2968 1364 3037 γεγραμ-

187 3088 294 3152 μενοις,
310 3085 369 3133 vox
385 3090 605 3158 γεγραμμενοις
621 3069 734 3159 pendet
746 3088 763 3136 a
776 3092 938 3146 neareour,
953 3080 983 3137 el
996 3069 1027 3137 id
1040 3068 1125 3159 quud
1141 3068 1360 3158 praemittitur,

185 3209 243 3263 τοις
265 3211 451 3280 προφηταις,
479 3188 597 3257 dictum
621 3201 668 3257 esl
683 3188 743 3257 hoo
763 3210 820 3280 pro
837 3191 895 3254 ὑπο
910 3215 971 3255 των
988 3213 1161 3283 προφητων,
1180 3211 1259 3280 quae
1275 3190 1361 3258 verbi

185 3305 300 3378 Passivi
330 3312 468 3399 syntaxis
491 3313 521 3378 in
544 3311 594 3380 his
622 3312 710 3380 libris
739 3333 799 3378 uon
828 3313 1008 3403 infrequens
1036 3323 1094 3382 est.
1109 3352 1154 3363 -
1170 3313 1204 3377 ‘0
1225 3335 1362 3404 πατρῳος

185 3428 259 3509 Θεος
274 3432 458 3521 intelligitur
475 3436 559 3500 Deus
577 3434 759 3514 auratam,
777 3437 872 3502 Isaac
888 3449 917 3502 et
931 3438 1036 3504 Iacob.
1060 3437 1167 3504 Lectio
1182 3436 1333 3524 Vulgalac
1352 3461 1360 3503 :

183 3558 323 3624 uerrere
348 3557 444 3625 Patet
465 3570 494 3624 et
517 3560 582 3625 Deo
605 3581 674 3625 meo
703 3559 794 3649 plana
822 3570 880 3627 est.
895 3599 939 3610 -
955 3563 1031 3628 Post
1059 3559 1180 3649 uellem
1208 3574 1256 3629 est
1281 3561 1363 3651 apud

182 3690 323 3748 auctmes
340 3679 486 3770 profanos
503 3680 679 3749 lniinilivus
695 3682 825 3764 Futuri3
846 3683 876 3749 in
891 3683 980 3751 libris
993 3703 1068 3751 vero
1080 3685 1159 3751 Novi
1172 3685 1361 3752 Testamenti

182 3801 302 3891 uellem
326 3805 391 3873 lere
414 3827 538 3896 semper
562 3809 753 3876 construitur
778 3829 849 3876 cum
879 3808 1036 3877 Infinitivo
1059 3810 1249 3878 Praesentis.
1279 3811 1362 3881 Vide

181 3928 237 3998 Gr.
256 3948 328 4019 pag.
355 3931 433 3999 565.
460 3932 580 3998 Adnot.
600 3935 633 4000 5.
648 3970 693 3981 —
710 3933 745 3998 ln
769 3932 926 4001 locutione
946 3955 974 3996 eu
997 3948 1093 4018 τουτῳ
1116 3933 1310 4023 Praepositio
1331 3957 1361 3998 εν
1463 4021 1464 4025 ¹

209 4182 230 4250 ἰ
245 4182 329 4246 Pauo,
341 4182 412 4236 dicta
424 4181 504 4236 luisse
516 4196 530 4235 a
543 4181 658 4235 Tertullo
672 4183 748 4249 plura
794 4183 889 4250 passim
912 4182 951 4251 (v.
969 4197 995 4248 g.
1015 4181 1109 4236 Matth.
1125 4182 1171 4236 Vll
1185 4198 1191 4234 :
1205 4182 1245 4248 li)
1264 4182 1364 4236 indicat

176 4264 746 4333 quumaLucarelerantur;idemquesen-
792 4267 926 4330 integrum
954 4279 1048 4332 corpus
1075 4278 1208 4317 sacrorum
1235 4264 1361 4318 librorum

175 4344 745 4413 tlodePauliadobjectacriminaresponso.
792 4347 889 4400 veteris
900 4348 1066 4400 Testamenti.
1086 4346 1181 4400 Conler
1197 4360 1265 4414 quae
1282 4351 1361 4400 nota-

206 4430 227 4499 'l
244 4431 354 4486 Locutio
374 4430 439 4483 haec
457 4447 463 4483 :
482 4432 525 4483 lea
544 4439 568 4485 et
586 4431 745 4498 propnetae,
793 4431 880 4483 vimus
890 4430 922 4482 ad
934 4429 997 4496 Cap.
1010 4429 1069 4482 XllI
1084 4445 1090 4481 :
1103 4428 1145 4481 to.
