3074 5054
144 172 211 240 ddi)
482 168 617 238 ACTUS
646 169 980 246 APOSTOLORUM,

140 370 227 427 sextu
244 379 301 450 pro
317 363 350 424 ὃν
365 382 418 422 και
430 380 639 449 εκρατησαμεν
654 359 855 426 scribendum
868 357 977 425 suisset
993 380 1203 450 εκρατησαμεν
1219 382 1322 425 aaron.

139 484 205 552 Nos
226 481 399 551 secundum
422 481 502 549 hanc
524 480 728 571 scriptionem
755 481 875 549 Graeca
904 479 956 547 hic
980 479 1089 547 Latine
1115 478 1323 548 reddidimus.

138 610 296 699 iuterpres
317 618 422 677 noster
444 607 614 697 Participio
636 608 769 696 εὑροντες
792 606 949 674 notionem
974 604 1081 673 tribuit
1102 605 1221 673 doristi
1242 605 1325 674 indi-

137 733 241 802 cativi.
269 733 329 803 Sed
355 733 481 822 nequit,
506 731 567 799 hoc
590 742 673 799 certe
697 730 784 815 loco,
810 729 1014 818 Participium
1043 728 1123 794 sumi
1147 747 1206 816 pro
1229 725 1325 795 verbo

137 861 163 926 F
165 859 254 926 initu.
274 857 356 927 Vide
378 859 436 924 Gr.
462 877 532 946 pag.
552 858 631 925 570.
650 858 683 923 2.
703 893 746 904 -
762 854 909 922 Datiuum
926 877 1004 917 πασι
1022 876 1085 927 τοις
1101 847 1252 935 laudatore
1268 872 1325 942 pu·

137 982 264 1052 taverim
282 981 457 1050 habendum
474 1002 543 1049 esse
567 1002 624 1070 pro
642 980 752 1047 Dativo
770 982 881 1060 toeoti,
900 989 933 1046 ut
953 977 1137 1046 vertendum
1159 977 1200 1044 sit
1215 979 1323 1061 opud,

137 1105 185 1173 vei
198 1108 283 1171 inter
295 1125 402 1173 omnes
414 1107 432 1172 J
436 1105 561 1173 udaeos.
576 1105 625 1172 De
639 1104 750 1171 Dativn
768 1106 862 1170 torota·
877 1102 992 1170 videsis
1006 1101 1191 1169 Kiihnerum
1209 1099 1322 1190 3568.

139 1267 182 1279 -
199 1229 332 1300 Videtur
354 1227 430 1296 mihi
454 1226 566 1316 ambigi
590 1247 700 1316 posse,
724 1237 829 1293 utrum
853 1225 968 1294 locutio
990 1225 1008 1299 ἡ
1030 1247 1190 1310 οικουμενη
1220 1221 1273 1291 hic
1295 1232 1325 1290 et

138 1373 232 1443 supra
261 1353 348 1438 (Cap.
366 1344 484 1418 'xvtt
515 1351 546 1436 6)
575 1347 724 1416 sumenda
752 1349 792 1415 sit
819 1348 858 1415 de
887 1349 959 1414 orbe
987 1348 1151 1428 Romano,
1181 1365 1221 1413 cu
1250 1365 1325 1413 uero

139 1487 271 1567 utroque
294 1476 362 1543 loco
385 1495 442 1564 per
469 1472 681 1567 Hyperbptam
706 1471 845 1539 adhibita
868 1471 908 1538 sit
929 1470 968 1539 de
989 1474 1134 1537 anniversa
1160 1481 1324 1538 terrorum

139 1602 230 1677 orbe,
249 1610 283 1667 ut
298 1618 329 1665 v.
352 1618 383 1686 g.
405 1597 436 1663 in
461 1595 522 1664 hoc
537 1595 696 1663 Plutarchi
716 1595 755 1664 do
775 1592 954 1664 Alexandro
973 1618 981 1660 ;
999 1596 1053 1670 Εις
1071 1599 1104 1658 ὸν
1122 1594 1141 1668 ἡ
1161 1618 1324 1682 concepero

138 1748 189 1791 νυν
206 1720 435 1789 arcticon.-
447 1721 674 1814 Προτοστατης,
688 1726 744 1808 prii
758 1725 885 1806 priores
901 1732 964 1788 etot
980 1721 1011 1788 iu
1029 1742 1063 1789 re
1080 1721 1220 1802 militari,
1240 1721 1323 1791 idem

140 1860 186 1917 cst
202 1849 255 1939 qni
274 1846 406 1936 λοχαγος
422 1857 475 1913 aut
491 1846 622 1936 dysporo.
643 1846 841 1916 Vocabulum
855 1846 931 1914 iilud
945 1846 998 1915 hic
1013 1846 1148 1914 sumitur
1162 1845 1325 1936 metapho-

141 1972 221 2053 rice3
248 1980 367 2038 servata
389 1968 569 2058 metaphora
594 1969 680 2037 reddi
703 1980 806 2060 potest
827 1973 974 2057 nipedes,
999 1972 1247 2054 antesipnanos,
1273 1980 1325 2038 aut

141 2097 373 2180 primipilario.

184 2216 315 2283 Panium
344 2213 448 2282 ludaei
477 2214 523 2281 iili
554 2215 658 2282 Asiani
688 2216 774 2306 (Cap.
805 2215 1004 2302 XX1228)
1032 2227 1254 2285 accusaverant
1283 2217 1321 2287 de

140 2340 254 2430 templo
271 2339 310 2407 ab
327 2338 380 2406 iiio
397 2338 576 2428 profanato;
606 2339 777 2406 secundum
797 2328 975 2430 praesentes
998 2352 1101 2408 autem
1124 2354 1322 2410 accusatores

140 2477 256 2533 tantum
275 2468 458 2532 attentasset
475 2461 644 2554 (επειρασε)
661 2462 737 2531 ittnd
754 2463 867 2532 facere.
886 2465 979 2528 Korn
997 2488 1048 2529 τον
1066 2466 1209 2557 ἡμετερον
1231 2489 1322 2554 copon

139 2593 200 2679 (vs.
226 2588 305 2678 6.):
331 2588 450 2657 scilicet
479 2587 600 2654 iudaeis
627 2588 658 2654 in
685 2609 718 2654 re
741 2589 902 2676 religiosa,
930 2601 964 2657 ut
987 2589 1123 2657 diximus
1147 2610 1245 2680 supra
1272 2588 1321 2671 (ad

138 2715 216 2802 Cap.
234 2714 264 2781 V
267 2715 295 2780 ΙΙ
316 2736 323 2778 :
342 2712 419 2799 60),
442 2710 583 2779 relictum
606 2722 672 2779 erat
687 2711 736 2778 ius
761 2711 924 2780 damnandi
941 2713 1072 2802 capitis3
1090 2734 1200 2781 eorum
1218 2723 1319 2782 tamen

139 2836 319 2904 sententiaa
335 2833 483 2902 Praeside
497 2835 563 2902 sive
579 2836 786 2902 Procuratore
802 2836 943 2903 Romano
960 2834 1173 2904 confirmanda
1190 2847 1275 2915 erat,
1292 2847 1321 2903 et

139 2982 212 3029 vero
235 2962 326 3027 etiam
354 2959 561 3048 exsequenda.
588 2960 723 3028 innuunt
744 2980 817 3047 ergo
840 2980 896 3050 per
920 2959 1059 3027 rabulam
1082 2980 1174 3028 suum
1197 2978 1320 3028 accusa-

139 3095 240 3165 tores,
271 3083 457 3152 tudaeorum
484 3083 533 3150 ius
560 3080 618 3150 hcc
642 3084 673 3151 in
702 3105 737 3151 re
765 3084 882 3152 laesum
906 3085 1003 3153 tuisse
1026 3104 1045 3151 a
1072 3083 1184 3171 Lysia,
1216 3083 1317 3172 utqui

138 3207 269 3276 Panium
285 3207 324 3275 ah
342 3207 419 3298 ipsis
435 3204 636 3274 iudicandum
649 3227 666 3274 e
679 3208 823 3276 manibus
835 3229 944 3275 eorum
957 3207 1107 3276 violenter
1123 3208 1316 3275 extraxisset.

138 3334 254 3400 Tacent
270 3342 372 3400 autem
393 3332 462 3413 isti,
488 3329 590 3420 quod,
614 3331 674 3398 nisi
698 3332 808 3420 Lysias
831 3332 1079 3422 supervenisset,
1105 3331 1256 3411 Paulum,
1275 3332 1318 3398 in·

139 3458 220 3526 dicta
251 3477 364 3539 causa,
394 3456 593 3524 tumultuarie
624 3457 824 3525 occidissent.
856 3458 1031 3526 Mirandum
1061 3479 1134 3526 veru
1167 3459 1253 3549 quod
1282 3457 1317 3526 ad

138 3582 264 3671 Lysiam
281 3582 382 3671 ipsum
401 3592 556 3671 umquam
573 3592 681 3650 testem
699 3590 757 3672 (vs,
776 3583 810 3649 8.
829 3588 901 3674 παρ’
918 3583 966 3669 οὐ)
982 3602 1153 3673 provocare
1169 3583 1238 3650 ausi
1255 3582 1312 3651 ine·

139 3710 211 3777 riut.
241 3706 457 3797 Speraverint,
484 3706 608 3795 opinor,
639 3705 706 3774 scre
730 3718 762 3774 ut
784 3727 842 3796 per
868 3706 1027 3776 audaciam
1055 3707 1135 3774 hanc
1159 3708 1301 3776 convictu

137 3839 267 3905 Praeses
285 3836 323 3905 de
338 3836 467 3902 veritate
492 3835 657 3902 intentatae
672 3836 897 3918 accusationis,
915 3836 1046 3904 Paulum
1064 3835 1219 3903 vindictae
1238 3837 1290 3926 ips

139 3981 206 4028 rum
225 3960 429 4058 permitteret.
455 3957 516 4027 Sed
534 3978 584 4026 res
598 3959 687 4027 aliter
703 3961 827 4029 cecidit.
846 3963 967 4050 Nempe
983 3960 1105 4027 mentiri
1123 3981 1177 4028 eos
1189 3962 1280 4029 Prae‘

138 4106 177 4153 ex
191 4085 304 4173 Lysiae
323 4083 453 4175 epistola
476 4084 568 4173 (Cap.
591 4084 703 4153 XXlil
724 4111 731 4153 :
751 4084 811 4174 27)
832 4085 921 4153 facile
944 4085 1207 4153 animadverterit.
1223 4123 1267 4137 -

138 4213 180 4274 ὡν
195 4209 282 4294 ἡμεις
295 4231 517 4301 earnyopoopev
531 4232 624 4274 αυτου
636 4221 683 4278 est
695 4213 855 4278 attractio
863 4236 877 4295 ,·
891 4230 961 4280 num
975 4210 1036 4278 dici
1050 4209 1129 4277 solet
1140 4233 1257 4300 cureyo

137 4347 166 4385 τι
183 4345 273 4385 frans
