<?xml version="1.0" encoding="UTF-8"?>
<!DOCTYPE html PUBLIC "-//W3C//DTD XHTML 1.0 Transitional//EN"
    "http://www.w3.org/TR/xhtml1/DTD/xhtml1-transitional.dtd">
<html xmlns="http://www.w3.org/1999/xhtml" xml:lang="en" lang="en">
 <head>
  <title>
</title>
<meta http-equiv="Content-Type" content="text/html;charset=utf-8" />
  <meta name='ocr-system' content='tesseract 3.04.00' />
  <meta name='ocr-capabilities' content='ocr_page ocr_carea ocr_par ocr_line ocrx_word'/>
</head>
<body>
  <div class='ocr_page' id='page_1' title='image "./commentariusina00beelgoog/commentariusina00beelgoog_0486.png"; bbox 0 0 3074 5054; ppageno 0'>
   <div class='ocr_carea' id='block_1_1' title="bbox 189 372 1051 452">
    <p class='ocr_par' dir='ltr' id='par_1_1' title="bbox 189 372 1051 452">
     <span class='ocr_line' id='line_1_1' title="bbox 189 372 1051 452; baseline 0.01 -10"><span class='ocrx_word' id='word_1_1' title='bbox 189 374 254 442; x_wconf 88' lang='grc'><strong>448</strong></span> <span class='ocrx_word' id='word_1_2' title='bbox 559 372 695 441; x_wconf 82' lang='lat' dir='ltr'>ACTUS</span> <span class='ocrx_word' id='word_1_3' title='bbox 718 373 1051 452; x_wconf 72' lang='lat' dir='ltr'><strong>suessulanum,</strong></span> 
     </span>
    </p>
   </div>
   <div class='ocr_carea' id='block_1_2' title="bbox 180 562 1370 2150">
    <p class='ocr_par' dir='ltr' id='par_1_2' title="bbox 180 562 1370 2150">
     <span class='ocr_line' id='line_1_2' title="bbox 184 562 1366 654; baseline -0.003 -23"><span class='ocrx_word' id='word_1_4' title='bbox 184 563 403 643; x_wconf 79' lang='grc'>414441144144,</span> <span class='ocrx_word' id='word_1_5' title='bbox 416 564 582 641; x_wconf 71' lang='grc'>41444444,</span> <span class='ocrx_word' id='word_1_6' title='bbox 596 586 753 646; x_wconf 89' lang='lat' dir='ltr'><strong>summus,</strong></span> <span class='ocrx_word' id='word_1_7' title='bbox 768 565 942 644; x_wconf 66' lang='lat' dir='ltr'><strong>derivatum</strong></span> <span class='ocrx_word' id='word_1_8' title='bbox 957 565 1021 633; x_wconf 89' lang='lat' dir='ltr'><strong>vid.</strong></span> <span class='ocrx_word' id='word_1_9' title='bbox 1036 585 1108 654; x_wconf 92' lang='lat' dir='ltr'><strong>sup.</strong></span> <span class='ocrx_word' id='word_1_10' title='bbox 1123 562 1163 630; x_wconf 92' lang='lat' dir='ltr'><strong>ad</strong></span> <span class='ocrx_word' id='word_1_11' title='bbox 1175 565 1253 653; x_wconf 85' lang='lat' dir='ltr'><strong>Cap.</strong></span> <span class='ocrx_word' id='word_1_12' title='bbox 1266 565 1350 632; x_wconf 92' lang='lat' dir='ltr'><strong>Xlll</strong></span> <span class='ocrx_word' id='word_1_13' title='bbox 1359 585 1366 628; x_wconf 93' lang='lat'><strong>:</strong></span> 
     </span>
     <span class='ocr_line' id='line_1_3' title="bbox 184 686 1366 782; baseline 0 -24"><span class='ocrx_word' id='word_1_14' title='bbox 184 688 230 771; x_wconf 90' lang='grc'><strong>7),</strong></span> <span class='ocrx_word' id='word_1_15' title='bbox 247 691 350 759; x_wconf 90' lang='grc'>144441</span> <span class='ocrx_word' id='word_1_16' title='bbox 364 690 597 759; x_wconf 74' lang='lat' dir='ltr'><strong>Corinthienses</strong></span> <span class='ocrx_word' id='word_1_17' title='bbox 610 693 741 761; x_wconf 85' lang='lat' dir='ltr'><strong>Paulum</strong></span> <span class='ocrx_word' id='word_1_18' title='bbox 754 693 919 782; x_wconf 88' lang='lat' dir='ltr'><strong>aliqnando</strong></span> <span class='ocrx_word' id='word_1_19' title='bbox 936 695 1130 760; x_wconf 83' lang='lat' dir='ltr'><strong>coniunctim</strong></span> <span class='ocrx_word' id='word_1_20' title='bbox 1143 686 1366 780; x_wconf 74' lang='grc' dir='ltr'>(4444444αὸ44.</span> 
     </span>
     <span class='ocr_line' id='line_1_4' title="bbox 184 814 1370 906; baseline -0.002 -24"><span class='ocrx_word' id='word_1_21' title='bbox 184 814 249 882; x_wconf 91' lang='grc'>414.</span> <span class='ocrx_word' id='word_1_22' title='bbox 270 815 307 883; x_wconf 90' lang='grc'><strong>44</strong></span> <span class='ocrx_word' id='word_1_23' title='bbox 325 816 401 905; x_wconf 91' lang='lat' dir='ltr'><strong>Cap.</strong></span> <span class='ocrx_word' id='word_1_24' title='bbox 422 816 451 881; x_wconf 97' lang='lat' dir='ltr'><strong>ll</strong></span> <span class='ocrx_word' id='word_1_25' title='bbox 471 837 479 879; x_wconf 78' lang='lat' dir='ltr'><strong>a</strong></span> <span class='ocrx_word' id='word_1_26' title='bbox 499 818 554 901; x_wconf 88' lang='grc'><strong>49)</strong></span> <span class='ocrx_word' id='word_1_27' title='bbox 573 815 671 884; x_wconf 88' lang='grc'>444411</span> <span class='ocrx_word' id='word_1_28' title='bbox 693 828 782 897; x_wconf 87' lang='grc'>4441,</span> <span class='ocrx_word' id='word_1_29' title='bbox 807 837 941 906; x_wconf 90' lang='lat' dir='ltr'><strong>eumque</strong></span> <span class='ocrx_word' id='word_1_30' title='bbox 959 816 996 884; x_wconf 89' lang='lat' dir='ltr'><strong>ad</strong></span> <span class='ocrx_word' id='word_1_31' title='bbox 1017 815 1149 882; x_wconf 80' lang='lat' dir='ltr'><strong>tribunal</strong></span> <span class='ocrx_word' id='word_1_32' title='bbox 1170 814 1370 905; x_wconf 77' lang='lat' dir='ltr'>proconsulis</span> 
     </span>
     <span class='ocr_line' id='line_1_5' title="bbox 184 938 1370 1030; baseline -0.002 -21"><span class='ocrx_word' id='word_1_33' title='bbox 184 941 356 1022; x_wconf 84' lang='grc'>44444441,</span> <span class='ocrx_word' id='word_1_34' title='bbox 381 950 561 1008; x_wconf 78' lang='lat' dir='ltr'><strong>accusantes</strong></span> <span class='ocrx_word' id='word_1_35' title='bbox 586 962 656 1008; x_wconf 92' lang='lat' dir='ltr'><strong>eum</strong></span> <span class='ocrx_word' id='word_1_36' title='bbox 681 941 899 1009; x_wconf 82' lang='lat' dir='ltr'><strong>aedicantes:</strong></span> <span class='ocrx_word' id='word_1_37' title='bbox 921 942 980 1009; x_wconf 90' lang='lat' dir='ltr'><strong>Hie</strong></span> <span class='ocrx_word' id='word_1_38' title='bbox 999 938 1057 1030; x_wconf 74' lang='lat' dir='ltr'><strong>(bas</strong></span> <span class='ocrx_word' id='word_1_39' title='bbox 1078 939 1290 1022; x_wconf 80' lang='grc'>4444444444)</span> <span class='ocrx_word' id='word_1_40' title='bbox 1312 938 1370 1007; x_wconf 88' lang='grc'>144-</span> 
     </span>
     <span class='ocr_line' id='line_1_6' title="bbox 183 1040 1369 1157; baseline 0 -23"><span class='ocrx_word' id='word_1_41' title='bbox 183 1067 320 1135; x_wconf 91' lang='lat' dir='ltr'><strong>minibus</strong></span> <span class='ocrx_word' id='word_1_42' title='bbox 337 1068 518 1157; x_wconf 78' lang='lat' dir='ltr'>persuadet,</span> <span class='ocrx_word' id='word_1_43' title='bbox 537 1078 571 1135; x_wconf 95' lang='grc'><strong>41</strong></span> <span class='ocrx_word' id='word_1_44' title='bbox 593 1069 695 1135; x_wconf 89' lang='lat' dir='ltr'><strong>Deum</strong></span> <span class='ocrx_word' id='word_1_45' title='bbox 718 1067 820 1136; x_wconf 79' lang='lat' dir='ltr'><strong>colant</strong></span> <span class='ocrx_word' id='word_1_46' title='bbox 844 1068 935 1136; x_wconf 95' lang='lat' dir='ltr'><strong>modo</strong></span> <span class='ocrx_word' id='word_1_47' title='bbox 960 1068 1115 1136; x_wconf 88' lang='lat' dir='ltr'><strong>Mosaicae</strong></span> <span class='ocrx_word' id='word_1_48' title='bbox 1132 1068 1190 1156; x_wconf 88' lang='lat' dir='ltr'><strong>legi</strong></span> <span class='ocrx_word' id='word_1_49' title='bbox 1208 1040 1369 1135; x_wconf 76' lang='lat' dir='ltr'><strong>contrario</strong></span> 
     </span>
     <span class='ocr_line' id='line_1_7' title="bbox 183 1191 1366 1282; baseline 0.004 -29"><span class='ocrx_word' id='word_1_50' title='bbox 183 1194 281 1282; x_wconf 80' lang='grc' dir='ltr'>(παρα</span> <span class='ocrx_word' id='word_1_51' title='bbox 299 1214 350 1256; x_wconf 74' lang='grc'><strong>444</strong></span> <span class='ocrx_word' id='word_1_52' title='bbox 369 1191 487 1280; x_wconf 74' lang='lat' dir='ltr'><strong>cupos).</strong></span> <span class='ocrx_word' id='word_1_53' title='bbox 503 1194 661 1260; x_wconf 90' lang='lat' dir='ltr'><strong>-Lucas</strong></span> <span class='ocrx_word' id='word_1_54' title='bbox 679 1193 858 1259; x_wconf 77' lang='lat' dir='ltr'><strong>summatim</strong></span> <span class='ocrx_word' id='word_1_55' title='bbox 871 1203 988 1260; x_wconf 89' lang='lat' dir='ltr'><strong>tantum</strong></span> <span class='ocrx_word' id='word_1_56' title='bbox 1005 1194 1233 1261; x_wconf 85' lang='lat' dir='ltr'><strong>accusationem</strong></span> <span class='ocrx_word' id='word_1_57' title='bbox 1251 1191 1366 1270; x_wconf 88' lang='grc'>441441,</span> 
     </span>
     <span class='ocr_line' id='line_1_8' title="bbox 182 1316 1369 1406; baseline 0 -24"><span class='ocrx_word' id='word_1_58' title='bbox 182 1326 215 1382; x_wconf 93' lang='grc'><strong>41</strong></span> <span class='ocrx_word' id='word_1_59' title='bbox 231 1336 270 1382; x_wconf 87' lang='lat' dir='ltr'><strong>ex</strong></span> <span class='ocrx_word' id='word_1_60' title='bbox 285 1317 437 1385; x_wconf 84' lang='lat' dir='ltr'><strong>Gallionis</strong></span> <span class='ocrx_word' id='word_1_61' title='bbox 461 1337 610 1406; x_wconf 79' lang='lat' dir='ltr'><strong>responso</strong></span> <span class='ocrx_word' id='word_1_62' title='bbox 628 1325 687 1406; x_wconf 86' lang='grc'>(44.</span> <span class='ocrx_word' id='word_1_63' title='bbox 710 1317 766 1405; x_wconf 82' lang='grc'><strong>15)</strong></span> <span class='ocrx_word' id='word_1_64' title='bbox 782 1316 890 1405; x_wconf 89' lang='grc'>114441.</span> <span class='ocrx_word' id='word_1_65' title='bbox 911 1317 1041 1384; x_wconf 87' lang='lat' dir='ltr'><strong>Romani</strong></span> <span class='ocrx_word' id='word_1_66' title='bbox 1060 1317 1182 1384; x_wconf 88' lang='lat' dir='ltr'><strong>ludaeis</strong></span> <span class='ocrx_word' id='word_1_67' title='bbox 1199 1336 1369 1384; x_wconf 90' lang='lat' dir='ltr'><strong>concesse·</strong></span> 
     </span>
     <span class='ocr_line' id='line_1_9' title="bbox 182 1439 1363 1531; baseline -0.002 -27"><span class='ocrx_word' id='word_1_68' title='bbox 182 1451 250 1506; x_wconf 91' lang='grc'>4441</span> <span class='ocrx_word' id='word_1_69' title='bbox 266 1441 371 1507; x_wconf 78' lang='lat' dir='ltr'><strong>vivere</strong></span> <span class='ocrx_word' id='word_1_70' title='bbox 387 1461 425 1507; x_wconf 90' lang='lat' dir='ltr'><strong>ex</strong></span> <span class='ocrx_word' id='word_1_71' title='bbox 443 1442 598 1509; x_wconf 88' lang='lat' dir='ltr'><strong>Mosaicac</strong></span> <span class='ocrx_word' id='word_1_72' title='bbox 615 1441 690 1529; x_wconf 86' lang='lat' dir='ltr'><strong>legis</strong></span> <span class='ocrx_word' id='word_1_73' title='bbox 711 1442 903 1531; x_wconf 81' lang='lat' dir='ltr'><strong>praescripto</strong></span> <span class='ocrx_word' id='word_1_74' title='bbox 917 1440 993 1523; x_wconf 86' lang='lat' dir='ltr'><strong>(vid.</strong></span> <span class='ocrx_word' id='word_1_75' title='bbox 1013 1440 1061 1508; x_wconf 81' lang='lat' dir='ltr'><strong>Fl.</strong></span> <span class='ocrx_word' id='word_1_76' title='bbox 1084 1439 1211 1528; x_wconf 88' lang='lat' dir='ltr'><strong>losepb.</strong></span> <span class='ocrx_word' id='word_1_77' title='bbox 1230 1439 1363 1527; x_wconf 85' lang='lat' dir='ltr'><strong>Autiqq.</strong></span> 
     </span>
     <span class='ocr_line' id='line_1_10' title="bbox 181 1562 1365 1654; baseline 0 -24"><span class='ocrx_word' id='word_1_78' title='bbox 181 1563 252 1631; x_wconf 88' lang='lat' dir='ltr'><strong>Lib.</strong></span> <span class='ocrx_word' id='word_1_79' title='bbox 267 1566 359 1643; x_wconf 89' lang='lat' dir='ltr'><strong>XIV,</strong></span> <span class='ocrx_word' id='word_1_80' title='bbox 377 1566 454 1654; x_wconf 87' lang='lat' dir='ltr'><strong>Cap.</strong></span> <span class='ocrx_word' id='word_1_81' title='bbox 477 1569 545 1650; x_wconf 88' lang='grc'>111);</span> <span class='ocrx_word' id='word_1_82' title='bbox 565 1585 661 1654; x_wconf 81' lang='lat' dir='ltr'><strong>quase</strong></span> <span class='ocrx_word' id='word_1_83' title='bbox 684 1564 716 1632; x_wconf 95' lang='lat' dir='ltr'><strong>hi</strong></span> <span class='ocrx_word' id='word_1_84' title='bbox 742 1565 935 1654; x_wconf 78' lang='lat' dir='ltr'><strong>speraverint</strong></span> <span class='ocrx_word' id='word_1_85' title='bbox 950 1565 1029 1643; x_wconf 88' lang='grc'>1444,</span> <span class='ocrx_word' id='word_1_86' title='bbox 1045 1576 1079 1631; x_wconf 94' lang='grc'><strong>41</strong></span> <span class='ocrx_word' id='word_1_87' title='bbox 1095 1562 1262 1652; x_wconf 85' lang='lat' dir='ltr'><strong>proconsul</strong></span> <span class='ocrx_word' id='word_1_88' title='bbox 1280 1563 1365 1630; x_wconf 89' lang='lat' dir='ltr'><strong>Pau·</strong></span> 
     </span>
     <span class='ocr_line' id='line_1_11' title="bbox 180 1685 1364 1778; baseline -0.004 -23"><span class='ocrx_word' id='word_1_89' title='bbox 180 1688 245 1756; x_wconf 92' lang='lat' dir='ltr'><strong>lum</strong></span> <span class='ocrx_word' id='word_1_90' title='bbox 273 1690 396 1777; x_wconf 83' lang='lat' dir='ltr'><strong>puniret</strong></span> <span class='ocrx_word' id='word_1_91' title='bbox 420 1703 575 1778; x_wconf 90' lang='lat' dir='ltr'><strong>tamquam</strong></span> <span class='ocrx_word' id='word_1_92' title='bbox 603 1690 765 1758; x_wconf 89' lang='lat' dir='ltr'><strong>docentem</strong></span> <span class='ocrx_word' id='word_1_93' title='bbox 792 1688 850 1778; x_wconf 86' lang='lat' dir='ltr'><strong>legi</strong></span> <span class='ocrx_word' id='word_1_94' title='bbox 880 1690 1034 1757; x_wconf 88' lang='lat' dir='ltr'><strong>Mosaicae</strong></span> <span class='ocrx_word' id='word_1_95' title='bbox 1062 1689 1231 1757; x_wconf 79' lang='lat' dir='ltr'><strong>contraria.</strong></span> <span class='ocrx_word' id='word_1_96' title='bbox 1257 1685 1364 1753; x_wconf 89' lang='lat' dir='ltr'><strong>ludaei</strong></span> 
     </span>
     <span class='ocr_line' id='line_1_12' title="bbox 180 1809 1365 1903; baseline -0.003 -25"><span class='ocrx_word' id='word_1_97' title='bbox 180 1813 241 1897; x_wconf 94' lang='lat' dir='ltr'><strong>ipsi</strong></span> <span class='ocrx_word' id='word_1_98' title='bbox 259 1812 289 1878; x_wconf 95' lang='lat' dir='ltr'><strong>in</strong></span> <span class='ocrx_word' id='word_1_99' title='bbox 309 1812 440 1880; x_wconf 94' lang='lat' dir='ltr'><strong>Paulum</strong></span> <span class='ocrx_word' id='word_1_100' title='bbox 464 1813 709 1881; x_wconf 75' lang='lat' dir='ltr'><strong>animaduertere</strong></span> <span class='ocrx_word' id='word_1_101' title='bbox 725 1833 786 1880; x_wconf 89' lang='lat' dir='ltr'><strong>non</strong></span> <span class='ocrx_word' id='word_1_102' title='bbox 804 1825 963 1903; x_wconf 78' lang='lat' dir='ltr'><strong>poterant,</strong></span> <span class='ocrx_word' id='word_1_103' title='bbox 979 1813 1069 1902; x_wconf 89' lang='lat' dir='ltr'><strong>quia,</strong></span> <span class='ocrx_word' id='word_1_104' title='bbox 1084 1823 1119 1879; x_wconf 90' lang='lat' dir='ltr'><strong>ut</strong></span> <span class='ocrx_word' id='word_1_105' title='bbox 1134 1821 1219 1878; x_wconf 89' lang='lat' dir='ltr'><strong>notat</strong></span> <span class='ocrx_word' id='word_1_106' title='bbox 1234 1809 1365 1878; x_wconf 78' lang='lat' dir='ltr'><strong>Grotius</strong></span> 
     </span>
     <span class='ocr_line' id='line_1_13' title="bbox 180 1933 1364 2026; baseline -0.003 -23"><span class='ocrx_word' id='word_1_107' title='bbox 180 1936 284 2025; x_wconf 91' lang='lat' dir='ltr'><strong>(adh.</strong></span> <span class='ocrx_word' id='word_1_108' title='bbox 302 1937 354 2024; x_wconf 85' lang='grc'>1.),</span> <span class='ocrx_word' id='word_1_109' title='bbox 373 1938 403 2004; x_wconf 85' lang='grc'><strong>14</strong></span> <span class='ocrx_word' id='word_1_110' title='bbox 426 1937 545 2007; x_wconf 79' lang='lat' dir='ltr'><strong>Achaia</strong></span> <span class='ocrx_word' id='word_1_111' title='bbox 569 1938 853 2006; x_wconf 84' lang='lat' dir='ltr'><strong>animadversiones</strong></span> <span class='ocrx_word' id='word_1_112' title='bbox 878 1939 908 2003; x_wconf 91' lang='lat' dir='ltr'><strong>iu</strong></span> <span class='ocrx_word' id='word_1_113' title='bbox 933 1938 1100 2026; x_wconf 77' lang='lat' dir='ltr'><strong>populares</strong></span> <span class='ocrx_word' id='word_1_114' title='bbox 1124 1956 1198 2003; x_wconf 93' lang='lat' dir='ltr'><strong>suos</strong></span> <span class='ocrx_word' id='word_1_115' title='bbox 1222 1955 1284 2001; x_wconf 93' lang='lat' dir='ltr'><strong>nou</strong></span> <span class='ocrx_word' id='word_1_116' title='bbox 1311 1933 1364 2000; x_wconf 92' lang='lat' dir='ltr'><strong>ha-</strong></span> 
     </span>
     <span class='ocr_line' id='line_1_14' title="bbox 181 2060 1169 2150; baseline -0.003 -21"><span class='ocrx_word' id='word_1_117' title='bbox 181 2061 311 2142; x_wconf 88' lang='lat' dir='ltr'><strong>bebant,</strong></span> <span class='ocrx_word' id='word_1_118' title='bbox 329 2061 436 2150; x_wconf 91' lang='grc'>444144</span> <span class='ocrx_word' id='word_1_119' title='bbox 454 2061 608 2130; x_wconf 90' lang='lat' dir='ltr'><strong>habebant</strong></span> <span class='ocrx_word' id='word_1_120' title='bbox 624 2062 655 2128; x_wconf 91' lang='lat' dir='ltr'><strong>in</strong></span> <span class='ocrx_word' id='word_1_121' title='bbox 673 2061 786 2129; x_wconf 91' lang='lat' dir='ltr'><strong>ludaea</strong></span> <span class='ocrx_word' id='word_1_122' title='bbox 803 2072 833 2128; x_wconf 92' lang='lat' dir='ltr'><strong>et</strong></span> <span class='ocrx_word' id='word_1_123' title='bbox 848 2061 960 2128; x_wconf 90' lang='lat' dir='ltr'><strong>vicinis</strong></span> <span class='ocrx_word' id='word_1_124' title='bbox 977 2060 1169 2148; x_wconf 80' lang='lat' dir='ltr'><strong>regionibus.</strong></span> 
     </span>
    </p>
   </div>
   <div class='ocr_carea' id='block_1_3' title="bbox 178 2305 1362 2522">
    <p class='ocr_par' dir='ltr' id='par_1_3' title="bbox 178 2305 1362 2522">
     <span class='ocr_line' id='line_1_15' title="bbox 225 2305 1361 2394; baseline -0.005 -16"><span class='ocrx_word' id='word_1_125' title='bbox 225 2312 341 2379; x_wconf 91' lang='grc'>14-16.</span> <span class='ocrx_word' id='word_1_126' title='bbox 367 2312 544 2394; x_wconf 85' lang='lat' dir='ltr'><strong>Incipiente</strong></span> <span class='ocrx_word' id='word_1_127' title='bbox 559 2320 664 2376; x_wconf 88' lang='lat' dir='ltr'><strong>autem</strong></span> <span class='ocrx_word' id='word_1_128' title='bbox 688 2310 790 2375; x_wconf 91' lang='lat' dir='ltr'><strong>Puulo</strong></span> <span class='ocrx_word' id='word_1_129' title='bbox 812 2311 939 2392; x_wconf 78' lang='lat' dir='ltr'><strong>operire</strong></span> <span class='ocrx_word' id='word_1_130' title='bbox 956 2330 1007 2392; x_wconf 82' lang='lat' dir='ltr'><strong>os,</strong></span> <span class='ocrx_word' id='word_1_131' title='bbox 1027 2310 1111 2375; x_wconf 85' lang='lat' dir='ltr'><strong>discit</strong></span> <span class='ocrx_word' id='word_1_132' title='bbox 1128 2307 1252 2388; x_wconf 86' lang='lat' dir='ltr'><strong>Gellio,</strong></span> <span class='ocrx_word' id='word_1_133' title='bbox 1272 2305 1361 2386; x_wconf 79' lang='lat' dir='ltr'><strong>stol.</strong></span> 
     </span>
     <span class='ocr_line' id='line_1_16' title="bbox 178 2432 1362 2522; baseline -0.007 -19"><span class='ocrx_word' id='word_1_134' title='bbox 178 2434 227 2503; x_wconf 85' lang='lat' dir='ltr'><strong>Ad</strong></span> <span class='ocrx_word' id='word_1_135' title='bbox 251 2435 435 2502; x_wconf 85' lang='lat' dir='ltr'><strong>ludaeorum</strong></span> <span class='ocrx_word' id='word_1_136' title='bbox 461 2435 689 2503; x_wconf 89' lang='lat' dir='ltr'><strong>accusationem</strong></span> <span class='ocrx_word' id='word_1_137' title='bbox 713 2454 810 2522; x_wconf 86' lang='grc'>44444</span> <span class='ocrx_word' id='word_1_138' title='bbox 827 2432 943 2500; x_wconf 87' lang='grc' dir='ltr'>Ρ44144</span> <span class='ocrx_word' id='word_1_139' title='bbox 963 2433 1070 2499; x_wconf 90' lang='lat' dir='ltr'><strong>iamin</strong></span> <span class='ocrx_word' id='word_1_140' title='bbox 1088 2440 1223 2498; x_wconf 88' lang='lat' dir='ltr'><strong>coesset</strong></span> <span class='ocrx_word' id='word_1_141' title='bbox 1245 2441 1362 2496; x_wconf 90' lang='grc'>41444-</span> 
     </span>
    </p>
   </div>
   <div class='ocr_carea' id='block_1_4' title="bbox 179 2555 1362 2649">
    <p class='ocr_par' dir='ltr' id='par_1_4' title="bbox 179 2555 1362 2649">
     <span class='ocr_line' id='line_1_17' title="bbox 179 2555 1362 2649; baseline -0.008 -23"><span class='ocrx_word' id='word_1_142' title='bbox 179 2559 347 2649; x_wconf 83' lang='lat' dir='ltr'><strong>ponderet,</strong></span> <span class='ocrx_word' id='word_1_143' title='bbox 374 2559 442 2627; x_wconf 88' lang='lat' dir='ltr'><strong>eius</strong></span> <span class='ocrx_word' id='word_1_144' title='bbox 466 2560 678 2628; x_wconf 79' lang='lat' dir='ltr'><strong>defensionem</strong></span> <span class='ocrx_word' id='word_1_145' title='bbox 701 2559 903 2644; x_wconf 81' lang='lat' dir='ltr'><strong>praeveniens</strong></span> <span class='ocrx_word' id='word_1_146' title='bbox 928 2558 1030 2627; x_wconf 88' lang='lat' dir='ltr'><strong>Gallio</strong></span> <span class='ocrx_word' id='word_1_147' title='bbox 1051 2556 1129 2624; x_wconf 82' lang='lat' dir='ltr'><strong>dixit</strong></span> <span class='ocrx_word' id='word_1_148' title='bbox 1152 2555 1274 2623; x_wconf 90' lang='lat' dir='ltr'><strong>ludaeis</strong></span> <span class='ocrx_word' id='word_1_149' title='bbox 1294 2575 1302 2616; x_wconf 92' lang='lat'><strong>:</strong></span> <span class='ocrx_word' id='word_1_150' title='bbox 1321 2555 1362 2620; x_wconf 85' lang='lat' dir='ltr'><strong>Si</strong></span> 
     </span>
    </p>
   </div>
   <div class='ocr_carea' id='block_1_5' title="bbox 177 2684 1360 3892">
    <p class='ocr_par' dir='ltr' id='par_1_5' title="bbox 177 2684 1360 3892">
     <span class='ocr_line' id='line_1_18' title="bbox 178 2684 1360 2772; baseline -0.005 -22"><span class='ocrx_word' id='word_1_151' title='bbox 178 2707 240 2772; x_wconf 84' lang='lat' dir='ltr'><strong>qun</strong></span> <span class='ocrx_word' id='word_1_152' title='bbox 259 2696 337 2752; x_wconf 86' lang='lat' dir='ltr'><strong>esset</strong></span> <span class='ocrx_word' id='word_1_153' title='bbox 358 2687 480 2750; x_wconf 83' lang='lat' dir='ltr'><strong>iniuriu</strong></span> <span class='ocrx_word' id='word_1_154' title='bbox 502 2684 603 2762; x_wconf 90' lang='lat' dir='ltr'><strong>illata,</strong></span> <span class='ocrx_word' id='word_1_155' title='bbox 629 2696 685 2752; x_wconf 87' lang='lat' dir='ltr'><strong>aut</strong></span> <span class='ocrx_word' id='word_1_156' title='bbox 704 2687 733 2750; x_wconf 86' lang='lat' dir='ltr'><strong>si</strong></span> <span class='ocrx_word' id='word_1_157' title='bbox 754 2686 836 2769; x_wconf 83' lang='lat' dir='ltr'><strong>quod</strong></span> <span class='ocrx_word' id='word_1_158' title='bbox 857 2686 978 2749; x_wconf 86' lang='lat' dir='ltr'><strong>mulum</strong></span> <span class='ocrx_word' id='word_1_159' title='bbox 1003 2686 1129 2768; x_wconf 79' lang='lat' dir='ltr'><strong>sueinus</strong></span> <span class='ocrx_word' id='word_1_160' title='bbox 1150 2689 1360 2769; x_wconf 81' lang='lat' dir='ltr'><strong>perpetratum</strong></span> 
     </span>
     <span class='ocr_line' id='line_1_19' title="bbox 177 2802 1360 2898; baseline -0.007 -24"><span class='ocrx_word' id='word_1_161' title='bbox 177 2819 277 2887; x_wconf 84' lang='lat' dir='ltr'><strong>esset,</strong></span> <span class='ocrx_word' id='word_1_162' title='bbox 302 2829 319 2873; x_wconf 95' lang='lat' dir='ltr'><strong>o</strong></span> <span class='ocrx_word' id='word_1_163' title='bbox 341 2809 476 2891; x_wconf 76' lang='lat' dir='ltr'><strong>Iudaei,</strong></span> <span class='ocrx_word' id='word_1_164' title='bbox 503 2808 673 2873; x_wconf 88' lang='lat' dir='ltr'><strong>secundum</strong></span> <span class='ocrx_word' id='word_1_165' title='bbox 696 2811 852 2873; x_wconf 79' lang='lat' dir='ltr'><strong>notionem</strong></span> <span class='ocrx_word' id='word_1_166' title='bbox 873 2808 967 2898; x_wconf 84' lang='grc' dir='ltr'>(κατα</span> <span class='ocrx_word' id='word_1_167' title='bbox 989 2804 1089 2896; x_wconf 79' lang='grc' dir='ltr'>λογον)</span> <span class='ocrx_word' id='word_1_168' title='bbox 1112 2803 1205 2872; x_wconf 86' lang='lat' dir='ltr'><strong>officii</strong></span> <span class='ocrx_word' id='word_1_169' title='bbox 1230 2802 1291 2869; x_wconf 88' lang='lat' dir='ltr'><strong>mci</strong></span> <span class='ocrx_word' id='word_1_170' title='bbox 1308 2823 1360 2867; x_wconf 88' lang='lat' dir='ltr'><strong>eos</strong></span> 
     </span>
     <span class='ocr_line' id='line_1_20' title="bbox 177 2930 1360 3022; baseline -0.002 -24"><span class='ocrx_word' id='word_1_171' title='bbox 177 2933 400 3000; x_wconf 81' lang='lat' dir='ltr'><strong>sustinuissem</strong></span> <span class='ocrx_word' id='word_1_172' title='bbox 423 2938 471 3022; x_wconf 80' lang='lat' dir='ltr'><strong>(uu</strong></span> <span class='ocrx_word' id='word_1_173' title='bbox 499 2952 670 3019; x_wconf 79' lang='grc' dir='ltr'>ηνεσχομην</span> <span class='ocrx_word' id='word_1_174' title='bbox 693 2936 770 3000; x_wconf 82' lang='grc'>4144.</span> <span class='ocrx_word' id='word_1_175' title='bbox 796 2935 816 3001; x_wconf 73' lang='lat'><strong>2</strong></span> <span class='ocrx_word' id='word_1_176' title='bbox 839 2933 923 3001; x_wconf 88' lang='lat' dir='ltr'><strong>Med.</strong></span> <span class='ocrx_word' id='word_1_177' title='bbox 944 2933 987 3000; x_wconf 92' lang='lat' dir='ltr'><strong>ab</strong></span> <span class='ocrx_word' id='word_1_178' title='bbox 1009 2930 1189 3020; x_wconf 79' lang='grc' dir='ltr'>ανεχομαι),</span> <span class='ocrx_word' id='word_1_179' title='bbox 1207 2931 1230 2996; x_wconf 92' lang='grc'><strong>1.</strong></span> <span class='ocrx_word' id='word_1_180' title='bbox 1256 2951 1286 2998; x_wconf 88' lang='lat' dir='ltr'><strong>e.</strong></span> <span class='ocrx_word' id='word_1_181' title='bbox 1305 2949 1360 3019; x_wconf 90' lang='lat' dir='ltr'><strong>pa-</strong></span> 
     </span>
     <span class='ocr_line' id='line_1_21' title="bbox 178 3056 1360 3142; baseline -0.003 -18"><span class='ocrx_word' id='word_1_182' title='bbox 178 3056 289 3124; x_wconf 83' lang='lat' dir='ltr'><strong>tientes</strong></span> <span class='ocrx_word' id='word_1_183' title='bbox 315 3076 371 3124; x_wconf 89' lang='grc'><strong>444</strong></span> <span class='ocrx_word' id='word_1_184' title='bbox 402 3074 527 3122; x_wconf 89' lang='lat' dir='ltr'><strong>causam</strong></span> <span class='ocrx_word' id='word_1_185' title='bbox 556 3065 679 3142; x_wconf 78' lang='lat' dir='ltr'><strong>agentes</strong></span> <span class='ocrx_word' id='word_1_186' title='bbox 711 3056 916 3138; x_wconf 81' lang='lat' dir='ltr'><strong>audivissem3</strong></span> <span class='ocrx_word' id='word_1_187' title='bbox 941 3061 994 3124; x_wconf 86' lang='lat' dir='ltr'><strong>sin</strong></span> <span class='ocrx_word' id='word_1_188' title='bbox 1021 3079 1113 3141; x_wconf 81' lang='lat' dir='ltr'><strong>uero,</strong></span> <span class='ocrx_word' id='word_1_189' title='bbox 1137 3068 1170 3122; x_wconf 91' lang='grc'><strong>41</strong></span> <span class='ocrx_word' id='word_1_190' title='bbox 1192 3075 1231 3122; x_wconf 88' lang='lat' dir='ltr'><strong>ex</strong></span> <span class='ocrx_word' id='word_1_191' title='bbox 1258 3065 1360 3122; x_wconf 88' lang='grc'>444144</span> 
     </span>
     <span class='ocr_line' id='line_1_22' title="bbox 177 3181 1359 3271; baseline -0.004 -21"><span class='ocrx_word' id='word_1_192' title='bbox 177 3183 374 3250; x_wconf 86' lang='lat' dir='ltr'><strong>accusatione</strong></span> <span class='ocrx_word' id='word_1_193' title='bbox 402 3181 517 3270; x_wconf 91' lang='grc'>114441,</span> <span class='ocrx_word' id='word_1_194' title='bbox 539 3185 735 3266; x_wconf 81' lang='lat' dir='ltr'><strong>quaestiones</strong></span> <span class='ocrx_word' id='word_1_195' title='bbox 759 3194 835 3249; x_wconf 86' lang='lat' dir='ltr'><strong>sunt</strong></span> <span class='ocrx_word' id='word_1_196' title='bbox 858 3186 896 3248; x_wconf 89' lang='lat' dir='ltr'><strong>ele</strong></span> <span class='ocrx_word' id='word_1_197' title='bbox 921 3183 1065 3271; x_wconf 81' lang='lat' dir='ltr'><strong>religiosa</strong></span> <span class='ocrx_word' id='word_1_198' title='bbox 1083 3182 1186 3270; x_wconf 84' lang='lat' dir='ltr'><strong>aliqua</strong></span> <span class='ocrx_word' id='word_1_199' title='bbox 1210 3183 1359 3248; x_wconf 84' lang='lat' dir='ltr'><strong>doctrino</strong></span> 
     </span>
     <span class='ocr_line' id='line_1_23' title="bbox 177 3301 1357 3395; baseline 0.002 -27"><span class='ocrx_word' id='word_1_200' title='bbox 177 3306 257 3395; x_wconf 83' lang='grc' dir='ltr'>(περι</span> <span class='ocrx_word' id='word_1_201' title='bbox 270 3301 389 3394; x_wconf 74' lang='lat' dir='ltr'><strong>loyce),</strong></span> <span class='ocrx_word' id='word_1_202' title='bbox 404 3306 442 3369; x_wconf 92' lang='lat' dir='ltr'><strong>de</strong></span> <span class='ocrx_word' id='word_1_203' title='bbox 456 3305 638 3370; x_wconf 74' lang='lat' dir='ltr'><strong>acuminibus</strong></span> <span class='ocrx_word' id='word_1_204' title='bbox 656 3301 753 3393; x_wconf 86' lang='lat' dir='ltr'><strong>(puta,</strong></span> <span class='ocrx_word' id='word_1_205' title='bbox 768 3325 805 3372; x_wconf 91' lang='grc'><strong>44</strong></span> <span class='ocrx_word' id='word_1_206' title='bbox 823 3307 910 3373; x_wconf 90' lang='grc'>14444</span> <span class='ocrx_word' id='word_1_207' title='bbox 923 3305 1129 3373; x_wconf 83' lang='grc'>4441444444</span> <span class='ocrx_word' id='word_1_208' title='bbox 1145 3305 1185 3370; x_wconf 91' lang='grc'><strong>411</strong></span> <span class='ocrx_word' id='word_1_209' title='bbox 1198 3303 1357 3386; x_wconf 87' lang='lat' dir='ltr'><strong>Messias),</strong></span> 
     </span>
     <span class='ocr_line' id='line_1_24' title="bbox 178 3427 1358 3518; baseline 0 -22"><span class='ocrx_word' id='word_1_210' title='bbox 178 3429 279 3518; x_wconf 92' lang='grc'>44444</span> <span class='ocrx_word' id='word_1_211' title='bbox 302 3428 369 3515; x_wconf 87' lang='lat' dir='ltr'><strong>loge</strong></span> <span class='ocrx_word' id='word_1_212' title='bbox 392 3439 512 3508; x_wconf 83' lang='lat' dir='ltr'><strong>vestra,</strong></span> <span class='ocrx_word' id='word_1_213' title='bbox 530 3448 585 3495; x_wconf 92' lang='lat' dir='ltr'><strong>vos</strong></span> <span class='ocrx_word' id='word_1_214' title='bbox 606 3429 665 3517; x_wconf 92' lang='lat' dir='ltr'><strong>ipsi</strong></span> <span class='ocrx_word' id='word_1_215' title='bbox 690 3428 846 3509; x_wconf 78' lang='lat' dir='ltr'><strong>videritis3</strong></span> <span class='ocrx_word' id='word_1_216' title='bbox 866 3450 921 3518; x_wconf 89' lang='lat' dir='ltr'><strong>ego</strong></span> <span class='ocrx_word' id='word_1_217' title='bbox 945 3430 1028 3497; x_wconf 91' lang='lat' dir='ltr'><strong>enim</strong></span> <span class='ocrx_word' id='word_1_218' title='bbox 1050 3427 1225 3496; x_wconf 91' lang='lat' dir='ltr'><strong>istiusmodi</strong></span> <span class='ocrx_word' id='word_1_219' title='bbox 1249 3447 1358 3496; x_wconf 90' lang='lat' dir='ltr'><strong>causa-</strong></span> 
     </span>
     <span class='ocr_line' id='line_1_25' title="bbox 178 3550 1357 3643; baseline -0.001 -24"><span class='ocrx_word' id='word_1_220' title='bbox 178 3573 246 3619; x_wconf 84' lang='lat' dir='ltr'><strong>num</strong></span> <span class='ocrx_word' id='word_1_221' title='bbox 264 3550 356 3618; x_wconf 85' lang='lat' dir='ltr'><strong>iudex</strong></span> <span class='ocrx_word' id='word_1_222' title='bbox 373 3571 441 3619; x_wconf 91' lang='lat' dir='ltr'><strong>esse</strong></span> <span class='ocrx_word' id='word_1_223' title='bbox 465 3552 549 3619; x_wconf 91' lang='lat' dir='ltr'><strong>nolo.</strong></span> <span class='ocrx_word' id='word_1_224' title='bbox 574 3553 632 3620; x_wconf 89' lang='lat' dir='ltr'><strong>llis</strong></span> <span class='ocrx_word' id='word_1_225' title='bbox 656 3552 747 3621; x_wconf 88' lang='lat' dir='ltr'><strong>dictis</strong></span> <span class='ocrx_word' id='word_1_226' title='bbox 764 3554 932 3643; x_wconf 74' lang='lat' dir='ltr'><strong>proconsul</strong></span> <span class='ocrx_word' id='word_1_227' title='bbox 955 3574 973 3621; x_wconf 94' lang='lat' dir='ltr'><strong>a</strong></span> <span class='ocrx_word' id='word_1_228' title='bbox 997 3553 1141 3621; x_wconf 74' lang='lat' dir='ltr'><strong>tribunali</strong></span> <span class='ocrx_word' id='word_1_229' title='bbox 1167 3573 1221 3620; x_wconf 92' lang='lat' dir='ltr'><strong>eos</strong></span> <span class='ocrx_word' id='word_1_230' title='bbox 1241 3552 1357 3642; x_wconf 80' lang='lat' dir='ltr'><strong>abegit.</strong></span> 
     </span>
     <span class='ocr_line' id='line_1_26' title="bbox 177 3676 1357 3766; baseline 0.003 -25"><span class='ocrx_word' id='word_1_231' title='bbox 177 3676 334 3762; x_wconf 87' lang='lat' dir='ltr'><strong>-Negat</strong></span> <span class='ocrx_word' id='word_1_232' title='bbox 357 3676 529 3743; x_wconf 84' lang='lat' dir='ltr'><strong>Proconsul</strong></span> <span class='ocrx_word' id='word_1_233' title='bbox 546 3676 654 3745; x_wconf 89' lang='lat' dir='ltr'><strong>talium</strong></span> <span class='ocrx_word' id='word_1_234' title='bbox 672 3697 836 3745; x_wconf 82' lang='lat' dir='ltr'><strong>causarum</strong></span> <span class='ocrx_word' id='word_1_235' title='bbox 853 3679 1059 3766; x_wconf 91' lang='lat' dir='ltr'><strong>cognitionem</strong></span> <span class='ocrx_word' id='word_1_236' title='bbox 1075 3677 1113 3745; x_wconf 91' lang='lat' dir='ltr'><strong>ad</strong></span> <span class='ocrx_word' id='word_1_237' title='bbox 1130 3697 1164 3744; x_wconf 92' lang='lat' dir='ltr'><strong>se</strong></span> <span class='ocrx_word' id='word_1_238' title='bbox 1181 3677 1357 3766; x_wconf 80' lang='lat' dir='ltr'><strong>pertinere,</strong></span> 
     </span>
     <span class='ocr_line' id='line_1_27' title="bbox 178 3797 1354 3892; baseline -0.001 -26"><span class='ocrx_word' id='word_1_239' title='bbox 178 3797 288 3866; x_wconf 90' lang='grc'>414411</span> <span class='ocrx_word' id='word_1_240' title='bbox 304 3810 337 3867; x_wconf 94' lang='grc'><strong>41</strong></span> <span class='ocrx_word' id='word_1_241' title='bbox 352 3799 526 3868; x_wconf 89' lang='lat' dir='ltr'><strong>istiusmodi</strong></span> <span class='ocrx_word' id='word_1_242' title='bbox 543 3802 770 3869; x_wconf 82' lang='lat' dir='ltr'><strong>controversias</strong></span> <span class='ocrx_word' id='word_1_243' title='bbox 786 3812 990 3891; x_wconf 87' lang='lat' dir='ltr'><strong>componant,</strong></span> <span class='ocrx_word' id='word_1_244' title='bbox 1008 3803 1034 3868; x_wconf 91' lang='lat' dir='ltr'><strong>si</strong></span> <span class='ocrx_word' id='word_1_245' title='bbox 1052 3802 1191 3892; x_wconf 89' lang='lat' dir='ltr'><strong>possint,</strong></span> <span class='ocrx_word' id='word_1_246' title='bbox 1211 3802 1354 3870; x_wconf 87' lang='lat' dir='ltr'><strong>intense.</strong></span> 
     </span>
    </p>
   </div>
   <div class='ocr_carea' id='block_1_6' title="bbox 174 4037 1358 4499">
    <p class='ocr_par' dir='ltr' id='par_1_6' title="bbox 174 4037 1358 4499">
     <span class='ocr_line' id='line_1_28' title="bbox 225 4037 1358 4125; baseline 0.003 -21"><span class='ocrx_word' id='word_1_247' title='bbox 225 4038 278 4104; x_wconf 89' lang='grc'><strong>17.</strong></span> <span class='ocrx_word' id='word_1_248' title='bbox 302 4038 584 4121; x_wconf 79' lang='lat' dir='ltr'><strong>Apprebendentes</strong></span> <span class='ocrx_word' id='word_1_249' title='bbox 604 4047 711 4104; x_wconf 87' lang='lat' dir='ltr'><strong>eutem</strong></span> <span class='ocrx_word' id='word_1_250' title='bbox 735 4059 842 4104; x_wconf 85' lang='lat' dir='ltr'><strong>omnes</strong></span> <span class='ocrx_word' id='word_1_251' title='bbox 866 4037 1049 4104; x_wconf 84' lang='lat' dir='ltr'><strong>Sostbeneuu</strong></span> <span class='ocrx_word' id='word_1_252' title='bbox 1062 4041 1244 4125; x_wconf 85' lang='lat' dir='ltr'><strong>prinoipem</strong></span> <span class='ocrx_word' id='word_1_253' title='bbox 1261 4061 1358 4125; x_wconf 73' lang='lat' dir='ltr'><strong>sgnu-</strong></span> 
     </span>
     <span class='ocr_line' id='line_1_29' title="bbox 174 4156 1353 4254; baseline 0.002 -26"><span class='ocrx_word' id='word_1_254' title='bbox 174 4183 287 4246; x_wconf 78' lang='lat' dir='ltr'><strong>popue,</strong></span> <span class='ocrx_word' id='word_1_255' title='bbox 306 4156 396 4246; x_wconf 87' lang='lat' dir='ltr'><strong>etc.).</strong></span> <span class='ocrx_word' id='word_1_256' title='bbox 416 4161 495 4227; x_wconf 86' lang='lat' dir='ltr'><strong>Cum</strong></span> <span class='ocrx_word' id='word_1_257' title='bbox 520 4160 622 4229; x_wconf 89' lang='lat' dir='ltr'><strong>Gallio</strong></span> <span class='ocrx_word' id='word_1_258' title='bbox 639 4161 768 4230; x_wconf 89' lang='lat' dir='ltr'><strong>ludaeos</strong></span> <span class='ocrx_word' id='word_1_259' title='bbox 787 4181 805 4228; x_wconf 95' lang='lat' dir='ltr'><strong>a</strong></span> <span class='ocrx_word' id='word_1_260' title='bbox 830 4161 973 4228; x_wconf 79' lang='lat' dir='ltr'><strong>tribunali</strong></span> <span class='ocrx_word' id='word_1_261' title='bbox 1000 4161 1169 4249; x_wconf 89' lang='lat' dir='ltr'><strong>abegisset,</strong></span> <span class='ocrx_word' id='word_1_262' title='bbox 1187 4174 1280 4254; x_wconf 89' lang='lat' dir='ltr'><strong>atque</strong></span> <span class='ocrx_word' id='word_1_263' title='bbox 1304 4163 1353 4246; x_wconf 92' lang='lat' dir='ltr'><strong>hi,</strong></span> 
     </span>
     <span class='ocr_line' id='line_1_30' title="bbox 175 4282 1354 4373; baseline 0 -19"><span class='ocrx_word' id='word_1_264' title='bbox 175 4284 362 4364; x_wconf 89' lang='grc'>414144144,</span> <span class='ocrx_word' id='word_1_265' title='bbox 388 4304 479 4372; x_wconf 82' lang='lat' dir='ltr'><strong>aegre</strong></span> <span class='ocrx_word' id='word_1_266' title='bbox 502 4282 715 4367; x_wconf 81' lang='lat' dir='ltr'><strong>discederent,</strong></span> <span class='ocrx_word' id='word_1_267' title='bbox 740 4306 847 4352; x_wconf 77' lang='lat' dir='ltr'><strong>oannes</strong></span> <span class='ocrx_word' id='word_1_268' title='bbox 863 4284 997 4373; x_wconf 75' lang='grc' dir='ltr'>(παντες)</span> <span class='ocrx_word' id='word_1_269' title='bbox 1014 4286 1167 4365; x_wconf 88' lang='lat' dir='ltr'><strong>Gentiles,</strong></span> <span class='ocrx_word' id='word_1_270' title='bbox 1187 4299 1252 4356; x_wconf 92' lang='lat' dir='ltr'><strong>tum</strong></span> <span class='ocrx_word' id='word_1_271' title='bbox 1278 4289 1354 4357; x_wconf 90' lang='grc'>14414</span> 
     </span>
     <span class='ocr_line' id='line_1_31' title="bbox 176 4395 1352 4499; baseline 0 -21"><span class='ocrx_word' id='word_1_272' title='bbox 176 4395 319 4478; x_wconf 81' lang='lat' dir='ltr'><strong>tribunali</strong></span> <span class='ocrx_word' id='word_1_273' title='bbox 344 4408 511 4490; x_wconf 85' lang='lat' dir='ltr'><strong>adstantes,</strong></span> <span class='ocrx_word' id='word_1_274' title='bbox 537 4408 721 4478; x_wconf 78' lang='lat' dir='ltr'><strong>sosthenem</strong></span> <span class='ocrx_word' id='word_1_275' title='bbox 745 4408 1050 4497; x_wconf 81' lang='lat' dir='ltr'><strong>Arcbisynagogum,</strong></span> <span class='ocrx_word' id='word_1_276' title='bbox 1079 4412 1132 4499; x_wconf 87' lang='grc'><strong>441</strong></span> <span class='ocrx_word' id='word_1_277' title='bbox 1157 4424 1352 4481; x_wconf 80' lang='lat' dir='ltr'><strong>accusatores</strong></span> 
     </span>
    </p>
   </div>
   <div class='ocr_carea' id='block_1_7' title="bbox 0 0 1542 5054">
    <p class='ocr_par' dir='ltr' id='par_1_7' title="bbox 0 0 1542 5054">
     <span class='ocr_line' id='line_1_32' title="bbox 0 0 1542 5054; baseline 0 3"><span class='ocrx_word' id='word_1_278' title='bbox 0 0 1542 5054; x_wconf 95' lang='lat' dir='ltr'><strong> </strong></span> 
     </span>
    </p>
   </div>
  </div>
 </body>
</html>
