3074 5054
423 436 429 447 .
488 375 627 444 CAPUT
661 377 758 454 XVl,
797 374 917 444 Vnus.
954 376 1100 442 at-au.
1311 376 1376 442 tot

198 566 554 656 nordmannorum
583 564 766 655 Apostolos,
793 563 872 631 male
901 563 1026 631 eosdem
1063 563 1234 631 tractaturi.
1271 565 1377 649 Quave

196 702 354 778 praetores
381 687 422 770 (ot
447 688 642 780 στρατηγοι),
670 700 705 758 ιιι
728 687 903 757 inuentibus
931 688 1162 769 satisfacerent,
1191 689 1377 754 vestimento

195 833 303 879 eorum
320 816 478 903 (superne)
501 816 721 878 dilaceraruul
743 807 983 904 (περιρρηξαντες
1007 813 1107 876 αὑτων
1128 835 1167 875 τα
1185 815 1305 898 ἰματια)
1320 812 1376 878 lic·

196 949 296 1007 torum
324 937 517 1018 ministerio,
546 938 659 1026 quibus
684 949 714 1005 et
739 942 903 1003 iusserunt
932 948 965 1004 ιιι
997 941 1099 1021 virgis
1127 958 1181 1005 eos
1208 941 1375 1005 caederent

196 1060 341 1152 (ικελευον
358 1059 542 1155 ραβδιζειι).
562 1101 606 1113 -
621 1064 671 1130 De
691 1082 751 1129 usn
776 1061 952 1150 lmparlecti
974 1059 1106 1126 εκελευον
1131 1060 1191 1130 hoo
1214 1062 1302 1143 loon,
1321 1063 1374 1131 ubi
1484 1067 1486 1073 ’

196 1191 354 1258 Αοιίειιιιιι
378 1201 590 1279 expectamus,
620 1189 691 1258 vide
715 1190 773 1257 Gr.
794 1208 865 1278 pag.
884 1190 962 1257 287.
982 1184 1012 1256 δ.
1028 1227 1072 1238 —-
1089 1191 1192 1258 Locus
1209 1190 1375 1281 parallelus

198 1325 241 1383 est
252 1315 313 1383 hoc
324 1315 469 1402 Dionysii
483 1313 767 1382 Halicarnassensis
780 1313 878 1404 (apud
893 1312 1047 1382 Wolfium
1061 1314 1092 1381 in
1111 1315 1204 1382 Curio
1215 1314 1255 1383 ad
1268 1315 1301 1384 ln.
1317 1315 1372 1398 l.):

197 1439 260 1515 Τοις
282 1435 468 1531 ραβδουχοις
491 1437 649 1503 εκελευσαιι
671 1461 724 1513 την
748 1435 857 1512 dedara
879 1461 910 1502 τε
934 1435 1206 1529 περικαταρρηξαι,
1232 1464 1284 1502 και
1307 1463 1375 1514 ταις

199 1559 319 1649 ραβδοις
342 1586 376 1626 το
400 1585 492 1648 cupa
508 1558 637 1642 ξαινειν,
657 1566 820 1628 iusserunt
844 1560 1009 1628 lictoribus
1029 1571 1066 1627 ut
1082 1573 1195 1627 vestam
1220 1564 1374 1629 dilacero-

201 1699 266 1754 reut
287 1707 460 1772 corpusque
474 1688 578 1770 uirgis
596 1695 811 1770 percuterent.
867 1721 870 1724 ⁴

238 1931 386 1998 nu—at.
412 1933 457 1997 Ει
471 1951 542 1996 curn
558 1933 676 1997 multra
689 1935 817 2015 plopaa,
833 1930 924 2017 eto).
944 1932 983 2003 tn
998 1940 1199 2020 posteaquam
1216 1940 1374 2019 praetores

111 2105 115 2111 .
192 2051 338 2123 liotornm
363 2054 536 2122 ministerio
558 2055 758 2145 impegissent
782 2056 844 2123 illis
868 2057 973 2146 plagas
995 2055 1073 2123 benc
1090 2055 1218 2132 malms,
1237 2059 1376 2121 coniece-

190 2190 271 2246 ruut
287 2176 488 2266 (epulovlaos
511 2180 542 2246 in
566 2199 742 2260 carcerem,
768 2183 842 2247 doto
865 2181 1041 2248 carcerario
1061 2189 1229 2264 praecepto
1246 2178 1376 2269 (capey-

181 2301 345 2386 γειλαιτες
362 2303 465 2392 Αοι.),
490 2313 523 2369 ut
546 2301 708 2390 diligenter
724 2302 882 2395 (ασφαλως
900 2315 982 2387 tuto,
1001 2301 1102 2380 caute)
1120 2323 1173 2370 eos
1189 2300 1372 2369 custodiret.

178 2426 254 2514 Qui
272 2446 345 2494 cum
362 2424 420 2493 tale
437 2425 613 2493 mandatnm
629 2426 824 2515 accepisset,
840 2448 900 2515 qno
918 2437 999 2494 esset
1014 2425 1054 2492 de
1077 2426 1148 2514 suga
1164 2444 1273 2492 eornm
1289 2445 1375 2490 socn-

180 2551 271 2628 rior,
290 2570 352 2616 non
370 2560 486 2616 tantum
504 2549 535 2615 in
553 2554 737 2616 interiorem
754 2570 911 2619 carcerem
929 2572 982 2619 eos
998 2551 1150 2629 coniecit,
1169 2549 1224 2617 sad
1241 2561 1271 2616 et
1287 2569 1376 2638 prae-

176 2680 276 2739 terea
294 2671 394 2762 pedes
414 2672 554 2761 ipsorum
579 2672 660 2761 ligno
685 2674 819 2740 strinxit.
843 2675 884 2738 To
910 2671 999 2750 ξυλοιι
1016 2674 1197 2761 intelligitur·
1212 2677 1375 2741 viaculum

172 2796 350 2879 lipueum,
381 2816 443 2884 quo
472 2795 566 2884 pedes
592 2796 851 2885 impediebantur.
882 2799 965 2866 Vide
992 2797 1176 2865 Fischerum
1210 2799 1257 2862 De
1285 2798 1375 2862 vitiis

191 2921 383 2987 lonicorum
400 2922 483 2988 Novi
500 2922 528 2986 Τ
528 2923 705 2987 estorueuti.
724 2921 849 2990 Paulus.
869 2923 934 3002 lX,
950 2943 982 3011 p.
1002 2923 1084 3001 458,
1103 2943 1174 3011 sqq.

239 3161 294 3228 95.
321 3159 431 3223 Medio
453 3170 559 3224 autem
582 3170 688 3242 rtocte,
709 3161 800 3248 οισι.
821 3158 914 3226 Circo
937 3164 1038 3250 (κατα)
1061 3159 1194 3227 mediam
1212 3179 1285 3227 varo
1302 3181 1376 3227 noc-

191 3296 254 3353 tem
275 3286 392 3353 Paulus
417 3296 448 3350 et
467 3284 547 3351 Silas
566 3286 710 3368 precibus
733 3296 894 3361 aaronitas,
915 3284 975 3350 alta
992 3305 1068 3351 voce
1087 3287 1188 3350 Deum
1205 3285 1375 3350 laudabunt

195 3410 448 3500 (προσευχομειοι
466 3410 578 3494 ὑμνουν
593 3429 644 3471 rou
666 3406 772 3495 Θεον),
801 3406 883 3476 haud
909 3407 1004 3476 dubie
1027 3409 1203 3478 laetabundi
1220 3409 1276 3496 (ci.
1295 3411 1372 3498 Cap.

197 3533 222 3600 V
243 3558 250 3598 ι
270 3535 339 3620 ll),
359 3531 442 3620 quod
464 3532 547 3619 digni
565 3529 660 3598 habiti
679 3531 810 3599 luissent
826 3533 879 3621 qni
899 3532 1003 3620 flagris
1020 3545 1050 3599 et
1067 3532 1253 3601 contumelia
1270 3533 1372 3601 affice·

197 3667 300 3722 rentur
325 3675 382 3742 pro
400 3673 491 3720 causa
509 3654 678 3742 Evangelii.
704 3655 770 3722 Nec
786 3654 906 3734 dubito,
927 3657 1002 3744 qnia
1027 3656 1142 3723 Paulus
1159 3667 1188 3723 et
1205 3656 1284 3725 Silas
1302 3668 1374 3724 tuno

196 3779 304 3859 etiam,
330 3788 364 3843 nt
387 3777 460 3844 olim
484 3777 625 3865 Apostoli
645 3777 736 3867 (Cap.
771 3779 816 3844 tv
843 3804 851 3845 ι
878 3781 941 3858 29,
967 3779 1045 3866 sp),
1071 3798 1089 3844 a
1113 3779 1181 3845 Deo
1211 3780 1375 3867 petiverint

196 3901 374 3966 continuum
402 3899 496 3966 animi
522 3900 618 3967 robur
641 3900 680 3968 ad
709 3902 907 3989 Evangelium
932 3902 1086 3991 intrepide
1113 3901 1372 3990 praedicandum,

195 4031 223 4087 et
245 4033 277 4088 nt
294 4022 400 4103 Deus,
420 4023 709 4110 patratro'subinde
733 4023 902 4104 miraculo,
921 4022 1095 4092 doctrinam
1121 4025 1278 4113 Evangelii
1295 4023 1374 4091 divi-

197 4147 275 4214 nitns
303 4146 513 4214 confirmaret.
542 4149 778 4216 Terraemotum
814 4160 915 4216 antem
946 4150 1051 4229 illum,
1087 4170 1149 4237 qno
1185 4169 1258 4216 mox
1292 4160 1374 4216 totus

195 4290 333 4337 narcara
349 4270 557 4339 fundamentis
581 4292 753 4340 concussas
777 4272 853 4353 init,
868 4272 1056 4341 crediderim
1076 4272 1173 4340 luisse
1189 4273 1310 4360 signum
1327 4271 1375 4339 di-

195 4392 319 4472 vinnm‚
345 4415 407 4482 quo
435 4394 595 4483 Apostolis
619 4395 860 4482 significaretur,
883 4417 992 4484 preces
1015 4417 1123 4465 eornm
1146 4417 1163 4464 a
1187 4397 1255 4464 Deo
1280 4395 1376 4462 luisse

195 4516 363 4584 exauditas.
383 4516 431 4583 Cl.
450 4520 527 4607 Cap.
548 4520 591 4587 lV
611 4544 619 4586 ε
638 4521 785 4587 att—52.
