3074 5054
177 111 243 176 tm
520 113 655 180 ACTUS
690 114 1028 196 APOSTOLORUM,

177 307 503 380 momenmentum
520 320 594 367 suos
611 301 767 383 artifices,
785 314 851 372 tum
868 305 960 373 etiam
983 325 1037 374 eos
1061 308 1207 397 opiiices,
1226 329 1365 397 quorum

177 443 272 512 opera
295 422 333 492 ad
360 423 484 492 iliarum
507 424 720 495 aedicularum
745 426 896 497 fabricam
918 443 1088 523 utcumque
1112 433 1283 523 pertineret
1298 434 1368 523 (και

176 573 245 624 τους
268 571 336 640 περι
360 573 399 613 ra
421 571 549 613 roraura
570 551 726 642 εργατας),
752 552 784 619 in
808 574 904 622 unum
926 561 1126 642 conpr-epaon
1147 555 1238 638 (Aur.
1268 582 1370 623 συνα·

176 672 323 761 iponem),
353 690 469 761 eosque
497 673 528 740 in
558 672 642 742 hunc
669 673 795 745 modum
824 677 977 746 aiiocutus
1007 691 1053 747 est
1084 705 1092 748 :
1121 680 1238 750 Probe⁴
1254 681 1366 761 scitis,

178 796 296 876 uviri,
320 815 358 862 ex
382 794 443 863 hoc
466 797 593 886 opiiicio
622 811 759 867 nostram
787 803 953 890 provenire
981 802 1184 893 opulentiam.
1210 805 1311 893 Atqui
1337 815 1372 872 ct

179 922 238 1011 ipsi
256 918 384 997 videtis,
403 930 434 986 ct
449 920 488 988 ab
504 920 573 988 uiiis
590 922 717 1001 auditis,
737 924 821 1012 quod
842 927 965 992 Paulus
980 929 1038 993 iste
1053 924 1085 1016 (i
1107 924 1234 1001 Παυλος
1250 929 1368 1011 aaron),

179 1044 254 1113 dum
282 1046 389 1125 docet,
420 1046 496 1114 deos
523 1064 584 1112 noo
609 1066 678 1112 esse
701 1066 754 1114 eos
778 1047 831 1136 qui
856 1068 912 1137 per
937 1069 1045 1117 manus
1073 1050 1236 1118 homiuum
1264 1041 1370 1132 iiunt,

180 1169 294 1237 multos
318 1189 378 1236 nou
406 1166 508 1236 solum
535 1187 574 1234 ex
602 1167 765 1257 Ephesum
790 1168 846 1236 sed
870 1190 909 1236 ex
932 1180 993 1238 tota
1021 1171 1085 1238 iere
1112 1172 1187 1240 Asia
1217 1173 1374 1262 (Minori)

179 1294 402 1377 persuadendo
425 1288 561 1383 (πεισας)
584 1291 695 1358 avertit
714 1310 732 1358 a
753 1292 838 1359 cuitu
866 1292 1019 1360 Deorum.
1038 1332 1082 1344 —
1105 1294 1226 1362 Graeca
1253 1294 1373 1363 verho-

182 1431 272 1486 teuus
296 1415 414 1484 reddita
430 1415 477 1483 sic
492 1427 601 1482 sonunt
693 1419 776 1503 prend
791 1438 856 1483 non
870 1421 971 1484 solnm
988 1420 1108 1504 Epioesi
1121 1417 1160 1508 (i.
1180 1438 1209 1485 e.
1229 1419 1374 1487 civitatis

183 1538 386 1631 Ephesiuac),
403 1541 458 1606 secl
479 1540 547 1624 sere
563 1541 657 1604 totius
673 1540 771 1606 Asiae
788 1541 910 1606 Paulus
931 1543 991 1606 iate
1012 1543 1234 1625 persuadendo
1251 1547 1376 1609 auertit

183 1686 333 1748 mappam
350 1664 491 1747 turoam,
510 1665 616 1728 dicens
631 1665 714 1747 quod
729 1665 779 1728 dii
794 1684 859 1730 non
873 1672 948 1730 sunt
966 1665 992 1728 ii
996 1713 1009 1748 ,
1028 1667 1086 1749 qui
1101 1665 1249 1730 monibus
1266 1668 1371 1750 fiunt.

184 1785 291 1856 Sicubi
308 1797 380 1874 post
395 1810 430 1850 ου
447 1806 538 1872 μονον
555 1785 681 1874 ponitur
696 1781 778 1848 aiio
797 1785 864 1853 sine
879 1809 945 1867 και,
964 1784 1006 1854 ibi
1024 1786 1182 1854 Gradatio
1199 1797 1260 1854 est.
1353 1810 1356 1814 ⁴

227 2036 282 2102 tt.
314 2034 389 2102 Non
416 2035 518 2098 solum
541 2042 646 2097 cirtem
671 2035 746 2097 leaeo
772 2034 1011 2116 periclitabitur
1037 2033 1126 2099 nobis
1152 2053 1250 2117 pars,
1274 2034 1374 2118 etc).

183 2157 288 2246 Pergit
310 2156 506 2237 Demetrius,
532 2165 703 2222 etecusam
727 2175 814 2223 suam
839 2156 990 2247 privatum
1012 2167 1116 2244 tegens
1140 2156 1199 2224 sub
1222 2158 1378 2247 speciosa

182 2281 267 2347 iurvu
283 2277 441 2366 religionis
461 2302 469 2344 ε
488 2278 563 2346 Non
577 2280 679 2343 solum
694 2291 819 2359 autem,
837 2278 954 2368 inquit,
969 2280 1152 2364 periculum
1169 2289 1231 2363 est,
1252 2300 1293 2345 nc
1310 2281 1381 2344 icoo

183 2416 327 2471 nostrum
350 2404 514 2488 opificium
531 2404 566 2468 in
582 2413 772 2469 contemtum
794 2407 918 2484 ueniat,
937 2426 1046 2470 aarum
1063 2407 1159 2470 etiam
1173 2425 1213 2469 ne
1229 2425 1378 2488 mappae

183 2531 269 2594 Deae
291 2529 419 2594 Dianae
442 2529 594 2610 templum
618 2547 681 2610 pro
704 2528 807 2592 niitilo
831 2538 1008 2611 reputetur,
1031 2532 1239 2613 futurumque
1261 2528 1307 2591 sit
1332 2534 1378 2591 at

183 2654 335 2718 maiestas
362 2650 524 2716 aboleatur
551 2650 652 2732 illius,
671 2671 767 2735 quam
794 2661 859 2718 toto
881 2651 981 2729 Asia,
1008 2654 1071 2716 imo
1095 2661 1177 2716 totus
1201 2662 1374 2717 terrarum

183 2775 269 2841 orbis
284 2784 467 2840 veneratur.
488 2810 532 2822 -
547 2775 668 2843 Graece
683 2773 723 2840 ed
743 2774 876 2841 litteram
894 2777 1001 2842 Latius
1018 2773 1137 2842 redditu
1152 2774 1199 2840 sic
1222 2783 1338 2841 sonunt
1357 2795 1364 2837 ι

184 2898 260 2966 Non
275 2901 377 2964 solum
390 2907 495 2963 cutem
507 2899 582 2962 laec
594 2899 796 2982 periclitatur
812 2900 900 2964 nobis
913 2897 995 2984 (ipo
1008 2898 1138 2965 Dativus
1156 2896 1369 2983 incommodi)

182 3046 261 3111 pars
282 3021 372 3104 (cette
395 3021 511 3112 partie,
535 3031 614 3088 cette
635 3020 792 3102 bruncho,
815 3043 851 3089 ce
874 3019 1000 3109 muilier)
1027 3024 1063 3086 in
1089 3020 1368 3112 reprehensionem

187 3150 292 3235 (alque
307 3143 383 3213 adeo
401 3144 432 3210 iu
449 3116 654 3233 contemtum)
669 3147 795 3228 uenire,
814 3147 869 3210 seu
884 3147 978 3210 etiam
994 3164 1125 3228 mappae
1141 3145 1225 3207 Deae
1240 3144 1367 3210 Dicinae

188 3246 339 3355 templum
357 3267 548 3357 periclitatur
568 3288 630 3352 pro
650 3270 754 3335 nilrilo
773 3271 935 3354 reputari,
952 3279 981 3334 et
997 3264 1050 3348 (τε)
1068 3265 1263 3356 periclitatur
1277 3270 1367 3352 sutu-

186 3418 260 3462 rum
276 3417 353 3477 esse,
366 3403 401 3459 ut
414 3393 575 3460 aboleatur
590 3414 710 3479 quoque
726 3394 803 3485 (και)
816 3396 965 3460 maiestas
982 3395 1188 3477 illiusquam
1205 3400 1272 3456 tota
1288 3393 1368 3457 Asia

187 3533 217 3589 et
244 3523 326 3588 orbis
350 3531 514 3588 terrarum
539 3529 724 3587 narraretur.
742 3557 787 3568 -
807 3519 954 3587 infinitivi
982 3516 1158 3609 lupicinum
1186 3526 1217 3584 et
1246 3513 1367 3604 μελλειν

187 3644 322 3736 pendent
347 3665 364 3712 a
393 3643 488 3711 verbo
515 3644 616 3711 Finito
639 3639 816 3709 κινδυνευει.
841 3680 885 3692 -
906 3638 1053 3730 Σεβεται,
1078 3660 1174 3731 quum
1199 3638 1300 3707 iorma
1327 3640 1367 3707 sit

185 3767 351 3857 Temporis
367 3767 555 3849 Praesentis,
569 3767 669 3835 obstat
685 3767 852 3858 quominus
869 3765 931 3834 dici
948 3766 1059 3858 possit,
1074 3765 1247 3832 orationem
1263 3767 1365 3832 ‹lirec-

187 3902 252 3960 tam
268 3891 340 3960 iude
355 3912 374 3959 a
389 3911 465 3960 voce
481 3887 603 3978 pilleo
620 3889 798 3958 transirem
814 3892 1019 3958 indirectam.

231 4139 377 4207 ‘tu—uu
405 4139 466 4204 His
491 4139 629 4225 cuditis,
649 4138 765 4225 repleti
780 4147 855 4204 sum
878 4139 949 4222 ira,
969 4135 1057 4218 etc).
1076 4137 1154 4203 Cum
1171 4145 1276 4204 autem
1292 4154 1362 4205 cou-
