3074 5054
537 395 676 466 corun
712 398 777 482 nr,
816 397 938 466 vens,
976 402 1010 466 a
1296 401 1358 467 aar

176 585 260 654 Sauli
277 585 415 655 animum
433 595 506 654 tuno
521 596 734 676 comparatum
752 587 849 656 inisse
865 608 937 655 oum
955 608 988 656 se
1004 587 1131 654 Christo
1149 588 1361 668 submitteret,

176 708 287 776 Saulus
310 709 378 798 ipse
405 708 522 777 diserte
549 720 676 777 testatus
705 720 767 790 est,
798 709 922 800 quando
945 731 1050 778 eoram
1076 712 1215 800 Agrippa
1238 732 1363 780 eausam

177 853 265 902 suam
276 854 370 922 agens
386 832 478 922 (Cap.
494 835 633 923 XXVI),
652 857 873 925 exponensque
890 837 1041 924 quaesibi
1059 842 1090 903 in
1105 838 1152 903 via
1170 840 1363 907 Damascena

176 956 380 1037 accidissent,
407 956 572 1047 profitetur
588 981 619 1025 se
636 981 700 1024 non
715 963 816 1044 fnisse
832 963 1057 1027 inobedientem
1072 958 1225 1049 (απειθης)
1241 965 1366 1026 coelesti

176 1084 313 1165 uisioni5
330 1103 392 1169 quo
411 1082 478 1170 ipso
495 1082 660 1170 signifieat,
680 1103 713 1150 se
731 1083 828 1151 libere
845 1083 906 1152 boe
925 1085 1057 1165 senisse,
1076 1105 1134 1151 neo
1151 1085 1210 1152 sibi
1228 1083 1365 1152 defuisse

177 1206 335 1295 negandae
358 1206 552 1274 obedientiae
574 1218 768 1294 potestatem.
795 1210 903 1296 itaque
927 1209 1004 1276 saiso
1026 1208 1199 1275 Calvinus:
1226 1207 1363 1288 Sontes,

178 1329 296 1419 iuquit,
315 1332 371 1414 qni
393 1341 503 1414 sponte
527 1331 638 1395 ruebat
662 1341 773 1395 contre
792 1330 975 1415 Christum,
995 1352 1080 1396 reone
1096 1351 1210 1398 rovinus
1227 1333 1268 1396 od
1283 1331 1366 1397 obse-

177 1452 290 1535 poium
319 1470 457 1517 noanon.
487 1450 651 1517 Praeclare
679 1450 889 1540 Stapletonius
918 1463 1023 1519 noster
1050 1454 1081 1519 in
1110 1453 1175 1519 suis
1203 1456 1367 1521 Antidotr'r

177 1575 368 1658 Apostotieir
385 1573 438 1665 (ad
455 1574 488 1640 b.
507 1573 547 1659 l.)
571 1573 732 1641 Calvinum
756 1574 847 1641 donet
864 1575 980 1662 gratiae
1004 1575 1062 1641 Dei
1087 1586 1117 1641 et
1133 1575 1222 1642 liberi
1241 1575 1362 1643 arbitrii

178 1698 442 1786 rodperationem.
476 1698 632 1767 «Verum
664 1698 790 1786 quidem
813 1710 875 1779 est,
904 1702 1022 1784 inquit,
1049 1675 1164 1765 iubae
1188 1697 1364 1766 admirabili

178 1820 273 1888 unius
294 1819 380 1886 Pauli
403 1821 605 1888 conversione
633 1821 880 1888 efficacissimam
906 1842 1057 1911 apparere
1078 1823 1137 1889 Dei
1163 1823 1311 1910 gratiam,
1337 1831 1368 1888 et

178 1943 346 2032 quamdam
362 1944 539 2011 violentiam
556 1944 726 2013 adhibitam
744 1947 840 2014 fuisse
863 1957 897 2014 ut
920 1959 1194 2016 converteretur...
1210 1948 1271 2016 Sed
1291 1948 1367 2015 baeo

179 2067 328 2134 violentia
352 2066 482 2134 liberam
499 2067 587 2134 Pauli
612 2069 794 2135 eiectionem
816 2080 846 2136 et
870 2069 1003 2137 liberum
1029 2070 1163 2159 pulsanti
1188 2070 1303 2157 gratiae
1319 2090 1368 2138 as·

179 2211 306 2259 sensum
331 2190 414 2258 nulla
440 2201 586 2279 exparte
610 2191 739 2258 laesit...
758 2193 837 2258 Tota
860 2193 912 2259 iiia
936 2215 995 2260 vox
1016 2193 1132 2261 Christi
1150 2194 1227 2262 ioris
1244 2194 1365 2276 audita,

179 2324 210 2379 et
222 2324 284 2380 tota
300 2314 420 2380 interna
436 2311 531 2380 divini
549 2311 684 2400 Spiritus
701 2311 817 2401 pariter
833 2313 988 2400 loquentis
1004 2314 1167 2403 inspiratio
1184 2326 1277 2403 atque
1294 2335 1366 2403 per-

179 2440 303 2520 suasio,
322 2437 401 2505 nibil
416 2437 501 2505 aliud
518 2448 584 2504 erat
599 2458 693 2526 quam
710 2439 847 2505 excitans
864 2449 894 2505 et
910 2439 1112 2527 praeueniens
1136 2439 1250 2524 gratia,
1270 2439 1368 2506 soiius

179 2566 240 2633 Dei
264 2565 395 2654 eiusque
422 2562 588 2630 ineffabilis
617 2562 850 2631 misericordiae
874 2585 995 2654 opus..
1021 2565 1106 2631 Haec
1131 2575 1278 2653 operatur
1300 2565 1368 2631 sine

180 2688 272 2757 nobis
296 2698 330 2755 ut
345 2688 495 2767 velimus,
515 2707 576 2754 non
593 2682 694 2753 autem
712 2692 860 2777 operatur
876 2687 944 2754 siue
960 2686 1050 2754 nobis
1066 2687 1170 2775 ipsum
1187 2686 1284 2764 velie,
1303 2687 1368 2753 siva

180 2831 252 2879 oum
277 2809 434 2877 volumus.
460 2808 553 2894 Quod
577 2807 627 2876 his
649 2808 754 2876 verbis
779 2808 869 2876 docet
896 2809 1089 2896 Augustinus
1117 2810 1179 2896 (De
1205 2808 1312 2877 Gratia
1340 2820 1371 2877 et

180 2937 280 3005 libero
303 2936 452 3017 arbitrio,
474 2938 550 3024 Cap.
578 2932 634 3021 17)
662 2956 670 2998 :
699 2936 782 3001 Dens
798 2946 838 3002 ¹nt
865 2938 1000 3002 votienus
1020 2947 1172 3020 operatur
1188 2939 1348 3020 incipiens
1354 2988 1366 3021 ,

179 3065 237 3149 pai
250 3061 426 3128 volentibus
444 3064 632 3145 cooperator
645 3062 856 3144 perficiens...
876 3061 917 3126 Ut
933 3082 1007 3143 erpo
1023 3062 1178 3140 retineor,
1197 3063 1264 3126 sine
1281 3062 1369 3128 nobis

181 3195 338 3270 operetur
361 3181 455 3272 (haee
471 3194 517 3250 est
541 3182 745 3272 praeveniens
765 3192 795 3248 et
811 3181 948 3248 excitans
965 3181 1080 3269 gratia,
1099 3182 1230 3270 ipsaque
1250 3181 1370 3248 vocatio

180 3321 244 3378 tam
259 3317 385 3375 externa
408 3327 501 3395 quam
525 3308 676 3394 interua);
695 3328 766 3373 cunr
791 3318 897 3372 autern
921 3310 1084 3388 vetemus,
1111 3309 1204 3373 etsie
1225 3309 1371 3372 notantes

180 3444 217 3501 nt
239 3435 417 3518 sociamur,
443 3433 601 3498 nobiseum
625 3436 814 3517 rodperetnr
831 3454 840 3492 .·
859 3443 965 3497 tannen
988 3435 1059 3497 sine
1085 3433 1141 3497 ilio
1166 3442 1314 3516 operante
1336 3443 1372 3497 nt

180 3560 335 3641 retinens,
362 3558 412 3622 vel
439 3561 624 3642 cooperante
651 3579 722 3622 onrn
750 3560 912 3639 eoinrnns,
944 3558 986 3620 od
1008 3556 1088 3620 bona
1112 3557 1243 3638 pietatis
1275 3576 1372 3639 opero

179 3683 266 3748 nibil
286 3682 438 3746 veternos.
457 3680 567 3760 Vides,
586 3680 619 3747 S.
638 3680 845 3767 Augustinum
863 3679 909 3746 sio
925 3698 1042 3767 ponere
1063 3689 1264 3766 operantem,
1283 3696 1372 3766 prae-

180 3804 376 3883 venientem,
404 3814 434 3870 et
458 3815 618 3870 vocantem
646 3805 706 3870 Dei
732 3804 893 3891 gratiam,
909 3813 944 3869 ut
966 3823 1026 3869 non
1051 3802 1153 3883 tollat,
1179 3801 1234 3869 sed
1257 3802 1374 3891 pariter

181 3930 401 4023 disertissime
420 3942 513 4019 ponat
547 3931 677 4018 gratiam
709 3930 872 3998 nobiseum
912 3934 1145 4019 oobperantem.
1183 3929 1257 3994 rNon
1298 3946 1372 4013 ergo
1408 3952 1411 3957 ·

182 4056 330 4144 Papistae
358 4057 407 4143 (ut
429 4055 526 4142 garrit
549 4053 610 4121 boo
638 4055 706 4121 loeo
735 4053 895 4138 Caluinus)
924 4074 980 4120 nos
1009 4049 1182 4140 (homines)
1211 4049 1373 4138 rodperari

185 4179 311 4248 divinae
333 4180 450 4267 gratiae
473 4181 609 4267 fingunt,
636 4179 691 4246 sed
714 4154 869 4245 maximus
892 4178 1015 4246 diuinae
1037 4175 1153 4264 gratiae
1181 4174 1375 4263 praedicator

187 4304 384 4392 Augustinus
409 4325 465 4372 nos
491 4304 613 4370 divinae
636 4303 751 4390 gratiae
779 4302 961 4391 rodperari,
992 4297 1242 4368 manifestissime
1270 4294 1372 4362 docet.

188 4427 293 4512 Quare
326 4425 403 4493 baec
435 4426 521 4493 Pauli
555 4425 594 4493 de
627 4425 714 4493 coeio
746 4424 885 4504 vocatio,
919 4435 986 4490 erat
1015 4422 1112 4511 gratia
1143 4438 1275 4509 operans
1307 4416 1374 4483 sine
