3074 5054
205 174 270 240 tes
554 168 689 237 novus
735 166 1071 251 nvosvonenuu,

207 363 260 452 qui
278 362 399 449 dicant,
421 381 491 441 eos,
512 360 567 450 qui
595 382 824 434 πεπιστευκοτες
848 356 901 427 hie
916 368 1077 441 vocantur,
1093 357 1308 448 intelligendos
1325 380 1395 430 esse

205 486 280 554 tales
305 487 357 578 qui
381 485 475 579 fidem
493 484 702 552 Christianam
729 483 829 552 edocti
855 495 883 550 et
906 482 1056 573 professi,
1076 494 1220 573 suscepto
1237 483 1394 574 baptismo

205 611 236 678 in
256 612 427 695 Ecclesiam
453 611 513 678 iam
536 619 640 676 essent
658 607 804 689 admissi;
827 627 914 686 uam,
934 607 1097 696 inquiunt,
1116 607 1173 674 soli
1191 606 1300 676 fideles
1316 610 1393 694 hap-

206 736 299 800 n'znti
318 733 445 823 proprie
465 731 526 798 dici
549 730 650 798 solent
671 735 843 798 eredentes.
868 730 931 798 Sed
954 730 1030 798 haec
1054 731 1266 820 interpretatio
1288 741 1324 798 ut
1344 731 1392 797 in-

206 859 297 927 sumo
321 858 429 925 nititur
449 867 647 946 argumento,
675 857 716 922 ita
738 855 797 921 alia
821 865 893 922 sunt
916 875 994 943 quae
1011 875 1120 944 pavum
1138 855 1278 924 eamdem
1303 876 1392 924 com·

205 979 361 1049 mendant.
380 981 458 1047 Nam
476 978 559 1068 quod
582 979 612 1045 in
638 977 810 1068 seripturis
827 981 988 1046 eredentes
1003 991 1153 1046 vocantur
1176 981 1267 1047 etiam
1291 979 1389 1047 adulti

203 1108 336 1171 tenedum
363 1104 535 1189 baptizoti,
565 1103 668 1170 animo
698 1113 798 1169 tamen
827 1103 1045 1192 voluntateque
1074 1103 1112 1172 ad
1139 1104 1388 1195 amplectendam

203 1231 384 1321 religionem
402 1230 609 1299 Christianam
627 1232 751 1321 parati,
771 1231 802 1299 id
828 1231 953 1321 quidem
977 1233 1150 1300 certissimo
1175 1243 1308 1301 constat.
1336 1234 1386 1302 Cf.

202 1360 273 1424 Act.
300 1358 346 1424 Xl
366 1377 374 1418 τ
394 1358 453 1437 213
469 1357 579 1424 XVlll
600 1379 607 1422 :
627 1357 659 1422 8.
679 1358 742 1424 lam
768 1376 841 1422 vero
866 1356 965 1422 series
982 1356 1130 1425 orationis
1152 1357 1261 1426 suadet
1277 1368 1312 1425 nt
1328 1379 1387 1448 pu·

203 1491 316 1556 temuS,
334 1481 451 1546 Lucam
476 1477 561 1567 loqui
579 1482 616 1544 de
641 1483 752 1546 nnnltis
768 1500 806 1547 ex
822 1499 931 1548 eorum
950 1501 1098 1561 numero,
1126 1501 1205 1570 quos
1232 1482 1389 1551 versiculo

202 1603 344 1692 proxime
367 1613 544 1688 antegressa
569 1602 780 1670 nominaverat
804 1605 939 1670 Iudaeos
957 1616 986 1671 et
1011 1604 1170 1683 Gerrtiles3
1198 1615 1228 1671 et
1244 1604 1270 1671 si
1289 1604 1388 1672 versi·

201 1725 273 1794 culo
289 1724 409 1793 decimo
427 1735 534 1792 octavo
548 1724 586 1791 de
602 1729 669 1792 alin
686 1726 847 1794 hominum
863 1726 962 1794 classe
979 1727 1171 1816 loqueretur,
1191 1727 1384 1815 scripsisset,

202 1849 327 1938 opinor,
351 1867 412 1914 non
435 1844 542 1911 πολλοι
566 1870 615 1924 τε,
630 1847 684 1915 sed
704 1846 812 1912 πολλοι
833 1845 878 1916 da.
904 1851 1002 1917 Porro
1019 1849 1186 1918 notandum
1204 1859 1268 1931 est,
1294 1870 1384 1940 prae-

201 1982 320 2040 sentem
336 1970 543 2038 narrationem
568 1970 669 2038 claudi
687 1970 747 2038 hoo
770 1969 864 2038 veluti
889 1972 1129 2060 epiphonemate
1152 1971 1211 2056 (vs.
1231 1971 1287 2055 20)
1303 2002 1311 2040 ε
1327 1975 1384 2042 Sic

201 2097 329 2164 verbnm
362 2095 493 2160 Domini
521 2096 652 2178 sortiter
687 2094 840 2160 erescebat
871 2092 1019 2183 (ηυξανε)
1049 2107 1142 2182 utque
1176 2098 1384 2164 incalescebat

202 2217 337 2309 (ισχυε);
366 2217 480 2306 quibus
504 2215 608 2284 verbis
631 2217 785 2285 indicatur
810 2217 863 2300 (os.
891 2220 967 2308 Cap.
993 2220 1039 2288 Vl
1065 2243 1072 2285 :
1102 2221 1121 2286 7
1148 2230 1177 2286 et
1200 2220 1382 2308 X11:nt),

201 2343 348 2411 continuo
373 2341 541 2408 increvisse
565 2361 729 2408 numerum
754 2340 904 2409 fidelium.
931 2343 1026 2431 Atqui
1052 2344 1278 2410 incrementum
1306 2342 1383 2412 illud

201 2465 283 2536 unde
302 2465 353 2534 hic
369 2464 552 2533 sumendum
577 2464 617 2532 sit
641 2463 768 2531 minime
792 2476 936 2554 apparet,
954 2467 980 2532 si
1003 2465 1047 2533 illi
1072 2489 1299 2542 πεπιστευκοτες
1321 2466 1382 2536 iam

200 2603 303 2662 essent
315 2591 421 2659 fideles
437 2591 600 2673 baptizoti.
618 2589 696 2655 Nam
714 2588 778 2669 illi,
798 2588 835 2656 da
854 2589 966 2678 quibus
990 2590 1143 2658 versiculo
1161 2589 1282 2659 decimo
1300 2612 1382 2660 nono

199 2736 302 2784 sermo
316 2728 379 2794 est,
397 2713 435 2781 ad
452 2712 590 2780 eamdem
608 2711 770 2780 hominum
787 2713 916 2782 classem
934 2713 1090 2803 pertinent
1105 2734 1141 2781 ao
1157 2713 1200 2782 illi
1218 2738 1382 2781 πεπιστευ-

199 2864 295 2916 κοτες.
312 2838 450 2906 Tandem
468 2835 728 2904 considerandum
753 2849 811 2918 est,
830 2837 981 2905 accidisse
998 2858 1033 2905 ea
1050 2858 1131 2928 quae
1148 2837 1200 2906 hic
1216 2851 1382 2908 narrantur

203 2964 311 3056 paucis
334 2972 452 3030 tantum
475 2959 634 3027 mensibus
659 2971 821 3049 postquam
855 2960 1056 3049 Evangelium
1081 2962 1235 3051 coepisset
1262 2959 1379 3052 Ephesi

200 3107 218 3154 a
241 3086 337 3154 Paulo
361 3081 546 3173 praedicari.
566 3084 631 3149 lam
655 3103 728 3151 vero
753 3084 823 3173 quis
844 3083 905 3151 sihi
922 3081 1123 3172 persuadeat,
1143 3084 1174 3149 in
1191 3083 1312 3151 novella
1327 3084 1380 3151 illa

201 3209 361 3290 Ecclesia,
388 3227 467 3296 quae
487 3206 545 3274 suh
569 3205 668 3274 oculis
692 3205 780 3277 Pauli
801 3206 1015 3288 adolescebat,
1034 3206 1130 3274 fuisse
1153 3227 1191 3272 ex
1213 3205 1381 3295 neophytis

201 3334 264 3402 illis
279 3331 463 3402 Christianis
487 3352 548 3399 non
564 3350 660 3398 unum
677 3329 863 3410 alterumve,
879 3330 935 3398 sed
960 3331 1038 3398 hene
1052 3334 1167 3399 multos
1185 3330 1237 3420 qui
1253 3330 1378 3419 gravia,

201 3458 306 3526 nescio
334 3476 430 3547 quae,
457 3466 581 3546 peccata
608 3454 853 3536 commisissent,
878 3463 971 3544 atque
995 3456 1085 3524 etiam
1108 3453 1277 3524 diabolicas
1296 3466 1379 3524 artes

201 3578 435 3649 exercuissent‘.l
457 3581 544 3666 Quae
567 3598 664 3667 quum
693 3577 733 3645 ita
756 3578 836 3656 sint,
863 3578 959 3646 nolim
980 3578 1082 3647 lacere
1102 3599 1173 3647 cum
1197 3578 1237 3646 iis
1258 3579 1311 3669 qui
1340 3600 1378 3647 ex

200 3705 353 3799 praesenti
378 3706 526 3774 Actorum
547 3703 616 3770 loeo
639 3713 853 3791 augumentum
874 3702 991 3772 ducunt
1013 3704 1263 3795 adprobandum
1285 3725 1377 3774 usum

200 3827 366 3901 confitendi
384 3839 509 3919 peecata
525 3836 595 3918 post
610 3826 798 3912 baptismum
815 3824 961 3894 admissa.
980 3830 1048 3915 Qua
1068 3828 1099 3894 in
1117 3847 1150 3896 re
1165 3847 1290 3896 meeum
1307 3849 1376 3897 sen·

199 3955 257 4023 tiro
281 3953 371 4023 video
395 3951 546 4020 Lorinum
570 3951 618 4036 (ad
638 3948 672 4019 h.
692 3948 741 4032 1.),
758 3950 912 4019 Andraam
937 3951 1023 4040 Vaga
1048 3953 1108 4038 (De
1122 3954 1372 4037 Instilicutinne,

199 4077 271 4147 Lib.
285 4079 378 4146 Xlll.
397 4077 473 4166 Cap.
492 4072 560 4155 981,
579 4086 609 4143 et
626 4075 747 4144 Estium
767 4073 1012 4164 (denotationes
1028 4079 1062 4142 in
1078 4079 1144 4142 loeo
1167 4072 1372 4162 difficiliora,

198 4201 236 4268 ad
253 4198 286 4267 h.
306 4198 354 4282 ll,
369 4200 458 4267 ouius
474 4199 567 4266 verba
586 4197 636 4265 hie
652 4197 785 4266 sublicio
804 4217 812 4259 τ
839 4227 853 4258 α
869 4199 938 4266 Non
954 4199 1032 4279 alia,
1048 4200 1166 4283 inquit,
1181 4197 1304 4265 videtur
1320 4195 1370 4264 hie
