3074 5054
477 364 615 431 cArur
650 364 760 443 XVll,
799 365 921 436 VERS.
963 366 1105 433 lt-lo.
1322 363 1389 431 425

206 552 270 632 ἕως.
288 557 322 624 Si
346 559 387 624 ita
409 578 460 624 res
481 556 610 636 habeat,
628 562 668 632 ὡς
690 580 739 621 ene
763 558 794 626 in
810 557 970 648 {praesenti
988 556 1058 623 loco
1075 555 1191 622 valeret
1207 556 1388 622 Latinorum

202 701 303 769 usque
320 683 389 748 ccl¹.

250 929 303 995 lli.
332 927 397 1006 Qui
410 937 516 993 nutem
537 929 726 993 deducebant
746 928 899 1005 Paulum,
918 925 1009 1012 eta).
1029 924 1198 992 Christiani
1215 935 1317 993 antem
1335 926 1389 1013 qrri

186 1049 334 1117 Paulum
357 1050 477 1117 Beroea
503 1051 695 1116 deducebant
720 1048 968 1138 (καθιστωντες),
992 1054 1218 1133 perduxerunt
1245 1043 1387 1137 (nyctycu)

181 1195 274 1242 eum
288 1175 440 1266 usquead
456 1176 610 1256 Athenas;
627 1187 656 1242 et
669 1195 764 1264 quum
783 1175 826 1242 ibi
842 1176 1037 1264 accepissent
1052 1194 1069 1242 a
1086 1174 1183 1242 Paulo
1195 1173 1387 1240 mandatnm

178 1295 365 1388 (λαβοντες
379 1297 516 1386 succine)
532 1300 571 1367 ad
595 1300 691 1367 Silam
708 1312 738 1367 et
753 1298 974 1380 Timotheum,
1000 1310 1034 1366 ut
1058 1298 1090 1366 hi
1112 1321 1207 1385 quom
1223 1302 1390 1365 celerrime

179 1421 259 1510 (ὡς
274 1429 420 1512 capiere)
437 1421 474 1489 ad
492 1443 563 1490 enm
589 1423 744 1502 venirent,
771 1424 922 1491 Beroeam
940 1423 1056 1489 reversi
1082 1433 1166 1491 sunt.
1185 1422 1341 1490 -Silam
1359 1434 1390 1489 et

176 1543 404 1613 Timotheum
425 1544 499 1612 hnic
521 1544 664 1613 mandato
687 1545 888 1624 satisfecisse,
914 1544 1072 1632 colligitur
1092 1566 1132 1612 ex
1155 1548 1216 1633 Ep.
1235 1543 1272 1611 ad
1290 1543 1391 1611 Thes-

179 1671 413 1740 salonicenses
437 1674 514 1762 Cap.
541 1674 586 1739 lll
607 1694 614 1735 :
637 1676 675 1753 l,
694 1676 727 1740 b.
749 1711 793 1721 -
809 1673 976 1736 Καθισταω
993 1672 1146 1760 significat
1162 1675 1257 1751 sisto,
1276 1673 1391 1737 colloco

187 1799 241 1862 in
263 1800 371 1883 aliquo
395 1800 481 1881 locc,·
497 1797 551 1864 sed
575 1818 649 1864 mox
665 1798 756 1865 etiam
772 1801 912 1882 perduco
927 1796 1050 1886 aliqub;
1066 1797 1208 1885 exempla
1224 1796 1310 1864 dabit
1326 1797 1388 1864 Ra-

186 1919 387 2008 101001ἱο0(ἰο
405 1922 537 1987 Annuit.
555 1922 706 2005 philolop.
725 1920 763 1988 ad
782 1919 815 1988 h.
835 1921 857 1988 l.

253 2166 306 2231 lb.
337 2163 457 2232 Paulus
479 2177 585 2231 nutem
608 2188 679 2232 cum
706 2167 859 2246 Athenis,
883 2163 973 2249 etc).
1000 2165 1116 2232 Paulus
1132 2164 1266 2252 collegas
1294 2184 1388 2245 snos,

191 2283 407 2354 'limotheum
430 2298 462 2353 et
482 2287 578 2354 Silam
598 2287 655 2370 (vs.
678 2286 750 2368 lb),
769 2288 901 2356 Athenis
925 2286 1134 2375 exspectabat.
1161 2287 1222 2372 Qui
1247 2307 1319 2354 cnm
1337 2308 1390 2354 nr-

204 2407 275 2477 hem
293 2411 523 2499 perambularet
547 2411 726 2501 videretque
745 2433 812 2480 eam
830 2435 895 2478 esee
913 2415 1006 2478 idolis
1024 2415 1176 2497 refertum
1192 2407 1388 2491 (κατειδωλον

211 2533 329 2621 ουσαν),
360 2536 399 2604 ob
426 2547 540 2603 tantam
571 2537 824 2624 superstitionem
853 2536 1051 2605 vehementer
1082 2535 1185 2602 animo
1213 2545 1388 2603 commotus

211 2672 262 2728 est.
282 2699 327 2711 -·
350 2662 439 2729 Dixit
465 2661 580 2730 alicubi
609 2661 842 2743 Theodoretns,
870 2661 1010 2730 Athenas
1038 2661 1117 2728 inter
1144 2670 1272 2727 cunctas
1300 2659 1387 2727 orbis

210 2781 299 2851 nrbes
328 2783 500 2851 obtinuisse
528 2783 720 2852 idololatriae
747 2785 927 2873 primatum.
957 2785 1050 2871 Quod
1080 2784 1242 2852 verissime
1269 2783 1387 2851 dictum

210 2924 289 2987 esse,
308 2907 442 2995 probant
465 2906 645 2987 Strabonis,
671 2907 859 2988 Pausaniae,
887 2908 1034 2985 Luciani,
1059 2908 1255 2994 aliorumque
1278 2906 1388 2975 Genti-

209 3025 279 3095 lium
296 3028 485 3117 scriptornm
503 3029 583 3097 hanc
598 3031 630 3097 in
650 3051 716 3098 rem
741 3031 933 3111 testimonia,
959 3051 1038 3119 qnae
1053 3029 1178 3118 collegit
1193 3028 1388 3103 Wetstenius

209 3149 244 3217 ed
263 3162 458 3239 praesentem
478 3151 628 3221 Actorum
652 3154 768 3222 locum.
796 3153 916 3225 Exinde
936 3163 1074 3232 constat,
1098 3151 1303 3220 Athenienses
1326 3163 1388 3220 tam

210 3272 362 3343 idolorum
386 3287 479 3364 atque
506 3297 629 3345 ararum
654 3280 763 3367 copia,
788 3299 880 3367 quam
896 3279 1045 3346 festorum
1062 3277 1184 3344 dierum
1200 3276 1387 3367 frequentia,

210 3399 345 3488 reliquos
369 3401 509 3468 Graecos
533 3401 664 3470 multum
685 3423 863 3491 superasse.
888 3402 960 3483 Sic,
980 3413 1014 3468 nt
1038 3400 1098 3468 boc
1121 3412 1203 3480 utar,
1222 3401 1390 3468 Pausanias

209 3522 250 3608 (in
267 3525 363 3592 Attio.
380 3527 393 3591 l
413 3547 421 3588 :
441 3525 494 3603 nu)
520 3526 558 3593 de
582 3526 850 3596 Atheniensibus:
870 3527 1051 3603 Αθηναιοις,
1070 3527 1189 3614 inquit,
1214 3549 1389 3618 περισσοτε·

209 3668 302 3734 poert
320 3646 535 3724 praecellere
558 3673 586 3724 ες
601 3675 640 3714 τα
663 3651 726 3714 bem
749 3673 813 3715 εστι
835 3647 980 3724 σπουὸης.
1001 3650 1023 3716 i.
1042 3670 1071 3715 c.
1092 3651 1298 3716 Athenienses
1314 3651 1389 3715 reli-

206 3774 310 3852 pe'oue's
327 3773 434 3837 studio
451 3775 529 3838 ulios
545 3772 705 3859 (Graecos)
722 3786 885 3858 superant.

250 3895 298 3960 De
324 3895 467 3963 Genii-ivo
487 3895 628 3964 absoluto
649 3893 863 3985 (εκδεχομενου
882 3922 936 3962 του
957 3894 1101 3984 Παυλου)
1119 3895 1179 3963 hou
1199 3896 1286 3975 1000,
1305 3893 1388 3961 idern

208 4017 323 4086 dictum
348 4032 422 4108 puta
447 4021 529 4109 quod
548 4023 722 4090 notavimus
739 4043 833 4112 supra
850 4018 937 4112 (Cap.
958 4023 1036 4090 XVl
1056 4048 1063 4088 :
1085 4021 1138 4104 lb)
1154 4021 1191 4089 ad
1209 4020 1387 4091 Genitivum

208 4141 385 4209 absolutum
405 4167 613 4233 πορευομενων
639 4146 735 4231 ἡμων.
761 4185 805 4195 -
827 4144 1017 4236 Παροξυνετο
1036 4149 1171 4231 proprie
1192 4144 1271 4212 valet
1297 4165 1388 4210 uctre-

240 4405 258 4470 1)
277 4405 326 4458 Pro
348 4393 388 4464 ὡς
403 4404 498 4469 legitur
517 4390 570 4468 ἕως
586 4409 612 4459 iu
631 4407 710 4460 codo.
734 4409 776 4461 nn
791 4415 818 4463 et
828 4410 929 4478 aliquot
941 4411 1102 4464 Minusculis.
