3074 5054
472 380 610 458 CAPUT
649 390 781 469 thtt,
820 388 940 457 VERS.
982 391 1080 456 1-5.
1302 387 1362 454 tlt

191 579 369 648 Corinthum
386 581 583 670 potissimum
606 580 691 647 adire
716 579 867 660 uoluerit3
887 580 1058 668 speraverit
1077 597 1206 667 nempe,
1224 577 1250 643 si
1269 579 1367 643 Evau-

189 705 298 793 gclium
311 705 504 794 praedicaret
521 705 551 771 in
570 704 630 772 hoc
646 705 803 772 communi
820 704 914 771 totius
930 704 1080 773 Graeciae
1093 703 1184 769 veluti
1203 702 1364 791 emporio,

187 826 261 906 lore,
276 838 311 894 ut
322 827 397 895 hinc
408 827 601 895 Christianae
613 827 772 896 doctrinae
788 828 896 896 notitia
908 827 947 895 ed
960 827 1065 916 plures
1082 826 1273 916 perveniret.

228 1073 331 1140 b--b
356 1074 400 1138 Et
419 1075 541 1138 iavereit
555 1072 722 1156 quemdum
746 1072 921 1154 Iudaeum,
941 1074 1069 1137 nomine
1085 1072 1237 1155 Aquilam
1243 1119 1256 1153 ,
1275 1067 1363 1150 ete).

187 1198 368 1266 Corinthum
397 1200 555 1287 ingressus
578 1197 767 1287 Apostolus,
791 1217 863 1264 cum
889 1197 931 1265 ibi
956 1197 1035 1265 forte
1055 1195 1235 1265 offendisset
1255 1192 1365 1283 (εὑρων

186 1323 260 1390 hor.
280 1327 467 1408 reperisset,
487 1327 650 1389 incidisset
676 1326 721 1408 iu)
745 1320 894 1388 Iudaeum
919 1321 1102 1410 quemdam,
1128 1320 1253 1388 nomine
1268 1316 1366 1405 Aqui-

186 1447 261 1527 lam,
290 1446 365 1515 huic
388 1449 455 1514 uiro
479 1468 513 1514 se
537 1447 688 1515 adiunxit.
715 1445 829 1534 Aquila
853 1445 906 1512 ille
929 1466 968 1512 ex
983 1447 1100 1524 Ponto,
1119 1445 1212 1511 Asiae
1236 1441 1366 1508 minoris

187 1573 360 1661 provincia,
389 1572 559 1651 oriundus,
588 1594 690 1656 ereper
718 1573 930 1662 (προσφατως)
960 1571 1019 1637 una
1046 1590 1117 1638 oum
1149 1568 1281 1654 couiuge
1309 1587 1364 1632 sue

186 1695 345 1776 Priscilla,
371 1700 485 1778 Romal,
514 1698 567 1765 ubi
592 1697 695 1765 adhuc
719 1696 873 1764 habitasse
897 1695 1031 1776 ridetur,
1059 1693 1243 1762 Corinthum
1262 1712 1364 1758 seces-

186 1839 276 1895 serat.
292 1829 391 1895 Causa
409 1829 477 1910 luit,
493 1831 566 1918 quia
579 1828 727 1896 Claudius
741 1831 913 1918 Imperator
929 1829 1074 1910 iusserat,
1088 1839 1122 1894 ut
1135 1846 1243 1893 omnes
1259 1824 1362 1893 ludaei

185 1951 279 2017 Roma
298 1950 509 2019 excederent¹.
530 1988 572 2000 -
589 1955 683 2019 Certo
700 1951 761 2018 dici
782 1953 902 2040 nequit,
924 1963 1028 2020 utrum
1044 1951 1158 2040 Aquilo
1175 1960 1205 2017 et
1220 1948 1363 2017 Priscilla

184 2071 351 2140 Christiani
367 2074 428 2141 iam
442 2086 559 2155 essent,
574 2093 671 2164 quum
688 2074 803 2142 Paulus
820 2095 873 2142 eos
890 2076 1082 2156 conveniret,
1096 2094 1133 2141 an
1148 2094 1221 2140 vcro
1238 2073 1276 2140 ab
1293 2073 1362 2161 ipso

183 2198 307 2267 demum
323 2201 447 2268 adducti
464 2202 578 2269 iruerint
594 2201 632 2269 ad
648 2202 828 2290 religionem
846 2201 1065 2279 Christianam.
1083 2203 1146 2289 Ego
1160 2200 1285 2290 quidem
1304 2199 1365 2266 hoe

183 2326 284 2413 potius
308 2326 497 2394 crediderim
522 2348 614 2416 quam
638 2326 726 2394 illud.
753 2327 841 2394 Ratio
867 2338 931 2408 est,
950 2329 1021 2417 quia
1044 2329 1165 2406 Lucas,
1192 2347 1263 2394 oum
1289 2326 1364 2393 alias

184 2449 376 2518 Christianos
399 2472 511 2519 vocare
528 2452 606 2519 solet
629 2463 681 2518 ant
696 2457 814 2537 fratres
830 2448 1016 2544 (αδελφους),
1035 2462 1086 2518 aut
1103 2454 1271 2534 discipulos
1288 2453 1364 2540 (μα-

182 2573 301 2656 θητας),
315 2575 461 2664 Aquilam
479 2575 562 2642 hunc
577 2575 761 2665 simpliciter
773 2579 928 2643 Iuduecm
946 2587 1044 2644 vocat.
1061 2577 1124 2643 Eos
1141 2596 1214 2664 ergo
1230 2596 1248 2641 a
1266 2577 1363 2642 Paulo

183 2698 218 2763 ad
235 2696 351 2765 Christi
370 2699 462 2766 fidem
480 2699 577 2766 luisse
595 2699 762 2778 adductos,
778 2701 897 2781 Lucas,
913 2720 969 2789 per
985 2720 1020 2766 ea
1036 2721 1115 2789 quae
1133 2699 1212 2766 inira
1228 2697 1286 2780 (vs.
1303 2698 1364 2785 26)

182 2819 219 2887 de
235 2820 345 2888 iisdem
370 2834 491 2903 narrat,
513 2826 665 2907 implicite
688 2823 919 2911 significaverit.
937 2823 1089 2890 -Addit
1114 2825 1213 2890 Lucas
1236 2828 1295 2908 (vs.
1315 2823 1360 2904 5),

184 3042 264 3096 πων,
279 3043 377 3083 corner
400 3045 478 3084 αστυ
503 3019 672 3100 ‘Eli-cmc,
690 3047 746 3108 μη·
793 3037 858 3088 Nam
869 3036 1115 3103 quumvocebutum
1124 3021 1363 3112 Chrestectquc-

182 3109 320 3196 τροπολις
348 3136 398 3173 και
434 3135 542 3201 percep.
576 3128 614 3178 Cl.
644 3129 746 3180 Henrici
793 3117 852 3196 τος)
869 3129 1002 3189 tamqnam
1021 3137 1115 3175 nomen
1135 3124 1271 3189 proprium
1291 3123 1361 3189 apud

183 3199 313 3252 Wilclrens
330 3200 464 3266 Spectmen
482 3203 672 3268 antiquitatum
694 3203 747 3253 Co·
794 3209 923 3260 Romanos
935 3220 1025 3272 reapse
1037 3209 1105 3257 esset
1121 3207 1148 3256 in
1167 3220 1214 3256 usu
1228 3206 1296 3271 (Vid.
1309 3206 1362 3258 Cic.

181 3283 419 3334 rintbiueurcmud
430 3283 634 3337 illustrationem
645 3285 748 3334 retrica—
794 3291 826 3342 ad
847 3292 918 3342 Fam,
938 3291 973 3342 xt
991 3305 996 3339 :
1016 3293 1049 3351 8,
1065 3294 1091 3341 ct
1107 3289 1211 3342 Grrrtcri
1234 3291 1361 3342 Theseae.

181 3379 227 3430 que
237 3367 362 3430 epistotae
381 3366 510 3418 Paulinae
525 3367 564 3432 (lu
576 3367 681 3419 Colleet.
696 3368 745 3434 Op.
794 3375 905 3438 inscript.
918 3387 945 3438 p.
956 3371 1024 3438 855),
1035 3386 1081 3423 cur
1093 3376 1225 3438 putemus,
1238 3372 1362 3425 historio-

181 3449 247 3501 edita
259 3451 292 3500 ab
307 3450 432 3514 Oelrichs,
446 3453 517 3503 Tom.
532 3452 550 3512 l,
563 3453 630 3503 XIV.
794 3454 924 3519 graphum
942 3467 1036 3505 nornen
1051 3468 1134 3504 uurrm
1152 3468 1199 3520 pro
1214 3455 1264 3506 alio
1277 3454 1362 3520 scrip-

213 3532 230 3596 ¹l
244 3533 326 3584 Edisti
338 3533 416 3585 huius
428 3537 548 3586 meminit
560 3549 665 3602 quoque
679 3536 747 3588 Sue-

180 3617 281 3677 tonius,
300 3617 345 3667 nbi
361 3618 393 3668 dc
409 3618 515 3670 Claudio
533 3620 641 3671 Caesare
658 3621 747 3673 scribit

179 3697 215 3761 (in
227 3700 281 3750 vita
299 3699 408 3763 Claudii,
422 3700 485 3766 Cap.
504 3701 583 3767 XXV)
599 3720 605 3754 ι
620 3702 744 3765 ludaeos,

178 3781 322 3846 impulsore
334 3782 442 3834 Chresto
453 3787 559 3836 assidue
577 3787 745 3837 tumultuare-

179 3869 228 3924 tes,
247 3864 330 3914 Romd
347 3866 458 3930 expulit.
482 3867 557 3919 Multi
580 3870 744 3932 existimant,

179 3946 333 3999 Suetonium
346 3948 381 3999 ibi
395 3963 442 4014 per
453 3962 567 4001 errorem
578 3951 686 4003 Chresto
698 3967 745 4018 pro

180 4029 284 4081 Christo
304 4031 453 4097 scripsisse,
475 4033 584 4098 eiusque
607 4035 686 4086 verba
706 4048 746 4086 ca·

178 4115 273 4181 pianda
284 4130 340 4168 esse
356 4117 388 4168 de
401 4118 607 4170 dissensionibus
620 4120 687 4171 inter
699 4121 746 4171 lu-

177 4196 253 4249 daeos
282 4201 309 4249 et
338 4198 513 4262 Christianos,
535 4201 620 4266 deque
649 4203 745 4263 turhis,

178 4279 275 4344 quibus
298 4279 416 4331 doctrina
442 4281 537 4334 Christi
564 4284 660 4335 Romae
683 4289 746 4336 tuuc

177 4360 302 4425 temporis
330 4363 491 4415 occasionem
520 4364 641 4417 dedisset.
671 4367 745 4427 Quod

177 4441 241 4493 mihi
263 4442 370 4510 quidem
393 4445 469 4498 valde
491 4446 601 4500 dubium
630 4449 743 4501 videtur.

792 3539 878 3589 sisset
895 3538 935 3589 hd
953 3536 1029 3599 haec,
1043 3538 1185 3589 Suetonius
1195 3539 1231 3589 ita
1244 3539 1361 3605 loquitur

794 3625 823 3671 nt
834 3621 896 3670 setis
908 3619 1015 3678 indicet,
1032 3634 1060 3670 se
1075 3620 1238 3673 assiduorum
1257 3622 1360 3674 illorum

793 3702 955 3753 tumultuum
972 3701 1140 3767 impulsorem
1160 3703 1284 3767 cogitasse
1301 3717 1360 3756 cer-

792 3791 848 3836 tum
878 3789 1023 3850 notrrmque
1050 3784 1163 3851 aliquem
1189 3787 1291 3849 virum,
1315 3788 1360 3853 qui

792 3872 856 3919 tunc
868 3868 991 3932 temporis
1001 3868 1096 3919 Romae
1108 3872 1264 3920 versaretur.
1280 3869 1360 3919 Deni-

791 3967 852 4018 que,
866 3956 895 4004 ut
907 3956 1068 4018 praeteream
1085 3953 1188 4018 probari
1206 3965 1260 4003 non
1275 3965 1359 4017 posse,

792 4034 843 4085 iam
860 4046 890 4085 eo
909 4038 1025 4098 tempore
1044 4034 1140 4086 multos
1159 4035 1238 4085 luisse
1251 4035 1278 4085 in
1290 4034 1361 4086 Urbe

792 4116 966 4180 Christianos,
980 4116 1154 4168 dissensiones
1165 4117 1223 4168 illae
1236 4118 1262 4168 in
1277 4131 1304 4168 re
1316 4131 1360 4168 re-

791 4197 891 4262 ligiosa,
906 4213 971 4264 quas
983 4204 1095 4265 ponunt,
1107 4213 1159 4252 non
1174 4200 1298 4250 videntur
1310 4213 1360 4265 po-

792 4282 872 4333 tuisse
895 4297 972 4334 eausa
996 4283 1075 4334 luisse
1101 4283 1233 4334 sufficiens
1259 4283 1361 4334 tumul-

792 4371 866 4418 tuum
879 4369 984 4430 talinm‚
995 4371 1024 4419 ul
1033 4367 1157 4420 Claudius
1168 4371 1272 4419 coactus
1283 4367 1363 4418 larerit

794 4451 910 4515 integrae
922 4452 1035 4504 nationis
1052 4451 1130 4503 exilio
1148 4463 1192 4504 eos
1208 4451 1358 4519 reprimere.
