3074 5054
474 377 702 457 atrurn,
739 375 860 444 vans.
901 379 1044 448 m-n.
1186 485 1188 488 y
1289 345 1359 452 mr

181 591 257 648 csse,
273 580 309 636 nt
324 591 431 636 omnes
447 571 549 654 ipsias
565 570 643 652 fidei
656 570 728 652 lupo
744 570 824 633 collo
838 568 1039 635 submittent.
1059 568 1235 635 Saleantnr
1251 566 1356 637 antem

179 714 233 778 per
254 697 404 765 meritam
429 692 571 776 Gbrlsti,
590 695 645 778 qni
665 693 834 758 salvantur
856 692 969 777 absqne
995 694 1058 776 lide
1076 693 1166 759 illins
1186 696 1354 778 explicita,

180 821 257 884 sient
271 829 302 883 et
318 818 539 902 iustificantur
553 835 613 901 per
630 817 741 899 illam,
759 818 816 901 qni
833 816 1050 900 iustificantur
1063 820 1135 884 sine
1150 819 1220 885 illa.
1239 845 1253 877 »

222 1061 366 1129 iti-ii.
394 1058 819 1140 Videntur-constantiam,
838 1052 930 1141 ele).
949 1039 1069 1125 Graeca
1085 1055 1179 1123 latine
1201 1057 1249 1126 sic
1264 1059 1357 1148 paulo

179 1182 302 1252 liberius
314 1181 505 1251 reddiderim
518 1183 663 1250 :Attente
675 1190 780 1246 antem
791 1181 1035 1247 considerabant
1046 1179 1254 1271 (θεωρουντες)
1260 1184 1356 1250 Petri

179 1316 208 1373 ct
221 1307 354 1373 loannis
371 1307 408 1372 in
423 1307 555 1371 dicende
580 1304 754 1370 libertatem
770 1300 985 1394 (nnppncrar);
1006 1326 1138 1391 cnmqne
1155 1307 1222 1370 iam
1236 1326 1359 1391 compe·

179 1431 291 1494 risscrn
305 1422 587 1517 (καταλαβομενοι,
605 1425 683 1493 Aer.
702 1426 723 1494 2
740 1422 859 1513 Med),
877 1445 1012 1493 cartesae
1027 1428 1172 1492 bonrlnes
1186 1429 1358 1496 illiteratos

179 1559 207 1613 et
227 1551 359 1630 idiotas,
381 1548 624 1614 dominabantur
648 1550 720 1614 illos
741 1547 941 1635 (εθαυμαζον,
966 1549 997 1616 iu
1019 1548 1180 1638 Imperi),
1202 1552 1358 1636 slmnlqne

179 1675 297 1739 eosdem
319 1674 528 1757 apnoscebont
550 1673 762 1760 (επιγινωσκον
779 1669 896 1759 pariter
918 1672 949 1738 iu
974 1671 1133 1761 imperi),
1150 1675 1233 1758 qnod
1248 1695 1358 1759 nempe

179 1807 275 1863 essent
296 1794 406 1885 (acar)
429 1799 505 1862 olim
527 1817 599 1862 cnm
622 1797 720 1878 Iesn;
747 1815 846 1880 qnam
868 1816 943 1861 vero
964 1793 1031 1883 (ror
1048 1791 1110 1884 dd)
1125 1817 1190 1863 nno
1205 1818 1277 1863 enm
1294 1800 1358 1865 illis

179 1915 359 2008 (Apostolis)
370 1922 551 1986 adstantem
561 1921 777 2002 conspicerent
788 1920 948 1984 bominem
962 1920 1112 1984 clondnm
1124 1922 1215 1987 illum
1227 1926 1284 2007 qni
1293 1927 1359 2007 sne·

178 2055 227 2111 rot
241 2057 371 2114 sanatas
383 2045 450 2134 (ror
463 2042 741 2134 rebepauavperor),
756 2063 821 2110 non
832 2044 985 2110 dedebant
999 2047 1082 2131 qnod
1094 2048 1354 2116 contradicerent.

219 2170 441 2258 Apostolorum
465 2168 517 2236 iiia
539 2173 574 2235 ln
596 2171 730 2234 dicendo
754 2169 885 2234 libertas
908 2167 1097 2259 (παρρησια)
1113 2170 1283 2260 conspicua
1299 2171 1357 2241 luit

178 2292 208 2359 iu
223 2313 258 2360 eo
274 2294 377 2384 quod,
395 2312 584 2382 quamquam
601 2312 652 2360 res
668 2292 732 2360 iliis
756 2303 822 2359 erat
839 2312 912 2360 cum
928 2293 986 2373 iis,
1001 2294 1055 2383 qui
1073 2313 1189 2383 paucos
1205 2305 1276 2362 ante
1291 2294 1358 2362 dies

178 2417 282 2508 iniquo
306 2416 423 2487 iudicio
452 2420 556 2486 iesum
582 2418 777 2485 Nazarenum
802 2417 833 2484 iu
857 2437 985 2485 crucem
1008 2427 1149 2506 egerant,
1174 2419 1235 2508 ipsi
1256 2430 1356 2488 tamma

178 2538 252 2608 nihil
264 2540 480 2610 dubitaverant
492 2542 593 2632 palam
610 2540 764 2631 profiteri,
782 2540 867 2608 huuc
888 2561 947 2609 neo
966 2542 1062 2610 alium
1079 2544 1269 2632 promissum
1289 2564 1358 2613 esse

178 2667 338 2749 Messiam,
363 2667 472 2756 iiiique
494 2678 657 2757 acceptum
682 2668 852 2736 retulerant
874 2667 1055 2736 hesternum
1081 2668 1283 2749 miraculum,
1308 2681 1355 2737 ut·

179 2800 247 2878 pote
272 2790 311 2857 ad
340 2791 407 2858 eius
438 2791 574 2858 nominis
601 2790 826 2859 invocationem
852 2800 1023 2879 patratum;
1054 2809 1117 2880 quo
1144 2810 1205 2857 una
1228 2789 1355 2878 oblique

178 2911 362 2994 innuebant,
387 2913 420 2982 id
439 2914 525 3002 quod
552 2913 771 3003 praedicabant
792 2912 897 2981 divino
920 2914 1138 2983 confirmatum
1158 2913 1254 2982 luisse
1269 2915 1356 2983 testi-

178 3039 292 3107 monio.
316 3040 382 3107 Nec
405 3040 527 3107 latuerit
550 3039 764 3127 Synedristas,
792 3059 943 3129 quaenam
960 3043 1072 3109 Petrus
1095 3040 1240 3108 hesterno
1256 3039 1308 3107 die
1323 3040 1355 3107 in

177 3161 325 3228 concione
336 3159 629 3250 dixerat,iacilequc
640 3160 1004 3244 animadverterint,eum
1017 3162 1168 3230 eruditius
1180 3161 1356 3251 disputasse

178 3309 267 3377 quam
292 3311 349 3380 pro
373 3290 500 3358 modulo
524 3289 660 3359 bominis
684 3291 833 3359 illiterati.
851 3292 936 3359 Dum
960 3313 1033 3360 vero
1050 3292 1217 3381 Apostolos
1233 3304 1297 3360 tum
1315 3292 1355 3360 ob

176 3411 257 3480 iliam
281 3413 312 3480 iu
336 3413 468 3482 dicendo
496 3413 686 3495 libertatem,
708 3425 775 3481 tum
790 3413 831 3482 oh
847 3414 928 3482 hauc
944 3416 975 3481 in
993 3414 1098 3483 idiotis
1113 3414 1286 3484 doctrinam
1302 3414 1355 3484 ad-

177 3535 351 3605 mirabundi
368 3538 561 3607 intuerentur
576 3540 739 3618 attentius,
758 3558 819 3606 una
831 3549 895 3606 tum
912 3551 1083 3629 coeperunt
1098 3559 1152 3607 eos
1167 3559 1353 3627 agnoscere,

176 3660 258 3749 quod
281 3680 392 3750 nempe
415 3674 518 3728 esseut
540 3680 579 3729 ex
603 3664 661 3744 iis,
687 3663 740 3753 qui
764 3663 867 3730 lesum
893 3663 1086 3731 Nazarenum
1111 3663 1142 3730 in
1166 3662 1298 3752 Templo
1324 3675 1354 3730 et

180 3806 236 3875 per
260 3785 373 3854 urbem
398 3785 539 3853 comitari
556 3787 696 3856 solebant
718 3788 778 3877 (ὁτι
795 3808 850 3851 συν
866 3809 909 3872 τῳ
923 3788 1013 3860 Ιησου
1029 3785 1134 3874 naar).
1154 3788 1225 3854 lam
1245 3786 1272 3854 si
1294 3807 1356 3875 quo

178 3909 268 3976 modo
293 3910 483 3999 potuissent,
502 3910 610 4000 utique
632 3922 814 4000 negassent,
832 3910 1003 4001 quidquam
1018 3911 1162 4002 stupendi
1178 3910 1217 3980 ad
1233 3913 1357 3979 invoca·

181 4071 350 4084 Μ

212 4171 232 4237 ²)
247 4173 311 4224 Vm.
326 4186 398 4224 aner.
412 4174 543 4241 interpres
554 4177 642 4228 noster
652 4177 745 4240 legisse
782 4176 905 4226 ⁴attamen
922 4173 991 4226 hanc
1008 4174 1045 4226 iiii
1059 4174 1173 4227 dicerem
1184 4187 1240 4227 esse
1259 4175 1357 4241 praeic-

180 4252 281 4307 videtur
303 4263 355 4306 ror
374 4263 426 4319 τε,
447 4271 531 4324 caque
549 4258 625 4310 lectio
647 4272 743 4325 quam·
791 4257 914 4320 rendam,
935 4271 1019 4325 quum
1040 4257 1165 4311 orationis
1187 4257 1357 4311 conformatio

180 4350 257 4402 quam
274 4340 429 4392 auctoritate
448 4340 567 4393 codicum
583 4344 610 4393 et
625 4342 745 4408 autiqua-
791 4341 910 4401 milesii,
922 4341 1118 4394 utParticulam
1133 4339 1312 4393 antitheticam
1325 4320 1358 4389 dc

182 4420 393 4474 rumversicnum
402 4425 516 4489 praestat
524 4422 628 4477 lectioni
638 4432 688 4474 ror
696 4406 742 4489 de,
791 4424 898 4477 omniuo
910 4424 1043 4490 postulare
1054 4424 1183 4478 videatur.
