3074 5054
457 425 595 493 CAPUT
632 426 732 503 xiil,
775 422 894 490 VERS.
939 424 1082 491 10-11.
1299 424 1364 490 555

180 613 272 703 phasi
300 616 416 684 Paulus
446 636 516 683 eum
546 626 635 682 vocet
663 615 761 682 filium
790 634 851 680 non
883 615 1022 678 nominis
1050 612 1104 680 sed
1131 612 1248 677 diaboii
1277 614 1364 698 (geon

180 739 447 820 menschenkind‚
474 760 558 806 maar
582 738 834 826 duiselshroed);
855 748 927 826 puta
949 759 1014 804 non
1030 739 1139 802 cornis
1154 739 1364 815 successione,

180 875 216 930 ut
238 863 354 931 alicubi
370 863 446 930 dicit
460 863 495 930 S.
513 862 718 942 Ambrosius,
744 865 797 928 sed
819 864 977 928 criminis.
1003 860 1052 929 Cf.
1075 863 1161 927 ioan.
1181 860 1258 928 Vlll
1279 884 1286 925 :
1307 863 1363 927 leli.

181 989 256 1057 Vox
286 984 430 1074 διαβολος
462 987 532 1068 hic,
567 987 649 1076 quod
682 1007 752 1054 raso
783 986 835 1066 m,
866 997 1020 1074 tamquam
1053 1006 1166 1052 nomen
1197 986 1366 1073 Proprium

181 1113 341 1196 sumitus3
379 1134 474 1203 quare
502 1113 588 1180 abest
622 1112 795 1179 Articulum
824 1111 873 1178 Gi.
903 1113 961 1180 Ge.
994 1131 1062 1200 pag.
1095 1115 1172 1179 116.
1199 1151 1244 1161 -
1274 1112 1366 1198 Quod

183 1236 327 1325 sequitur
342 1262 351 1303 t
366 1239 492 1303 inimice
513 1238 618 1302 omnis
639 1239 794 1318 institiae,
814 1235 1000 1302 tantumdem
1026 1247 1071 1302 est
1088 1255 1124 1302 ac
1140 1236 1165 1302 si
1183 1235 1269 1302 dicas
1288 1261 1296 1301 ε
1315 1239 1369 1301 cei

183 1385 322 1465 exosum·
332 1373 377 1428 est
392 1365 548 1448 quidquid
560 1374 682 1429 rectnm
697 1373 741 1427 est
753 1361 962 1445 probamque.
977 1360 1103 1428 Scilicet
1115 1381 1174 1428 vox
1192 1357 1369 1435 ὃικαιοσυνη

184 1485 217 1552 in
234 1484 411 1553 Graecitate
433 1503 521 1550 sacra
545 1483 625 1548 intes
646 1481 722 1549 alias
745 1482 889 1548 notiones
914 1481 1005 1548 etiam
1022 1482 1102 1549 hanc
1122 1481 1255 1562 obtinet,
1273 1493 1307 1549 ut
1321 1481 1368 1549 di·

183 1617 275 1674 catus
294 1606 333 1672 de
355 1616 436 1671 recte
456 1609 553 1691 sactis
572 1616 624 1672 aui
645 1605 684 1672 de
705 1607 862 1690 probitate
884 1608 968 1671 vitoe
996 1607 1152 1674 universe.
1183 1606 1264 1675 Vide
1288 1606 1368 1674 dicia

184 1728 225 1795 ad
243 1730 321 1817 Cap.
339 1730 395 1796 X:
415 1731 471 1796 55.

232 1876 299 1920 non
325 1857 465 1934 desinis,
495 1854 583 1939 etc).
612 1854 731 1921 Graece
756 1854 787 1918 in
808 1855 950 1922 Futuro:
970 1879 1138 1944 ουπαυσῃ,
1157 1877 1220 1920 non
1247 1858 1369 1922 desines

186 1979 268 2068 (zult
293 1976 332 2065 gij
361 1978 424 2044 niet
451 1976 633 2066 ophcuden)
654 1979 853 2062 distorquere
874 1975 1086 2070 (διαστρεφειν)
1110 1991 1212 2044 rectos
1240 1981 1370 2046 Domini

187 2105 281 2168 cios?
292 2140 336 2150 -
352 2100 461 2170 Oratio
484 2099 696 2190 metaphorica
710 2111 768 2168 est.
788 2102 869 2186 Quia
884 2122 958 2169 vero
978 2124 1038 2169 non
1056 2103 1240 2192 simpliciter
1257 2104 1371 2173 dicitm’

186 2231 258 2293 vias
276 2229 417 2306 Domini,
436 2225 490 2293 sed
505 2225 629 2293 additur
645 2237 758 2309 rectos,
778 2227 963 2315 putaverim,
982 2227 1195 2314 intelligendas
1218 2248 1286 2295 esse
1304 2232 1372 2295 cios

188 2371 253 2416 non
268 2351 346 2434 Dei,
365 2361 399 2419 ut
410 2350 450 2417 iia
467 2350 587 2430 dicam,
605 2354 647 2415 od
663 2371 739 2429 nos,
754 2349 809 2417 sed
826 2363 951 2417 nostros
967 2354 1008 2416 od
1023 2353 1140 2418 Deam.
1158 2351 1236 2419 Viae
1252 2352 1311 2418 Dei
1329 2356 1371 2417 mi

188 2497 249 2542 nos
264 2497 324 2542 non
343 2487 472 2566 possunt
489 2495 557 2543 esse
570 2475 629 2542 nisi
647 2486 767 2558 rectoe5
785 2487 907 2542 nostrae
923 2487 1025 2543 amem
1042 2476 1080 2543 ad
1096 2477 1198 2543 Deum
1217 2477 1283 2544 viae
1301 2498 1372 2566 pos-

188 2611 264 2667 sunt
280 2621 428 2667 essenon
450 2613 565 2667 rectae.
585 2601 740 2688 Impostor
764 2599 821 2666 iste
846 2611 947 2665 rectos
973 2604 1015 2666 oei
1038 2603 1141 2667 Deam
1165 2602 1293 2692 (Kopion
1310 2603 1373 2670 Ga·

189 2724 308 2790 nicivus
323 2726 451 2807 obiecti,
471 2733 505 2790 ut
526 2722 637 2789 Maesa.
656 2723 687 2788 X
714 2746 721 2786 :
749 2725 769 2789 5
793 2748 801 2788 :
829 2718 897 2796 ὁδος
921 2722 1027 2812 eison)
1051 2727 1118 2789 cios
1142 2724 1370 2808 detorquebat,

191 2848 337 2916 homines
360 2868 377 2914 a
401 2858 485 2915 recto
509 2847 589 2912 vitae
614 2845 734 2912 tramite
759 2845 790 2911 in
812 2849 882 2912 oios
904 2867 1024 2930 pronos
1045 2846 1238 2915 deducendo.
1257 2885 1301 2896 --
1324 2847 1373 2912 Do

189 2972 362 3060 Pasticipio
387 2968 711 3062 &commonionem
733 2969 784 3037 hic
806 2971 901 3039 verbo
927 2974 1030 3040 Finito
1058 2996 1174 3061 accep,
1193 2971 1262 3040 vide
1278 2992 1373 3062 supra

189 3097 233 3164 ad
249 3099 327 3187 Cap.
345 3098 375 3166 V
395 3123 403 3164 ε
422 3101 477 3166 42.

242 3337 298 3402 ii.
317 3336 363 3400 m
377 3356 462 3401 nnnc
477 3357 545 3401 ecce
560 3357 675 3401 monens
690 3338 824 3401 Domini
839 3359 936 3422 snper
949 3348 991 3421 te,
1006 3335 1096 3423 etc).
1115 3337 1220 3404 Diciio
1233 3349 1263 3403 et
1274 3360 1371 3422 nneec,

192 3479 275 3549 quae
299 3460 394 3526 referi
419 3459 601 3528 Hche‘aicam
626 3476 719 3546 aas),
741 3463 773 3527 iii
789 3460 848 3529 hac
864 3462 1012 3528 orationis
1034 3461 1278 3528 conformatione
1294 3461 1375 3527 valet

194 3587 322 3670 itaque,
345 3594 380 3650 ut
400 3585 515 3653 Genes,
540 3584 667 3651 XXVll
692 3605 699 3646 ε
726 3586 759 3651 8.
783 3585 899 3652 Sensus
922 3595 996 3652 est:
1021 3606 1117 3670 quom
1140 3587 1214 3649 coiis
1229 3586 1290 3667 sis,
1310 3605 1375 3650 eece

192 3709 302 3774 nitria
322 3730 437 3774 mones
465 3710 527 3774 Dei
548 3729 643 3792 snper
667 3720 695 3774 ie
719 3712 901 3775 extenditur
926 3707 971 3792 (h.
1000 3728 1028 3774 e.
1056 3726 1186 3796 poenam
1210 3705 1264 3772 tibi
1281 3706 1374 3774 infert

194 3835 296 3915 Deus)
315 3859 323 3900 :
342 3838 408 3901 eris
428 3857 535 3901 coecos
556 3838 597 3900 oei
620 3833 760 3918 tempos!
772 3873 816 3883 -
829 3835 878 3900 Do
899 3835 967 3901 Deo
991 3833 1094 3923 plagas
1115 3830 1265 3897 inserente
1280 3831 1374 3898 simili

195 3956 303 4046 phrasi
329 3957 500 4024 Deuteron.
520 3959 549 4023 ΙΙ
569 3981 576 4022 :
598 3956 770 4024 iadicem
788 3983 796 4025 ε
814 3936 862 4043 ἐξ
883 3970 962 4042 ram
984 3960 1054 4042 flio}
1081 3968 1130 4034 πῖ,
1156 3975 1269 4020 monus
1285 3955 1375 4019 Iono-

195 4103 254 4146 ooe
278 4091 476 4146 ereccontro
500 4083 571 4146 ilios
609 4078 700 4165 Quod
724 4079 763 4147 ad
777 4104 812 4144 το
836 4101 941 4145 coecos
956 4082 1020 4144 eris
1035 4077 1158 4144 additus
1181 4099 1246 4143 non
1268 4080 1376 4143 videns

198 4206 315 4282 solem,
333 4222 390 4290 pei·
414 4201 474 4269 hoo
497 4223 533 4268 eo
559 4202 667 4268 maiori
693 4202 831 4291 emphasi
855 4223 954 4291 poena
976 4201 1133 4268 coecitatis
1149 4200 1193 4267 illi
1213 4200 1372 4270 indicitur.

192 4325 276 4415 Αχρι
303 4348 410 4418 nospes
438 4329 479 4390 od
505 4337 625 4392 oeream
654 4338 775 4410 tempos
802 4328 942 4412 aliquod.
972 4327 1077 4392 Poena
1100 4323 1248 4413 infligitur
1271 4324 1316 4391 illi
1345 4326 1376 4392 in

200 4448 366 4517 medelam.
392 4449 588 4528 Titimannus
604 4450 655 4536 (de
670 4450 864 4534 synonymis
879 4453 914 4515 in
935 4451 975 4516 N.
994 4451 1033 4515 T.
1052 4470 1085 4537 p.
1104 4452 1159 4537 57)
1176 4471 1247 4538 αχρι
1271 4472 1377 4540 anepos
