3074 5054
458 421 597 488 CAPUT
632 422 681 499 X,
719 422 829 492 VERS
866 423 1013 491 57-58.
1257 427 1319 494 ati

138 630 216 673 nom
231 619 403 693 uuturcm;
421 620 451 675 et
467 619 581 674 unctus
597 608 713 677 dicitnr
728 610 860 695 Spiritu
876 611 993 677 Sancto
1011 612 1087 697 (met
1102 610 1161 678 den
1180 612 1322 702 Heiligen

137 729 263 818 Gaesi),
281 732 353 820 quia
369 732 505 821 Spiritus
521 731 625 798 Sancti
650 734 818 820 gratiarum
836 734 997 823 plenitudo
1015 734 1117 802 omnis
1134 736 1165 801 in
1183 749 1324 806 naturam

138 855 208 920 cius
235 853 401 922 humanam
437 875 495 944 per
522 856 668 922 unionem
705 856 943 946 hypostaticam¹
973 858 1031 925 luit
1058 858 1167 925 offusa.
1198 859 1246 926 Ex
1273 859 1323 928 his

136 978 245 1064 gratiis
261 996 322 1044 una
339 988 404 1044 erat
419 981 522 1044 virtus
545 981 703 1062 patrandi
718 983 898 1065 miracula,
919 980 1003 1069 quod
1020 980 1146 1071 quidem
1163 981 1326 1051 Charisma

139 1103 171 1168 in
187 1114 363 1190 antegressa
379 1102 516 1171 dictione
538 1103 684 1192 (Spiritu
707 1105 854 1195 Sancto),
879 1116 911 1173 nt
929 1107 959 1173 in
975 1128 1032 1172 arro
1053 1129 1179 1192 penore)
1198 1107 1260 1175 iarn
1277 1108 1325 1174 in-

139 1225 283 1306 clusum,
301 1226 463 1315 speciatim
480 1225 533 1293 hic
550 1237 759 1307 memoratur,
779 1230 852 1317 qnia
875 1249 933 1318 per
957 1229 1038 1297 edita
1062 1230 1212 1297 miracula
1237 1232 1326 1297 lesus

139 1348 277 1416 divinam
300 1370 389 1417 suam
413 1351 594 1418 missionem
618 1352 816 1440 potissimum
834 1352 1029 1441 probaverat.
1047 1353 1141 1439 Quod
1157 1373 1231 1420 vero
1248 1352 1326 1420 dici·

139 1476 325 1541 tueraus
348 1478 597 1559 cariciacum,
620 1474 652 1542 id
675 1496 745 1543 eum
769 1497 894 1543 sensum
920 1476 1032 1558 habet,
1058 1487 1093 1543 ut
1118 1498 1175 1567 pro
1201 1497 1238 1544 ao
1262 1477 1324 1545 dici

134 1599 316 1687 potuisset:
336 1599 544 1665 sanctissimo
571 1599 715 1664 Trinitas
736 1603 831 1665 uuarit
846 1601 975 1683 Iasum;
994 1598 1066 1689 quia
1093 1600 1232 1689 operatio
1253 1600 1324 1680 illa,

141 1741 203 1810 qua
214 1722 274 1788 Dci
293 1721 393 1788 Filius
409 1720 576 1788 humanam
592 1721 762 1810 assumpsit
778 1732 936 1798 naturam,
955 1719 1054 1788 tribus
1071 1721 1219 1788 Personis
1237 1741 1327 1788 sano·

140 1843 279 1911 tissimac
302 1843 464 1910 Trinitatis
480 1843 656 1910 communis
673 1853 737 1923 cst,
755 1853 789 1908 ut
811 1853 914 1909 cetera
939 1861 1033 1930 opera
1057 1844 1098 1907 od
1121 1853 1232 1923 autru-
1248 1862 1328 1930 quac

142 1971 251 2033 omnio
277 1980 353 2034 suut
379 1990 399 2033 a
430 1970 529 2033 Putre
554 1989 614 2052 per
641 1968 761 2032 Filium
790 1969 824 2030 in
852 1965 983 2049 Spiritu
1010 1966 1142 2046 Sancto,
1172 1977 1206 2032 ιιι
1237 1965 1328 2033 docet

142 2091 175 2157 S.
191 2088 330 2176 cyrillus
354 2089 602 2171 Alexandrinus,
628 2088 758 2176 Dialogo
780 2090 825 2157 Vl
848 2087 887 2155 de
907 2087 1071 2154 Trinitate.
1090 2087 1241 2176 Adeoque
1257 2110 1327 2157 roc·

144 2213 264 2281 tissima
287 2214 379 2280 etiam
402 2213 464 2281 dici
491 2225 610 2303 potest,
636 2215 695 2280 Dei
721 2213 835 2280 Filium
860 2213 964 2301 ipsum
987 2232 1021 2278 se
1044 2215 1174 2277 uouisse
1196 2213 1329 2297 Spiritu

143 2339 282 2420 Sancto,
297 2337 363 2419 vel,
381 2350 415 2406 ιιι
438 2359 510 2406 cum
527 2340 561 2406 S.
589 2336 707 2425 Cyrillo
729 2337 839 2426 (ibid.)
858 2336 1035 2425 loquamur,
1055 2341 1227 2421 proprium
1251 2350 1329 2405 teru-

141 2466 234 2546 plum
249 2466 379 2529 uuriaae
403 2485 459 2528 auo
480 2463 634 2548 Spiritar.
651 2459 783 2548 Quando
798 2479 872 2525 vero
899 2462 1002 2526 lesum
1024 2459 1184 2529 Christum
1200 2462 1328 2529 conlite-

144 2606 216 2654 mur
239 2599 421 2670 conceptum
444 2590 482 2652 de
497 2587 626 2671 Spiritu
649 2587 783 2668 Souoto,
802 2584 872 2651 aliis
890 2583 994 2651 verbis
1011 2584 1167 2652 dicimus:
1186 2585 1329 2668 Spiritus

142 2710 280 2775 Sanctus
300 2711 408 2775 Iesum
433 2714 538 2777 tinuit.
567 2740 580 2770 «
603 2708 751 2798 Operatio
776 2707 848 2786 illa,
866 2706 968 2794 inquit
989 2706 1161 2786 Petavius⁸‚
1185 2727 1245 2796 qua
1267 2707 1327 2773 Dei

142 2833 243 2900 Filius
272 2833 438 2902 humanam
467 2835 525 2902 sibi
556 2847 697 2902 naturam
720 2832 879 2909 adiunxit,
902 2831 959 2897 etsi
987 2831 1135 2896 Personis
1159 2830 1262 2919 reipsa
1289 2831 1330 2897 sit

176 3047 196 3113 ¹)
214 3047 281 3099 Cum
298 3048 368 3099 lesus
380 3047 499 3099 Christus
511 3061 526 3099 a
538 3049 635 3101 loanna
645 3048 714 3114 bap·
759 3046 873 3097 deridunt
882 3043 1005 3094 contritis
1016 3043 1106 3107 corda,
1116 3043 1329 3108 praedicundum

143 3129 279 3192 tizarctur,
291 3128 406 3194 Spiritus
422 3129 535 3181 Sanctus
545 3129 715 3195 adspectabili
759 3129 873 3194 rapticio
901 3127 1110 3194 indrclpentiunu
1137 3131 1187 3179 etc.
1214 3127 1254 3180 Gi.
1278 3128 1328 3179 lsa.

141 3212 230 3278 specio
241 3213 269 3262 in
283 3212 357 3264 illurn
366 3212 510 3264 descendit.
522 3213 575 3265 Hoc
586 3226 648 3265 vero
661 3226 715 3265 non
760 3212 822 3278 Cap.
837 3211 894 3262 LXl
907 3225 913 3261 :
930 3210 1003 3260 t—3.
1018 3229 1030 3256 a

143 3295 373 3358 ideoiactumest,
386 3296 715 3362 quodroctoanimadvar-
794 3355 803 3384 ¹
1103 3347 1111 3368 ρ
1297 3351 1304 3369 1

143 3379 176 3430 tit
199 3378 282 3429 Lucas
305 3378 446 3442 Brugensis
471 3379 512 3445 (ad
535 3379 627 3433 Mattb.
650 3380 713 3445 Cap.
806 3345 930 3418 JKW
967 3368 1058 3437 φυσιν
1097 3370 1181 3436 “7²⁰5
1215 3370 1256 3409 ων
1288 3372 1329 3421 ως

142 3461 179 3512 ill
190 3474 196 3508 :
209 3459 260 3526 tc),
275 3464 304 3512 ut
315 3463 617 3527 monstrareturr'rupleri
629 3463 715 3514 lesum
762 3430 851 3513 Θῑθςι
866 3436 1004 3525 ἧγῑαζῑῖθ
1017 3438 1090 3500 καθθ
1102 3439 1270 3526 ἄνθρωπος’
1284 3462 1327 3523 τῳ

143 3543 246 3608 Spiritu
264 3542 359 3594 Sancto
373 3543 424 3608 (oui
437 3558 452 3595 a
464 3545 549 3610 primo
561 3544 715 3612 adsumptae
763 3519 831 3610 ῑδιῳ
854 3549 1004 3612 aucupari
1032 3549 1082 3590 τον
1107 3551 1214 3591 atteror
1239 3553 1329 3602 αυΐθς

141 3624 276 3676 humanae
304 3629 415 3677 naturae
444 3631 576 3679 momento
599 3642 654 3678 oon
679 3629 715 3679 od
761 3638 935 3706 καταχριων
953 3639 1035 3680 aaron.
1052 3633 1330 3686 lnaamdemsonten·

141 3719 298 3756 mensuram
323 3705 452 3771 Spiritum
481 3708 558 3759 Pater
587 3708 713 3775 dederat),
762 3705 824 3755 tiam
849 3707 953 3771 scripsit
977 3706 1004 3758 S.
1028 3707 1099 3758 loan.
1126 3708 1328 3760 Damasoanus:

141 3787 190 3838 sed
219 3790 250 3839 ut
278 3788 462 3840 ostenderetur
491 3789 591 3855 Spiritu
621 3790 717 3843 Sancto
764 3769 863 3847 Ath
880 3796 953 3863 γαρ,
971 3771 1194 3854 inquit,iuarov
1212 3798 1326 3866 εχρισε·

139 3869 239 3935 plenus
261 3883 324 3920 essa
350 3870 415 3921 Cum
440 3871 511 3921 enim
534 3871 661 3923 hactenus
689 3887 717 3925 se
763 3885 860 3951 χριων
886 3886 940 3949 μεν
963 3863 1002 3936 ὡς
1019 3862 1095 3939 Θεος
1119 3890 1153 3928 ro
1177 3890 1270 3952 corpu
1294 3891 1330 3954 τῃ

144 3953 217 4004 domi
240 3955 375 4018 tamquam
396 3955 515 4019 privatus
533 3955 610 4006 bomo
628 3957 717 4007 conti-
763 3953 877 4027 Θεοτητι
902 3955 1008 4016 αὐτου·
1043 3977 1202 4045 χριομενος
1231 3953 1263 4020 ds
1291 3961 1331 4030 ὡς

145 4037 427 4098 nuissct‚nunooum
445 4038 629 4103 producendus
647 4043 717 4090 esta
764 4045 929 4134 αιθρωπος·
950 4069 1039 4118 αυτος
1058 4069 1118 4200 ἔαρ
1148 4070 1213 4110 εστι
1242 4070 1330 4109 τουτο

143 4118 223 4169 Patra
251 4117 284 4169 ad
313 4121 500 4183 praestandum
535 4121 716 4187 itadamptoris
763 4157 893 4199 mmo·
920 4135 1030 4224 xpmJ
1078 4139 1132 4212 εὴ
1161 4139 1259 4211 emp
1280 4161 1331 4211 της

144 4206 244 4252 munus
255 4241 262 4263 ,
274 4199 424 4263 huiusmodi
436 4203 511 4268 signo
529 4203 643 4256 declarat
655 4218 716 4256 eum
786 4199 791 4216 ¹

145 4285 233 4346 Pater,
250 4284 370 4336 Messium
387 4285 461 4336 illum
478 4300 533 4339 esso
545 4326 550 4348 ‚
563 4301 642 4353 quern
654 4288 716 4340 olim

145 4370 202 4434 ipso
213 4369 383 4434 promiserat,
397 4375 506 4422 unctum
518 4371 618 4423 affatim
630 4373 717 4423 omni·
795 4377 814 4440 Ιςι
831 4377 868 4428 De
894 4377 1076 4430 incarnatione
1102 4377 1159 4429 Lib.
1187 4379 1240 4442 xi,
1268 4379 1330 4444 Cap.

145 4450 197 4502 bus
217 4449 334 4517 Spiritus
353 4451 442 4504 Sancti
462 4453 583 4517 dotibus,
606 4453 639 4505 ad
659 4468 716 4504 me-
762 4455 839 4508 vin:
855 4459 880 4509 a.

762 4226 1000 4315 ανθρωποτητος.
