3074 5054
489 391 625 458 CAPUT
660 392 773 470 XXV,
812 392 933 461 VERS.
976 395 1073 461 1-8.
1306 398 1370 466 did

187 584 235 649 Ex
251 581 342 650 dietis
359 581 450 663 infra,
466 602 512 648 vs.
530 584 584 660 15,
601 584 656 664 id,
671 582 781 671 liquet,
796 581 926 650 ludaeos
940 586 1036 668 prius
1050 584 1197 672 petivisse
1211 597 1245 654 ut
1258 589 1369 655 Festus

187 706 316 774 Paulum
334 705 509 787 damnaret,
524 704 610 773 nullo
626 704 728 773 denuo
741 705 881 773 instituto
899 705 1027 774 iudicio.
1048 745 1093 756 —
1109 707 1207 783 Ὀπως
1226 708 1371 777 hocloco

185 830 314 898 inservit
330 829 510 920 Periphrasi
528 833 707 915 infinitivi,
726 839 760 897 ut
777 833 824 892 isa
841 849 950 920 supra,
968 831 1044 920 Cap.
1064 832 1145 898 ΧΙΧ
1161 857 1169 898 :
1188 833 1221 901 d.
1232 871 1276 881 —
1292 834 1369 900 Par-

187 955 327 1045 tieipium
361 979 514 1031 ποιουντες
548 956 586 1024 ad
621 955 747 1023 modum
780 956 996 1044 Appositionis
1028 956 1166 1044 iungitur
1197 956 1368 1046 Partioipio

185 1101 374 1165 αιτουμενοι,
390 1090 557 1169 utrumque
569 1091 670 1148 autem
685 1079 798 1169 pendet
813 1100 830 1147 a
844 1080 939 1148 verbo
954 1080 1056 1148 Finito
1074 1078 1279 1171 aapraaiaar.

228 1327 331 1394 4-5.
360 1328 475 1394 Festus
501 1336 605 1393 autem
635 1328 814 1410 respondit,
846 1329 934 1411 eto).
965 1326 1077 1392 Festus
1104 1337 1207 1394 antem
1236 1328 1367 1395 istorum

185 1451 324 1540 petitioni
346 1472 406 1519 non
434 1452 557 1532 annuit,
582 1448 823 1539 responditque,
850 1450 1010 1515 asservari
1032 1449 1171 1515 Paetum
1197 1451 1368 1518 Caesareae

183 1577 352 1665 (τηρεισθαι
367 1599 419 1640 τον
438 1573 565 1639 Παυλον
585 1598 614 1640 εν
635 1575 843 1666 Καισαρειᾳ),
862 1571 969 1660 ibique
989 1592 1188 1652 mansurum,
1213 1594 1247 1640 se
1263 1585 1365 1642 autem

183 1698 268 1766 brevi
295 1699 368 1767 illue
385 1719 454 1767 esse
474 1699 703 1789 proiectururn3
723 1719 830 1764 secam
845 1693 1116 1786 (suprasedente)
1130 1701 1268 1782 proinde
1283 1698 1366 1788 (aar)

183 1823 364 1889 Caesaream
382 1825 604 1889 descenderent
619 1821 671 1910 qui
691 1823 778 1887 inter
792 1841 842 1886 eos
858 1816 899 1900 (ev
917 1817 1000 1905 iper)
1017 1823 1204 1887 erectoritote
1217 1833 1366 1905 praesto-

183 1941 479 2026 receptissima),
498 1955 590 2034 atque
615 1943 657 2011 ibi
683 1943 813 2011 Paulum
842 1951 1040 2019 accusarent,
1070 1941 1097 2009 si
1126 1941 1200 2031 quid
1224 1943 1365 2010 criminis

183 2078 263 2136 esset
276 2069 307 2134 in
321 2067 383 2136 hoo
394 2069 474 2136 viro.

194 2310 197 2316 ’
227 2319 259 2383 6.
289 2317 474 2381 Demaratus
496 2327 618 2398 antem,
643 2322 729 2404 eto).
755 2313 860 2398 Pergit
878 2313 978 2378 Luras
1002 2313 1243 2378 :Commoratus
1260 2321 1360 2379 autern

180 2445 265 2507 inter
279 2448 332 2532 (εν)
349 2441 649 2528 Hierosolymitanos
673 2439 739 2506 dies
762 2440 954 2521 receptores
977 2458 1072 2522 qaam
1095 2448 1162 2502 octo
1177 2448 1234 2503 out
1257 2439 1361 2504 decem

180 2563 230 2652 (aa
246 2561 367 2638 πλειους
382 2587 491 2636 aaron
507 2558 623 2652 darm),
641 2565 752 2630 Festus
769 2561 950 2627 Caesaream
966 2558 1142 2639 deseendit,
1161 2570 1191 2624 et
1204 2561 1362 2642 postridie

180 2687 231 2778 (ap
248 2709 389 2777 sareptae
405 2688 474 2754 soil.
492 2688 601 2776 ἡμερᾳ)
618 2685 697 2753 sedit
711 2705 772 2769 pro
790 2684 860 2767 (επι)
879 2681 1042 2763 tribunali,
1060 2681 1213 2769 iussitque
1229 2681 1360 2749 Paulum

180 2807 304 2875 adduci.
323 2846 367 2855 -
391 2808 536 2888 «Erant,
561 2807 661 2895 inquit
683 2803 812 2874 Grotius
828 2801 878 2886 (ad
897 2801 929 2869 h.
953 2801 991 2886 l.)
1014 2805 1149 2890 quaeda
1168 2806 1267 2888 plano
1292 2802 1359 2870 fieri

181 2941 340 3020 poterant,
358 2929 475 2996 maiora
497 2949 558 2996 non
576 2929 634 2995 nisi
651 2949 711 3012 pro
729 2928 894 2994 tribunati.
915 2927 999 2991 llaec
1016 2926 1098 2992 enim
1115 2925 1195 2992 inter
1213 2946 1247 2994 se
1263 2946 1361 3016 oppo-

181 3064 296 3119 nuntur
318 3050 401 3142 apud
424 3052 624 3133 Suetonium,
650 3050 780 3118 Paulum
804 3061 834 3116 et
860 3049 1077 3138 Papinianum.
1105 3077 1118 3107 »
1156 3051 1204 3118 De
1232 3050 1358 3138 Syntaxi

179 3172 299 3251 πλειους
317 3173 485 3264 (atracias)
501 3200 598 3254 οκτω,
617 3175 687 3243 vide
702 3175 740 3243 ud
754 3175 831 3263 Cap.
847 3174 892 3242 lV
912 3198 920 3241 ι
939 3175 994 3240 22.

223 3419 324 3485 7-8.
354 3418 418 3498 Qat
432 3440 530 3504 quum
540 3422 712 3503 perductas
725 3430 814 3486 esset.
834 3420 922 3503 ete).
945 3418 1052 3498 Quum
1067 3428 1168 3485 autem
1185 3420 1359 3484 aduenisset

177 3544 451 3636 (rapaysropareu.
482 3547 631 3635 Partioip.
658 3547 735 3613 Aur.
766 3547 799 3612 2.
830 3545 941 3626 Meda,
971 3548 1122 3611 stiterunt
1147 3567 1211 3612 sese
1238 3548 1359 3612 ciream

177 3666 405 3758 (περιεστησαν.
435 3675 512 3736 Aor.
542 3673 572 3736 i.
605 3669 673 3736 vide
695 3669 733 3737 ad
756 3671 833 3757 Cap.
853 3671 890 3736 l:
915 3667 951 3757 ὅ)
979 3688 1050 3735 euin
1078 3679 1274 3736 accusatores
1304 3671 1356 3758 qui

177 3790 397 3878 Hierosolyma
428 3793 609 3859 Caesaream
642 3791 866 3859 descenderant
897 3790 1021 3871 ludaei,
1054 3792 1217 3859 afferentes
1248 3805 1359 3859 eontra

177 3916 317 3980 Pettium
342 3919 436 3999 (κατα
452 3939 505 3979 του
522 3913 666 4001 ssaviae)
685 3917 795 3984 multas
811 3937 846 3983 uu
867 3935 975 4003 graves
993 3919 1231 3983 criminationes
1244 3917 1356 4000 (αιτιω-

177 4034 287 4124 ματα),
307 4059 383 4126 quas
400 4038 532 4128 probare
549 4060 610 4106 non
624 4039 780 4122 valebant,
799 4062 896 4126 quam
914 4043 967 4107 itte
984 4044 1131 4125 opotopid
1146 4044 1205 4107 sad
1221 4040 1358 4128 efficeret

177 4181 326 4190 1——

209 4267 228 4330 ¹)
240 4267 384 4318 Veneror.
394 4268 442 4320 Pro
454 4276 489 4316 eu
503 4249 623 4326 πλειους
635 4275 652 4324 η
666 4275 743 4315 οκτω
789 4266 925 4319 nonnullis
941 4269 1058 4335 antiquis
1077 4269 1250 4322 versionibus.
1269 4269 1357 4335 Atque

176 4356 272 4420 tegitur
289 4366 324 4406 ou
341 4340 460 4417 πλειους
482 4367 559 4407 οκτω
580 4368 596 4416 η
620 4338 692 4406 deaei
715 4355 741 4405 in
788 4358 852 4410 haec
863 4358 1036 4426 leotio‚quam
1049 4361 1076 4411 et
1087 4360 1198 4424 Vulgata
1209 4364 1297 4413 nostra
1311 4375 1354 4414 re-

176 4439 255 4491 Codd.
279 4440 341 4493 tec
363 4440 503 4506 multisque
525 4441 693 4504 minusculis,
715 4445 741 4493 et
786 4440 847 4504 iert,
858 4442 951 4496 ceteris
961 4441 1115 4497 auctoritate
1129 4445 1251 4511 praestat.
1319 4485 1320 4491 ,
