3074 5054
185 376 248 442 ldd
535 372 669 442 ACTUS
699 370 1032 453 apostotorum,

183 575 213 629 et
229 562 393 633 Theudam
415 584 507 632 suum
527 565 623 632 luisse
646 565 746 654 eapite
769 564 1005 643 obtruncatum,
1020 574 1049 629 et
1072 583 1111 630 ex
1131 563 1200 630 eius
1219 560 1363 650 sequaci-

183 688 241 756 bus
257 686 366 756 eodem
384 700 523 776 tempore
539 689 659 756 oeeisos
680 688 776 756 fuisse
798 689 928 765 multos,
944 689 1120 777 multosque
1136 687 1222 754 viros
1239 697 1359 775 oaptos.

182 813 229 878 En
253 813 320 879 eius
342 812 449 880 verbe.
478 808 617 877 «Φαὸου
638 809 671 876 de
692 837 744 888 της
765 810 908 890 loedoriae
936 835 1196 906 επιτροπευοντος,
1221 833 1292 900 yeme
1319 834 1363 882 τις

182 957 276 1026 ανηρ,
306 931 426 1012 (deodate
453 960 597 1023 ονοματι,
621 937 712 1002 πειθει
739 962 790 1003 τον
818 937 910 1026 οχλον
938 935 1135 1025 αναλαβοντα
1162 961 1217 1011 τας
1243 957 1363 1008 κτησεις

181 1055 302 1122 ἕπεσθαι
321 1081 394 1151 προς
409 1082 459 1123 τον
475 1055 618 1149 lopdoornr
635 1083 773 1147 ποταμον
790 1084 886 1147 aurp·
906 1083 1058 1151 προφητης
1076 1082 1133 1149 γαρ
1154 1056 1251 1148 ελεγεν
1268 1079 1360 1132 errore,

181 1206 232 1245 και
256 1204 471 1274 προσταγματι
498 1205 549 1247 τον
573 1207 711 1270 seraper
736 1208 868 1271 σχισας,
894 1181 995 1249 diodor
1022 1207 1076 1276 εφη
1100 1179 1235 1275 repedent
1258 1204 1363 1253 αυτοις

181 1301 494 1397 pedemontanam
517 1305 612 1398 beyron
635 1304 766 1383 πολλους
786 1331 950 1383 maeander.
975 1307 1022 1371 Ου
1040 1329 1098 1394 μην
1125 1328 1223 1370 trader
1251 1327 1361 1378 αυτους

180 1453 232 1505 της
247 1453 418 1523 αφροσυνης
430 1431 555 1495 eruebat
571 1427 683 1510 Φαδος,
698 1429 767 1495 αλλ’
783 1429 944 1520 εξεπεμψεν
963 1430 1028 1507 einr
1046 1435 1156 1496 irrrreerr
1173 1435 1218 1495 err'
1235 1425 1359 1507 αυτους,

179 1553 244 1629 ἡτις
266 1551 397 1629 πολλους
418 1551 517 1618 everte
539 1578 591 1618 και
613 1557 777 1645 εζωγρησεν
799 1552 829 1629 εξ
848 1578 960 1619 aureo·
986 1578 1077 1619 error
1099 1578 1130 1618 τε
1157 1576 1206 1617 τον
1236 1548 1360 1617 &seder

178 1683 399 1771 ζωγρησαντες,
426 1701 631 1765 αποτεμνουσι
655 1701 706 1754 την
731 1676 863 1770 κεφαλην
887 1704 939 1742 και
960 1682 1137 1766 repriorere
1164 1700 1205 1752 εις
1229 1677 1358 1766 Ἱεροσο-

177 1801 273 1891 λυμα.
292 1831 306 1863 ι
328 1807 360 1869 b.
380 1826 408 1871 e.
427 1803 534 1872 Phado
550 1814 653 1872 autem
670 1803 814 1872 Iudaeam
831 1815 1033 1894 procurante,
1052 1803 1267 1892 praestigiator
1284 1802 1356 1891 qui·

178 1925 266 2008 dam,
281 1928 406 1996 nomine
422 1927 586 2005 Theudae,
601 1929 717 2016 ingenti
734 1927 895 1996 hominum
912 1927 1101 1996 multitudini
1119 1927 1294 2016 persuasit,
1309 1936 1357 2005 ut,

178 2050 342 2140 asportatis
359 2050 489 2140 opibus,
507 2051 617 2119 duoem
634 2071 668 2118 se
688 2051 727 2118 ad
743 2052 906 2120 Iordanem
925 2071 1024 2140 usque
1041 2051 1170 2119 fluvium
1187 2070 1357 2140 sequeren-

178 2183 240 2239 tur.
270 2173 395 2262 Quippe
417 2193 451 2240 se
474 2172 657 2262 prophetam
678 2194 748 2259 esse
771 2174 889 2256 aiebat,
916 2173 1120 2265 diremtisque
1142 2174 1275 2263 imperio
1299 2194 1358 2240 suo

177 2294 267 2384 equis
289 2294 446 2378 fluminis,
471 2294 594 2364 laoilem
616 2317 651 2364 se
678 2298 841 2366 transitum
865 2297 942 2386 ipsis
970 2298 1190 2387 praestiturum
1215 2297 1357 2378 dicebat,

177 2431 207 2486 et
231 2418 408 2489 huiusmodi
429 2421 626 2489 sermonibus
649 2423 802 2511 plurimos
818 2423 952 2513 decepit.
979 2425 1047 2492 Non
1065 2435 1164 2490 tamen
1182 2442 1293 2512 passus
1310 2433 1358 2490 est
1393 2430 1395 2434 ‘

176 2540 302 2611 Phadus
318 2544 488 2635 quidquam
501 2567 539 2614 ex
551 2567 606 2614 sua
622 2549 746 2616 vesania
761 2549 927 2640 eonseqni;
947 2548 1002 2616 sed
1018 2548 1121 2615 emisit
1135 2547 1284 2615 adversus
1300 2566 1356 2613 eos

177 2665 317 2754 equitum
332 2652 485 2750 turmam,
505 2690 602 2759 quae,
617 2691 656 2737 ex
672 2672 841 2761 improviso
861 2672 931 2740 illos
947 2672 1072 2752 adorta,
1090 2670 1204 2738 multos
1221 2669 1354 2750 oceidit,

176 2790 352 2879 multosque
366 2793 453 2860 rivos
469 2793 717 2883 comprehendit.
729 2797 813 2884 rlpse
828 2796 920 2863 etiam
938 2795 1084 2862 Theudas
1100 2794 1139 2862 ab
1156 2794 1267 2862 iisdem
1283 2814 1356 2882 eap-

176 2923 226 2979 tus
241 2923 307 2994 est,
332 2915 462 3004 eiusque
484 2926 577 3004 eaput
599 2916 798 3006 praecidunt,
817 2928 847 2984 et
862 2919 1112 3007 Hierosolymam
1137 2919 1346 3007 deportant.»

177 3037 264 3105 Flav.
282 3038 409 3127 loseph.
428 3041 559 3131 Antiqq.
577 3040 649 3109 Lib.
667 3043 748 3121 XX,
767 3042 844 3131 cap.
863 3044 916 3113 V:
938 3047 968 3111 l.

222 3278 278 3344 57.
297 3276 375 3343 Post
389 3279 473 3343 boore
493 3282 614 3346 restitit
635 3282 738 3348 ludos
762 3278 952 3367 Galilaeae).
970 3278 1159 3347 Seditionem
1183 3275 1262 3344 hano
1284 3276 1356 3344 Fla-

176 3399 245 3467 rius
269 3399 422 3488 Iosephus
445 3414 595 3470 memorat
609 3405 739 3490 Antiqp.
759 3404 830 3472 Lib.
848 3405 970 3473 XVlll.
989 3404 1066 3491 Cap.
1086 3405 1123 3468 1:
1144 3404 1176 3482 l,
1194 3411 1224 3468 et
1241 3401 1354 3468 iterum

176 3525 215 3588 de
230 3525 319 3590 Bello
339 3525 489 3609 Iudaico,
509 3526 580 3593 Lib.
599 3528 641 3593 lt.
661 3528 737 3616 Cap.
757 3529 833 3596 Vlll
854 3553 862 3594 :
884 3531 914 3596 l.
930 3527 977 3595 Ad
1001 3525 1161 3594 meliorem
1185 3524 1354 3592 verborum

177 3649 356 3718 Gamalielis
380 3649 628 3738 intelligentiam,
655 3671 768 3740 operae
792 3653 924 3741 pretium
949 3652 1049 3732 dueo,
1074 3663 1242 3738 utrumque
1264 3649 1354 3716 illum

176 3773 273 3841 Flauii
291 3775 391 3842 loeum
408 3773 461 3842 hie
476 3776 600 3843 afferre.
619 3776 658 3842 Et
681 3776 712 3842 in
735 3776 832 3864 priori
857 3776 982 3864 quidem
1003 3776 1071 3843 loeo
1088 3773 1165 3842 baee
1180 3772 1324 3861 leguntur
1343 3792 1351 3834 ε

175 3893 283 3972 lordag
307 3893 340 3962 de
362 3895 545 3973 Γαυλονιτης
568 3922 660 3991 erup,
685 3923 717 3963 εκ
739 3898 853 3975 πολεως
879 3923 975 3986 ονομα
1003 3896 1155 3985 Γαμαλα,
1178 3893 1355 3962 Σαδδουκον

176 4020 344 4110 ‘Imperator
373 4018 703 4113 προσλαμβανομενος,
718 4048 854 4116 ηπειγετο
877 4047 924 4088 επι
948 4046 1134 4101 αποστασει,
1152 4046 1203 4096 την
1225 4045 1256 4085 τε
1278 4045 1354 4085 απο-

176 4166 298 4231 rupinum
319 4139 404 4209 order
427 4141 504 4208 ello
524 4168 542 4219 η
563 4169 704 4237 αντικρυς
729 4144 866 4212 deriderem
888 4170 1031 4238 επιφερειν
1061 4144 1210 4237 leporem,
1229 4169 1279 4207 και
1301 4169 1354 4219 της

175 4265 341 4358 ελευθεριας
363 4272 407 4333 επ’
424 4265 578 4356 αντιληψει
601 4267 847 4363 παρακαλουντες
868 4293 902 4334 το
923 4271 1012 4344 ebroe.
1032 4269 1066 4335 b.
1084 4291 1110 4336 e.
1137 4266 1260 4335 «ludas
1276 4286 1352 4333 vero

175 4390 372 4470 Gemonios,
391 4404 478 4459 ortus
500 4412 539 4458 ex
563 4393 678 4482 oppido
696 4395 851 4475 Gamalis,
869 4393 1011 4461 Saddueo
1027 4391 1196 4459 Pharisaeo
1208 4390 1209 4393 ’
1221 4389 1280 4458 sibi
1297 4389 1352 4458 ad-
