3074 5054
180 386 247 454 toa
526 384 660 451 ACTUS
703 382 1042 466 APOSTOLORUM,

227 576 371 643 ll-li.
387 576 586 657 Nooipontes
598 585 704 640 nutem
719 598 738 640 a
752 576 892 657 Troade,
912 573 1002 661 etc).
1021 577 1136 661 Itaque
1152 582 1228 665 (oon)
1241 578 1367 647 Troade

177 702 319 782 proceni
338 698 550 784 (αναχθεντες),
575 709 659 764 recto
684 720 780 764 cursu
802 701 1007 781 pervenimus
1024 696 1306 788 (eodndpopnoapen
1323 725 1365 778 εις

55 843 57 846 ’
178 822 295 890 dictum
319 835 366 890 est
387 833 604 907 praepnonter
627 842 684 911 pro
706 818 981 914 ευθυδρομησαντες
1002 820 1149 910 ηλθομεν,
1170 836 1203 893 ut
1219 837 1266 893 est
1282 828 1363 916 Cap.

177 948 257 1014 XXl
284 973 291 1014 :
320 948 355 1036 l)
374 946 413 1013 ad
437 947 566 1013 insulam
595 945 860 1027 Samothraciam,
888 957 918 1011 et
941 958 1067 1031 postero
1091 950 1140 1013 die
1165 949 1213 1036 (τῃ
1236 972 1364 1040 επιουσῃ

177 1069 248 1136 soil.
269 1069 383 1159 ἡμερᾳ,
409 1068 447 1136 ah
471 1093 570 1156 επειμι
589 1066 737 1154 aduenio)
760 1069 941 1157 Neapolim,
967 1080 1059 1159 atque
1084 1070 1156 1137 inde
1178 1070 1361 1161 Philippos.

177 1196 396 1284 -Neapolis,
416 1195 490 1263 urhs
514 1188 672 1263 succincta
698 1206 810 1284 portu,
830 1195 887 1262 sita
905 1198 1016 1264 eratin
1041 1197 1195 1265 Thraciae
1211 1210 1241 1264 et
1257 1203 1364 1268 Mace·

177 1319 288 1386 daniae
315 1319 468 1400 confinio,
494 1339 554 1385 non
579 1319 659 1386 ultra
682 1320 746 1386 ΧΙΙ
776 1319 871 1387 millia
900 1340 1048 1409 passuum
1076 1321 1193 1389 distans
1216 1323 1256 1390 ah
1284 1324 1363 1392 ttrhe

175 1442 350 1532 Philippis,
371 1463 449 1531 quae
466 1443 634 1510 introrsum
661 1442 789 1510 iacebat.
809 1480 853 1491 —-
870 1444 918 1509 De
943 1442 1097 1533 Philippis
1114 1444 1230 1513 videsis
1248 1447 1362 1513 Prole-

174 1589 306 1651 pomena
324 1555 428 1635 noslra
445 1565 478 1656 (S
497 1564 530 1652 l)
547 1570 584 1633 in
600 1569 780 1650 Epistolam
797 1569 838 1632 ad
856 1570 1090 1652 Philippenses.

220 1712 300 1777 patae
316 1689 486 1780 (Philippi)
504 1701 550 1756 est
564 1692 675 1774 prima
691 1693 794 1774 partis
811 1691 1020 1756 Macedoniae
1037 1694 1151 1757 ciuitas
1159 1743 1171 1776 ,
1202 1696 1359 1780 colonia).

177 1815 260 1884 Urbs
277 1813 423 1902 Neapolis
449 1833 485 1880 eo
508 1812 611 1881 adhue
637 1814 775 1902 tempore
799 1812 837 1880 ad
860 1812 1026 1880 Thraciam
1045 1815 1235 1902 pertinebat,
1255 1827 1285 1883 et
1301 1815 1360 1883 suh

176 1939 369 2028 Vespasiano
393 1936 517 2005 demum
546 1937 697 2004 recensita
725 1936 784 2004 iuit
807 1936 887 2003 inter
915 1936 1010 2004 urbes
1034 1939 1246 2006 Macedoniae.
1277 1939 1360 2009 Vide

180 2064 306 2129 Wineri
327 2062 501 2127 Biblisohes
524 2061 823 2144 Roolwiirterhnch,
842 2060 880 2126 ad
903 2080 972 2128 voc.
999 2061 1163 2145 Neapolis.
1183 2062 1358 2131 Notandum

176 2205 271 2275 porro
294 2195 359 2262 est,
379 2195 479 2251 terrae
505 2195 636 2251 tractum
660 2182 766 2262 illum,
784 2181 838 2271 qui
864 2194 911 2249 est
927 2184 1007 2250 inter
1024 2183 1135 2250 fluvios
1159 2186 1356 2272 Strymonem

176 2321 205 2377 et
221 2310 470 2390 Nestum,antea
492 2307 646 2375 Thraciae
663 2319 801 2398 partem,
819 2306 967 2408 deinceps
983 2327 1000 2374 a
1017 2310 1101 2395 Rege
1117 2308 1266 2398 Philippo
1291 2313 1358 2378 Ma-

177 2432 324 2501 cedoniae
346 2432 442 2499 luisse
464 2428 627 2498 adiectam.
652 2429 775 2498 lacebat
791 2440 894 2498 autem
911 2431 941 2497 in
959 2429 1020 2498 hoc
1036 2442 1135 2498 terrae
1158 2443 1255 2499 tractu
1281 2433 1358 2501 urhs

176 2554 333 2644 Philippi,
356 2554 449 2642 idque
470 2553 511 2620 ita
536 2552 679 2642 quidem,
706 2564 739 2620 ut
760 2552 954 2621 venientibus
977 2577 992 2620 a
1017 2555 1166 2643 Neapoli,
1190 2566 1265 2622 tunc
1281 2567 1358 2623 tem·

176 2678 274 2766 poris,
293 2689 326 2744 ut
341 2677 497 2754 diximus,
515 2676 667 2744 Thraciae
684 2675 774 2757 urhe,
790 2675 926 2765 Philippi
944 2686 1049 2744 essent
1064 2677 1263 2745 Macedonica
1282 2679 1359 2747 urbs

172 2803 282 2884 prima
309 2798 435 2888 (πρωτη)
464 2797 528 2864 sive
556 2798 709 2885 proxima.
740 2796 789 2864 Cf.
821 2798 956 2864 Cellarii
985 2799 1083 2866 Notit.
1117 2800 1210 2866 Orbis
1242 2803 1356 2887 Antip.

175 2922 245 2989 tit.
264 2925 305 2999 h,
323 2923 399 3008 Cap.
419 2921 516 2999 ΧΙΙΙ,
536 2920 618 2987 Sect.
643 2922 706 3001 ΙΙΙ,
725 2920 743 3008 S
764 2921 819 2988 85.
846 2921 985 2988 Coniicio
1011 2933 1129 3002 autem,
1155 2922 1195 2990 oh
1218 2923 1359 2992 additum

174 3043 349 3112 Articulum
374 3041 440 3130 (της
466 3038 611 3132 popedon),
631 3041 697 3109 lieri
716 3045 867 3132 potuisse,
886 3055 920 3111 ut
937 3044 988 3110 ille
1006 3056 1107 3111 terrae
1132 3057 1266 3129 tractus,
1292 3049 1360 3116 hla-

174 3169 321 3236 oedoniae
337 3187 354 3232 a
368 3164 515 3255 Philippo
531 3166 687 3248 adiectuS,
708 3169 835 3256 proprio
853 3169 977 3235 nomine
990 3169 1093 3236 Lucae
1109 3180 1249 3259 tempore
1266 3191 1359 3240 voca·

175 3304 260 3361 retur
275 3294 293 3367 ἡ
311 3313 395 3381 papae
406 3315 458 3365 της
470 3285 671 3364 Macedoniae.
685 3293 819 3358 Tractus
832 3291 883 3358 hio
896 3295 1011 3382 passim
1026 3305 1152 3360 vocatur
1165 3296 1360 3364 Macedonia

175 3423 309 3486 adiecta.
339 3413 479 3505 Apostoli
504 3435 578 3502 ergo
601 3434 696 3502 quum
714 3435 753 3480 ex
769 3413 874 3482 divino
899 3417 1014 3484 monito
1033 3418 1064 3484 in
1081 3418 1296 3487 Macedoniam
1315 3422 1360 3487 ire

176 3541 377 3618 deberent,a
399 3536 546 3626 Neapoli,
573 3537 616 3603 ait
639 3538 757 3616 Lucas,
783 3537 906 3604 iverunt
929 3537 1111 3629 Philippos,
1134 3544 1251 3625 qnippe
1279 3565 1360 3628 qnae

175 3666 270 3759 (ἥτις)
291 3675 369 3732 osset
390 3666 501 3748 prima
520 3662 686 3752 (proxima)
708 3664 915 3728 Macedoniae
939 3667 1076 3731 adiectae
1101 3668 1233 3749 ciuitas,
1259 3686 1360 3758 eaque

175 3794 358 3860 calonin-
369 3787 422 3855 Sic
434 3798 464 3853 et
476 3785 595 3853 Plinius
610 3786 679 3854 tto.
691 3786 748 3865 tv,
764 3787 840 3874 Cap.
856 3788 901 3853 Xl
918 3812 926 3854 a
942 3790 1038 3854 intans
1053 3790 1207 3873 Philippi,
1221 3793 1358 3860 cotona.

175 3917 261 3982 Haec
278 3910 428 3980 heneticio
445 3910 585 3976 Caesaris
604 3910 731 3998 Augusti
749 3911 817 3976 iure
833 3910 940 3978 ltalioo
957 3909 1057 3978 iuerat
1072 3913 1194 3981 donata.
1209 3912 1259 3981 Cl.
1277 3916 1360 3982 Pro-

177 4039 334 4120 leponiena
350 4042 454 4099 nostra
477 4030 511 4118 (S
528 4035 562 4119 Ι)
587 4035 622 4097 in
639 4035 702 4115 Ep.
724 4036 766 4099 ad
782 4033 1019 4118 Philippenses.
1035 4074 1079 4085 -
1103 4035 1269 4126 Philippos
1285 4059 1360 4127 ergo

176 4180 247 4227 cum
277 4157 433 4224 venissent
459 4155 619 4243 Apostoli,
652 4177 708 4244 per
734 4157 853 4245 aliquot
880 4156 948 4225 dies
972 4158 1014 4226 ibi
1044 4171 1131 4227 erant
1158 4169 1361 4229 consistentes

184 4276 443 4373 (διατριβοντες),
472 4289 685 4367 exspectantes
715 4281 974 4371 opportunitatem
1004 4281 1168 4350 inchoandi
1200 4284 1358 4372 Evangelii

179 4404 452 4495 praedicationem.
