3074 5054
181 410 248 476 its
538 407 671 475 AGTUS
707 407 1043 489 APOSTOLORUM,

179 598 271 687 (τινες
287 597 318 677 εξ
334 599 450 689 αυτων)
462 601 653 683 persuaderi
667 601 729 665 sihi
750 603 841 684 passi
856 612 931 666 suut
955 601 1174 690 (επεισθησαν),
1194 611 1224 667 et
1242 601 1370 688 religio·

177 745 250 792 nem
275 726 407 815 professi
432 724 653 803 Christianam,
672 727 821 790 associari
836 736 912 791 saut
934 722 1250 817 (προσεκληρωθησαν)
1266 725 1369 794 Paulo

176 859 208 917 et
231 850 331 932 Silae;
351 861 381 917 et
398 851 640 934 Praselptarum
655 859 767 933 portae
785 852 855 932 (των
871 873 902 914 τε
919 845 1092 937 σεβομενων
1109 848 1274 924 ‘Elissam
1294 850 1368 919 vitle

175 974 215 1043 ad
238 976 315 1066 Gap.
343 978 422 1044 Xlll
442 1003 450 1044 ε
472 977 524 1060 16)
543 980 732 1062 persuaderi
754 979 816 1043 sihi
837 999 931 1063 passa
957 988 1004 1044 est
1025 977 1062 1067 (i.
1088 998 1117 1044 e.
1141 976 1288 1044 credidit.
1316 997 1369 1044 re-

177 1100 343 1187 petendum
371 1099 635 1179 astariacensis)
665 1119 773 1188 magna
801 1099 984 1180 multitudo,
1011 1109 1040 1165 et
1070 1099 1101 1165 in
1130 1099 1189 1167 hac
1216 1099 1368 1167 mulieres

177 1224 379 1314 (proselytae)
402 1226 490 1294 urhis
514 1226 679 1314 primariae
701 1246 762 1293 non
784 1214 913 1314 paucae.
932 1259 976 1273 -
997 1223 1175 1292 Secundum
1199 1223 1367 1292 lectionem

176 1348 326 1436 Vulgatae
342 1348 488 1417 dicuntur
501 1348 553 1414 hic
569 1347 777 1415 Christianam
799 1347 891 1415 fidem
908 1346 1042 1436 amplexi
1061 1349 1212 1413 anaaulli
1226 1348 1364 1431 Iudaei,

174 1474 271 1538 multi
283 1473 458 1557 Proselyti,
474 1475 569 1539 multi
582 1473 728 1557 Ethuici,
745 1484 774 1538 et
785 1475 937 1539 mulieres
952 1474 1131 1558 primariae
1146 1493 1211 1538 una
1226 1452 1364 1556 paracae.

219 1597 411 1670 Eustriacum
439 1594 515 1662 hor.
543 1597 631 1663 Pass.
658 1615 675 1662 a
699 1597 810 1675 πειθω,
836 1615 931 1663 sensu
955 1596 1079 1676 Medio,
1109 1606 1144 1662 nt
1171 1594 1253 1662 intra
1282 1596 1363 1684 Cap.

176 1721 319 1788 XXVlll
336 1740 344 1781 ε
364 1721 419 1788 ii.
439 1718 595 1810 videar.
611 1740 681 1809 pag.
700 1722 779 1788 266.
799 1721 832 1787 a.
848 1755 892 1768 -—·
909 1717 1116 1809 Προσκληροω
1134 1718 1270 1808 primum
1293 1718 1367 1806 qui-

175 1842 245 1912 dem
262 1852 346 1910 notat
361 1854 445 1909 sorte
460 1844 582 1926 adlepo,
598 1842 664 1909 sive
682 1853 765 1909 sorte
782 1845 896 1908 lectura
912 1845 1073 1926 adiuupm·
1091 1862 1164 1908 mox
1176 1861 1250 1908 vero
1268 1843 1365 1909 etiam

177 1967 362 2056 simpliciter
378 1969 529 2051 adiaapo,
548 1970 685 2050 associo,
704 1967 785 2032 utin
803 1966 864 2034 hoc
880 1965 1021 2034 Philonis
1039 1958 1099 2051 (D'e
1116 1966 1225 2033 Decnl.
1241 1988 1274 2055 p.
1297 1970 1366 2035 766

176 2090 259 2180 apud
287 2090 487 2158 Kuiuo'e'lium
506 2090 546 2158 ad
562 2089 595 2157 h.
616 2089 637 2156 l.
657 2113 664 2155 :
682 2113 758 2165 τινες
774 2112 811 2179 rp
835 2085 920 2181 ἑτερᾳ
946 2083 1044 2180 papeia
1069 2085 1367 2177 προσκληρωσαντες

176 2215 303 2293 αὐτους,
329 2209 434 2288 celcias
458 2238 509 2288 της
533 2209 633 2305 impar
658 2210 832 2302 altyapea,
859 2213 882 2279 i.
910 2232 939 2278 e.
965 2213 1048 2279 Staret
1072 2216 1127 2298 qui
1150 2214 1249 2278 alteri
1275 2217 1369 2296 parti

175 2344 315 2426 addicti,
342 2344 476 2408 alterata
499 2341 648 2405 videatur
672 2350 882 2405 contemnere.

223 2574 256 2640 i
283 2573 427 2637 Zelautes
456 2582 561 2637 autent
585 2570 701 2635 Iudaei
723 2578 994 2652 assumentesque,
1020 2575 1108 2658 cta).
1128 2568 1234 2636 ludaei
1259 2582 1364 2639 autam

175 2694 474 2762 Thessalonicenses
487 2691 659 2771 increduli,
674 2690 714 2758 oh
729 2690 815 2757 illum
833 2690 1060 2758 Christianismi
1079 2691 1255 2779 prolectam
1273 2714 1366 2782 prae-

176 2831 300 2910 postero
325 2839 382 2907 pra
407 2818 576 2886 lllasaismo
599 2819 666 2882 zelo
691 2818 813 2882 accensi
830 2813 1054 2899 (ζηλωσαντες),
1073 2828 1102 2883 et
1119 2820 1281 2885 adiunctis
1300 2821 1367 2886 sihi

174 2938 451 3033 (προσλαβομενοι,
469 2942 511 3024 bi
524 2943 596 3007 zich
617 2963 768 3026 pannucea
783 2940 949 3024 aetarnae)
967 2961 1006 3008 ex
1021 2944 1287 3026 circumforaneis
1304 2947 1365 3010 ali·

176 3078 250 3152 quot
266 3065 342 3156 (rav
359 3088 512 3157 ayopatao
529 3065 624 3147 τινας)
640 3068 722 3132 uiris
745 3067 858 3145 malis,
875 3067 1014 3132 laicalia
1037 3069 1170 3133 concitato
1188 3065 1365 3152 (opinatam-

179 3189 309 3273 σαντες),
327 3191 482 3258 civitatem
508 3189 748 3279 perturbarunt,
767 3191 930 3274 adortique
947 3193 1037 3256 aedes
1063 3191 1191 3256 Iasonis
1207 3201 1365 3282 (curarar-

176 3339 224 3390 τες
244 3339 276 3380 τε
298 3313 343 3397 (ul
363 3337 410 3383 VS.
440 3317 492 3402 li)
508 3339 545 3404 τῃ
570 3338 650 3400 οικιᾳ
672 3315 819 3396 Ιασονος),
848 3315 930 3404 apud
955 3335 1048 3403 quem
1073 3327 1222 3384 noverant
1243 3318 1308 3405 (VS.
1326 3315 1365 3406 7)

177 3441 328 3531 hospitari
352 3440 484 3508 Paulum
510 3451 540 3506 et
564 3439 678 3520 Silam,
705 3439 848 3508 volebant
871 3460 924 3507 eos
949 3440 1123 3528 producere
1147 3440 1177 3506 in
1198 3440 1364 3524 publicam

176 3566 234 3655 (εις
257 3588 308 3630 τον
334 3561 458 3652 &sparh
474 3565 557 3634 haud
573 3565 668 3634 dubie
684 3577 719 3633 ut
734 3564 875 3654 Apostoli
891 3584 908 3630 a
925 3563 1017 3653 plehe
1043 3565 1123 3633 male
1140 3575 1362 3633 tractarentur.

180 3712 377 3722 ..—--——

177 3806 240 3856 τοις
252 3776 426 3867 σεβομενοις
442 3775 567 3851 Ἕλλησι
581 3794 598 3844 i.
610 3807 632 3846 o.
648 3791 747 3846 Prose·
794 3796 945 3849 Lachmann
958 3796 994 3864 (in
1007 3809 1054 3848 sua
1065 3796 1128 3848 edit.
1142 3795 1174 3847 N.
1189 3797 1228 3860 T.)
1239 3801 1266 3851 et
1281 3797 1365 3851 Rinck

178 3879 242 3946 lptis
250 3886 354 3944 portae.
369 3876 433 3928 Vide
443 3875 475 3927 ad
489 3876 550 3942 Cap.
567 3877 626 3928 Xlll
641 3890 646 3924 :
661 3877 708 3939 ta,
722 3880 748 3928 ei
793 3881 962 3946 (Lucubratio
982 3882 1076 3933 critica
1091 3884 1120 3932 iu
1137 3882 1205 3932 Acta
1218 3882 1366 3947 Apostolo-

180 3963 219 4015 Ci.
233 3962 303 4015 xvu
316 3971 323 4011 τ
334 3961 375 4011 ta.
792 3976 868 4024 rum,
882 3962 1018 4028 Epistulas
1030 3963 1181 4015 Catholicae
1194 3969 1218 4015 et
1231 3964 1366 4018 Paulinus

214 4044 233 4111 ¹)
251 4045 315 4096 Vns.
337 4056 408 4093 naar.
430 4041 498 4092 llaec
518 4055 577 4107 pars
594 4024 746 4118 (aporia
792 4045 906 4097 Basileac
918 4045 982 4098 t830
995 4085 1001 4109 ‚
1012 4060 1038 4112 p.
1054 4045 1094 4111 75)
1107 4045 1185 4097 huius
1197 4045 1247 4098 iaci
1259 4061 1366 4112 garma-

181 4117 305 4206 βομενοι
330 4114 362 4182 δε
391 4121 418 4181 οἱ
445 4112 578 4181 laniarat
605 4123 632 4181 oi
661 4143 747 4183 απει-
793 4141 854 4180 nam
873 4129 1010 4181 lectionem
1028 4143 1084 4180 esso
1102 4127 1171 4180 hanc
1188 4131 1363 4183 existimaui:

146 4229 147 4236 ¹
180 4211 310 4294 θουντες)
337 4224 457 4294 vorsum
488 4225 573 4290 quinti
606 4226 632 4276 sn
663 4226 745 4279 cono.
793 4203 988 4280 Zolocerta
1012 4201 1044 4269 δε
1073 4208 1099 4267 οἱ
1127 4201 1282 4287 Invictos,
1313 4230 1363 4270 και

175 4308 255 4373 MSS.
281 4313 308 4361 et
328 4309 445 4374 antiquis
468 4308 631 4360 versionibus
653 4323 748 4376 magna
793 4293 1040 4388 προσλαβομενοι
1075 4320 1135 4360 rav
1169 4321 1200 4360 κ.
1241 4322 1272 4362 τ.
1311 4295 1361 4380 λ.,

179 4391 304 4444 varietate
316 4390 412 4456 legitur
423 4387 492 4455 (vido
503 4387 613 4441 Scholzii
627 4391 661 4444 N.
673 4392 701 4443 T.
715 4392 748 4444 ad
792 4416 872 4470 quam
900 4403 1038 4456 lectionem
1055 4402 1230 4456 adamussim
1254 4403 1362 4470 Vulgata

179 4473 206 4526 h.
220 4472 259 4541 it,
271 4487 339 4540 quae
353 4476 438 4526 tamon
452 4485 560 4523 sensum
575 4471 640 4524 nihil
654 4479 747 4528 mutat.
794 4481 880 4530 nostra
899 4476 988 4530 reteri.
