3074 5054
502 389 641 458 CAPUT
679 391 746 472 lX,
785 386 906 457 VERS.
945 388 1047 453 4-9.
1164 380 1166 385 ’
1303 388 1367 454 aet

188 583 296 646 ruisset
311 583 414 647 oculos
434 602 526 661 aeos,
545 585 703 646 neminem
726 577 853 670 (nihil)
870 581 967 657 aldim·
987 576 1034 642 sic
1051 576 1132 643 enim
1150 578 1271 645 Graece
1287 576 1367 642 scri·

170 700 315 771 ¹laudum
339 704 447 771 luisset
473 725 481 764 ε
507 701 628 780 aretine
652 701 684 769 de
708 728 776 778 τους
793 701 965 794 οφθαλμους
982 723 1087 765 aureo.
1107 699 1225 768 Verum
1252 717 1362 767 sensus

187 837 250 892 est:
270 849 463 912 quemquam
491 832 594 911 aperti
613 833 658 915 (et
674 850 737 893 nort
765 830 885 912 eleusi)
915 835 1006 890 erent
1033 827 1100 889 eius
1129 826 1228 902 cearli,
1260 835 1366 889 tomen

187 948 477 1038 nominenumine)
500 954 590 1017 uidit.
615 953 697 1038 Ergo
720 961 837 1017 tautum
861 948 948 1015 abest
973 957 1007 1013 ut
1034 946 1146 1012 Saulus
1174 945 1226 1012 hic
1247 946 1368 1013 dicatur

187 1073 293 1139 clausis
310 1072 443 1139 iacuisse
459 1073 558 1140 oculis
576 1073 650 1140 dum
667 1094 738 1140 eum
755 1075 841 1140 lesus
863 1070 1100 1159 adloquebatur,
1119 1080 1153 1136 ιιι
1170 1070 1273 1158 polius
1290 1091 1364 1138 con-

187 1195 309 1262 trarium
334 1196 516 1262 affirmetur.
545 1198 652 1284 ltaque
679 1209 803 1285 apertos
829 1197 989 1262 inlesum
1018 1194 1126 1261 oculos
1155 1214 1228 1260 suos
1251 1194 1364 1261 direxit

186 1318 291 1385 Saulus
315 1317 388 1385 dum
414 1319 536 1385 duravit
559 1319 636 1386 illud
660 1340 731 1386 eum
748 1321 828 1385 inter
844 1330 874 1385 ιι
891 1321 994 1385 lesum
1012 1318 1216 1407 colloquium.
1236 1320 1365 1384 Factum

186 1450 282 1507 autem
310 1453 357 1508 est
384 1452 435 1520 ut,
467 1463 558 1531 quem
588 1443 725 1531 primum
749 1444 851 1511 statim
880 1442 1017 1522 viderat,
1045 1462 1117 1508 mox
1140 1443 1275 1531 amplius
1299 1462 1360 1509 uon

186 1567 315 1650 videret,
345 1569 548 1657 caligantibus
577 1591 688 1660 nempe
717 1573 784 1638 eius
817 1571 915 1639 oculis
947 1570 987 1637 ch
1020 1570 1245 1638 vehementiam
1279 1571 1363 1637 illius

186 1691 277 1774 lucis,
293 1713 372 1780 quae
388 1713 405 1760 a
421 1695 555 1781 glorioso
573 1695 644 1762 lesu
661 1716 794 1783 corpore
811 1693 1003 1761 irradiabat.
1023 1696 1125 1782 Atque
1141 1693 1182 1759 ita
1200 1713 1265 1759 rem
1282 1696 1366 1761 acci·

185 1815 281 1896 disse,
299 1816 413 1884 Saulus
430 1818 497 1907 ipse
513 1830 559 1885 sat
575 1820 740 1909 perspicue
757 1841 814 1887 nos
830 1819 938 1899 docet3
958 1839 1028 1885 nam
1053 1817 1105 1906 qui
1132 1817 1170 1883 dc
1194 1816 1364 1885 sedixerat

185 1959 214 2006 se
230 1943 332 2008 lesum
350 1941 483 2021 vidisse,
503 1942 584 2008 idem
602 1943 733 2009 affirmat
748 1944 840 2032 (Cap.
855 1944 951 2009 XXll
968 1968 975 2009 ε
994 1946 1047 2020 lo,
1069 1939 1126 2026 ll)
1143 1962 1177 2007 se
1193 1941 1251 2007 sub
1268 1941 1362 2009 fierem
1394 1954 1400 1964 “

185 2062 327 2151 colloquii
350 2064 389 2131 ob
412 2069 567 2149 sulpurata
591 2070 679 2132 iltius
705 2070 784 2132 loeis
806 2066 939 2154 amplius
956 2087 1016 2132 non
1034 2064 1173 2153 potuisse
1189 2062 1313 2144 uidere,
1332 2073 1362 2129 et

185 2207 258 2274 opus
276 2187 422 2254 habuisse
438 2188 558 2277 aliquo,
575 2191 627 2278 qui
642 2210 675 2256 se
687 2190 726 2256 ad
739 2211 864 2257 manum
878 2189 1045 2255 deduceret
1057 2190 1258 2255 Damascum.
1274 2186 1359 2253 Sauli

185 2311 324 2388 comites,
344 2321 454 2377 utnon
471 2312 635 2380 audierunt
659 2335 767 2380 vocem
788 2316 859 2380 lesu
880 2313 1035 2403 loquentis
1049 2312 1142 2401 (Cap.
1162 2312 1259 2377 XXll
1280 2337 1287 2378 :
1307 2310 1357 2396 9),

184 2434 220 2503 ita
237 2455 295 2502 nec
311 2435 454 2503 viderunt
471 2436 647 2524 loquentem
663 2436 755 2525 (Cap.
777 2438 823 2502 lX
840 2461 846 2500 :
863 2437 913 2525 7),
928 2437 1067 2524 adeoque
1084 2456 1140 2502 nec
1158 2436 1287 2502 durante
1304 2433 1357 2500 illo

185 2556 337 2647 colloquio
351 2560 485 2648 perculsi
499 2581 607 2627 corum
621 2561 702 2627 oculi
717 2561 802 2626 luere
816 2560 929 2646 ingenti
945 2559 996 2625 illa
1011 2559 1090 2637 luce,
1102 2578 1180 2646 quae
1192 2577 1208 2623 a
1222 2557 1359 2644 glorioso

186 2679 250 2746 lesu
276 2701 407 2769 corpore
431 2684 577 2749 contiuuo
603 2682 785 2763 irradiabat3
810 2683 935 2750 illorum
953 2681 1070 2760 oculiS,
1090 2682 1233 2768 inquam,
1253 2699 1288 2748 ea
1305 2679 1359 2746 lux

184 2801 311 2870 risibilis
340 2804 397 2879 luit
422 2805 633 2873 tantummodo
662 2807 763 2894 primo
799 2807 902 2872 statim
938 2816 1092 2872 momento
1116 2804 1356 2894 apparitionis3

184 2928 302 3014 quando
327 2950 438 3019 nempe
462 2932 522 2996 und
547 2952 619 2997 cum
646 2930 738 2998 Saule
755 2929 793 2996 ad
811 2931 900 2997 istius
928 2930 1078 3018 fulgorem
1102 2929 1188 2996 hunni
1214 2930 1359 3018 prostrati

183 3062 260 3116 suut.
288 3052 390 3138 Atque
416 3053 487 3119 hinc
512 3053 692 3141 intelligitur
709 3073 821 3130 causa,
843 3074 901 3120 cur
917 3053 1000 3120 illico
1018 3072 1185 3139 exsurgere
1201 3053 1359 3140 potuerint

182 3170 274 3260 (inira
286 3194 333 3240 us.
344 3174 393 3262 7),
404 3197 461 3243 nec
474 3177 565 3244 laesis
578 3177 688 3258 oculis,
704 3189 738 3244 ut
750 3178 874 3258 Saulus,
885 3179 922 3244 ab
941 3178 993 3245 illa
1009 3179 1128 3245 visione
1145 3177 1356 3244 recesserint&

184 3318 376 3330 ———-

212 3401 232 3467 ¹)
242 3403 269 3455 S.
289 3403 381 3470 Chrys.
402 3405 475 3456 Hom.
491 3407 552 3458 xlx
564 3407 591 3458 in
603 3409 661 3459 Act.
673 3408 722 3474 Ap.
740 3424 745 3458 :
791 3406 947 3474 Belelrronp
958 3407 1002 3458 des
1013 3406 1127 3471 Saulus,
1139 3408 1226 3472 inquit
1238 3406 1280 3472 lad
1296 3407 1359 3473 Cup.

182 3485 303 3573 Πασχει
332 3486 363 3552 δε
391 3515 440 3552 και
472 3516 525 3565 τας
553 3490 644 3577 0qu
668 3488 745 3555 Am,
791 3491 827 3542 lX
844 3490 897 3556 :3)‚
915 3490 1045 3542 erscheint
1068 3491 1107 3541 oei
1125 3503 1243 3556 pcnooer
1261 3488 1361 3541 Beaolt·

180 3577 196 3650 ἡ
222 3577 375 3667 ὑπερβολή
403 3606 456 3645 702,
481 3606 577 3672 φωτος
605 3580 745 3655 πληττεμ)
791 3587 854 3648 turp
877 3582 925 3632 der
952 3582 1010 3633 drei
1033 3582 1061 3631 in
1083 3583 1133 3632 den
1158 3581 1359 3645 Hauptnuomeu·

180 3669 268 3731 εῑωθε,
289 3683 315 3733 ῃ,
329 3697 353 3733 θ,
376 3703 387 3727 α
406 3683 522 3734 Laborat
536 3689 624 3734 aurem
649 3684 742 3745 ocutis,
791 3679 834 3724 ten
853 3673 881 3738 (l)
895 3672 1096 3724 daemonicolam
1112 3672 1273 3724 Relationem
1285 3672 1357 3737 (Gap.

180 3758 316 3824 quintanio
328 3757 375 3807 luc
386 3757 489 3808 loedere
501 3758 574 3810 solet.
589 3778 600 3803 n
792 3761 842 3824 tx,
866 3763 951 3824 XXll,
965 3761 1064 3827 xxvtt
1079 3762 1121 3812 cla
1143 3762 1252 3814 bewirltt
1275 3761 1360 3813 dorcic

209 3841 228 3906 ἰ
246 3841 344 3904 Meyer,
366 3842 396 3891 ul
410 3855 490 3906 supra
502 3842 564 3906 (vid.
578 3858 605 3908 p.
619 3842 676 3908 tol)
692 3844 744 3894 iam
791 3845 848 3895 eine
870 3846 920 3894 dos
940 3845 1033 3895 doluere
1051 3844 1306 3898 Selbstbewosstseio
1326 3850 1357 3918 (t)

179 3923 304 3983 diximus,
316 3927 403 3986 negat,
418 3924 502 3975 lesum
516 3926 595 3976 Saulo
607 3927 744 3990 corporali·
791 3930 836 3979 des
856 3929 972 3980 Marruca
984 3929 1137 3994 peseleeleeue
1155 3930 1358 3995 Mottisestctt'oo

179 4009 216 4058 ter
226 4007 392 4072 apparuisse,
407 4010 453 4058 aut
464 4008 496 4057 ab
510 4010 638 4059 corisum
652 4009 742 4059 luisse.
790 4016 836 4064 des
845 4014 981 4064 ertioteten
997 4015 1086 4076 leatus,
1098 4014 1192 4066 roelclre
1205 4016 1312 4082 peistipe
1328 4020 1356 4085 (l)

178 4087 210 4140 Ut
229 4093 317 4140 aulem
339 4089 465 4140 habeatur
487 4091 618 4154 specimen
637 4089 742 4155 aliquod
788 4096 992 4159 Manifestotion
1005 4097 1149 4147 ousuerttet
1162 4111 1215 4148 eon
1230 4099 1277 4149 der
1294 4115 1357 4153 aus.

177 4171 367 4222 recculissimac
381 4170 451 4236 apud
466 4170 641 4222 Protcstantes
652 4185 743 4234 cxegc·
789 4179 1008 4229 serordeutlicluen
1021 4178 1201 4244 urseueteenp
1212 4181 1282 4232 cinea
1293 4181 1357 4233 tint·

176 4265 239 4314 scos,
253 4253 353 4304 iuvabit
369 4253 411 4305 hic
427 4253 533 4315 uclerre,
546 4268 625 4319 quem
637 4267 742 4305 sensum
790 4261 887 4311 lisciaco
908 4261 1092 4326 Le'clttploazea
1109 4263 1281 4315 oerlerrlicltt
1300 4267 1357 4316 oud

176 4335 244 4387 idem
254 4336 374 4400 Meycrus
385 4336 512 4388 subiicere
524 4337 587 4388 velit
599 4338 742 4390 enarrationi
789 4342 818 4392 in
837 4341 920 4392 iliram
939 4343 1179 4409 obcaecaltipeodeo
1204 4343 1356 4396 Eiodroolee

177 4415 202 4469 S.
224 4417 309 4469 lucae
328 4417 361 4468 dc
381 4418 452 4470 Sauli
473 4420 650 4472 conversione.
665 4440 676 4465 «
697 4421 743 4472 Die
790 4422 1075 4478 sineattctunterstotzt
1091 4427 1213 4478 roureto...
1226 4427 1281 4479 Dos
1293 4426 1356 4479 liclrt
