3074 5054
184 371 247 438 ton
532 368 667 436 ACTUS
696 364 1029 443 APOSTOLORUM,

179 578 330 648 responso
345 557 404 648 (ef.
423 580 468 626 vs.
487 561 507 626 9
524 568 556 625 et
572 553 643 643 lo).
661 559 703 623 Er
719 579 793 639 ποιᾳ
809 550 956 640 decerpet,
974 579 992 628 η
1007 574 1037 616 er
1052 575 1131 638 ποιῳ
1147 573 1274 637 crepare
1289 571 1360 618 ver-

164 652 270 751 tenda
292 695 365 750 sunt
390 705 399 747 :
422 706 483 768 per
504 703 678 768 peromnem
700 683 870 763 virtutem,
889 689 946 745 out
965 699 1026 762 por
1047 680 1205 763 quodnam
1224 698 1357 760 nomen,

178 827 248 876 nam
265 808 460 898 praepositio
476 829 506 871 εν
523 807 593 888 hic,
612 816 646 875 ut
669 805 805 895 passim,
823 803 906 871 diota
921 815 969 871 est
990 803 1029 871 de
1051 806 1260 870 instrumento
1277 824 1359 888 qoo;

177 931 220 998 cl.
243 951 291 998 rs.
317 931 371 998 to.
394 932 502 1020 Itaque
525 950 636 998 sensus
657 941 729 996 est:
752 926 896 1008 Quonam
917 930 951 993 oi
969 949 1025 993 seo
1039 930 1158 993 virtute
1173 925 1305 1014 (Dei-ne
1320 945 1360 993 an

177 1053 328 1136 alterins),
353 1062 542 1139 etquenam
566 1055 709 1118 invocato
733 1053 863 1116 contine
884 1048 1061 1140 (divino-ne
1076 1068 1115 1115 an
1136 1045 1214 1135 alio)
1236 1050 1360 1132 fecistis

177 1183 235 1246 hoc
249 1179 330 1245 ooo?
344 1178 521 1245 Pronomen
536 1200 624 1241 τουτο
650 1176 840 1245 demonstrat
863 1173 948 1242 illam
969 1173 1117 1242 adstantis
1132 1174 1175 1241 ibi
1191 1172 1293 1240 claudi
1310 1193 1361 1241 sa-

179 1302 352 1380 nationem,
370 1301 427 1369 sed
442 1301 492 1368 isti
503 1351 513 1383 ,
526 1301 614 1390 quasi
632 1320 688 1389 per
703 1310 912 1378 contemtum,
930 1319 996 1366 rem
1013 1319 1074 1366 non
1091 1298 1261 1367 nominant.
1280 1301 1360 1366 Pro-

176 1426 257 1494 iecto
283 1446 344 1493 non
367 1426 490 1494 latuerit
512 1424 713 1512 synedrium,
730 1424 920 1491 sanationem
937 1422 1022 1491 illam
1038 1422 1078 1491 ad
1093 1422 1268 1490 invocatum
1286 1422 1359 1490 Iesu

179 1549 330 1616 Nazareni
351 1569 464 1617 nomen
487 1549 584 1616 luisse
600 1558 769 1637 peractam.
794 1549 953 1634 Quorsum
977 1547 1071 1634 igitur
1086 1546 1132 1614 sio
1148 1547 1359 1634 interroganti

178 1673 289 1740 Putem
304 1693 374 1762 ego,
391 1672 580 1760 Synedrium
601 1690 744 1761 sperasse
760 1670 816 1762 (cl.
835 1691 883 1738 rs.
905 1673 972 1757 te),
990 1671 1058 1739 lore
1073 1682 1107 1739 ut
1122 1669 1277 1760 Apostoli,
1296 1692 1357 1738 non

179 1796 247 1862 ausi
264 1815 347 1877 rem,
362 1805 397 1863 ut
412 1806 493 1875 erat,
512 1794 621 1876 lateri,
640 1793 875 1884 responderent,
893 1816 927 1862 se
949 1815 1010 1862 non
1027 1796 1088 1863 alio
1111 1814 1203 1883 quam
1225 1793 1285 1860 Dei
1303 1815 1358 1861 no-

178 1919 262 1987 mine
284 1920 425 1989 invocato
453 1920 598 1988 claudum
626 1919 714 1987 illum
741 1938 879 1986 sanasse.
904 1918 997 2005 Quod
1017 1921 1043 1987 si
1072 1919 1179 1999 lieret,
1203 1917 1360 1999 habebant

176 2044 377 2132 Synedristae
393 2043 477 2133 quod
499 2043 654 2133 imprimis
677 2041 891 2123 intendebant,
917 2043 1184 2122 obscurationem,
1209 2043 1355 2131 inquam,

176 2169 311 2235 nominis
328 2170 411 2235 lesu.
429 2169 533 2256 Atque
556 2167 598 2233 ita
619 2167 756 2234 sensisse
779 2164 856 2233 mihi
880 2165 1002 2234 videtur
1026 2166 1118 2233 etiem
1134 2166 1167 2234 S.
1189 2167 1235 2234 lo.
1254 2164 1357 2253 Gbry-

179 2304 335 2360 sostomus
349 2294 456 2376 (Hom.
474 2294 506 2359 X
523 2292 554 2358 in
571 2290 671 2378 Act).

219 2532 253 2598 8.
271 2530 334 2619 Spe
356 2549 412 2597 sua
433 2531 619 2598 frustrantur
638 2529 856 2617 Synedristae,
874 2551 971 2619 quum
993 2534 1105 2599 Petrus
1128 2532 1357 2620 imperterritus

178 2653 371 2743 profiteatur,
389 2653 533 2722 claudum
550 2653 635 2721 hunc
657 2665 797 2721 sanatum
812 2653 909 2722 luisse
925 2653 964 2721 ad
980 2655 1204 2723 invocationem
1221 2657 1357 2726 nominis

178 2780 250 2847 lesu
265 2779 429 2846 Nazareui.
451 2781 479 2844 T
478 2802 540 2846 unc
555 2783 693 2865 repletus
707 2779 839 2864 Spiritu
855 2793 973 2847 sancto,
992 2780 1041 2848 Ad
1058 2780 1141 2849 huno
1157 2781 1260 2849 locum
1277 2782 1357 2850 bene

176 2902 273 2968 Corn.
291 2921 308 2968 a
328 2902 446 2991 Lapide
465 2927 473 2970 ι
499 2904 625 2985 «Nova,
644 2907 766 2990 inquit,
784 2915 831 2971 est
847 2905 923 2971 haec
939 2905 1069 2994 repletio
1091 2905 1227 2994 Spiritus
1249 2906 1355 2975 Sancti

176 3023 216 3092 ab
232 3024 285 3092 illa
310 3045 402 3114 quam
425 3026 546 3115 accepit
561 3028 593 3093 in
609 3029 815 3095 Pentecoste:
831 3028 882 3095 illa
899 3020 1059 3097 enim'luit
1074 3029 1258 3110 habitualis,
1278 3029 1355 3098 haee

112 3179 114 3183 ·
175 3147 323 3228 actualis,
337 3147 486 3216 nimirum
505 3170 566 3239 qua
590 3150 724 3238 Spiritus
747 3150 878 3218 Sanctus
893 3162 964 3219 actu
980 3153 1139 3234 movebat,
1157 3151 1310 3242 dirigebat
1325 3165 1355 3221 et

177 3270 342 3339 roborabat
356 3274 501 3355 Petrum,
520 3285 554 3340 ut
576 3273 691 3355 libere,
709 3286 886 3342 constanter
902 3287 933 3344 et
947 3277 1116 3365 prudenter
1132 3276 1352 3367 responderet,

177 3404 207 3462 et
223 3394 421 3483 profiteretur
445 3395 537 3465 fidem
559 3397 693 3479 Christi,
712 3419 746 3465 se
769 3398 888 3466 scilicet
903 3400 971 3467 eius
986 3401 1179 3468 invocatione
1195 3412 1225 3467 et
1241 3401 1355 3469 virtute

176 3521 321 3589 claudum
349 3542 485 3591 sanasse.
518 3525 587 3592 lloc
615 3524 773 3614 estquod
800 3526 892 3592 Petro
921 3538 951 3592 et
981 3527 1139 3615 Apostolis
1171 3527 1356 3616 promiserat

177 3644 320 3714 Christus
348 3648 465 3733 (Lucae
492 3650 665 3732 x11:tt‚
696 3645 754 3738 ld)
782 3676 789 3717 :
821 3645 900 3716 Crem
927 3661 1034 3717 cartem
1062 3653 1211 3717 inducent
1238 3674 1290 3718 nos
1319 3656 1355 3718 iu

176 3771 378 3856 Spoopopos,
407 3785 438 3839 et
460 3775 502 3838 od
523 3778 728 3857 moptstrotoc
746 3787 777 3842 et
790 3786 975 3859 potestates,
997 3777 1095 3840 nolite
1117 3777 1248 3840 solliciti
1270 3797 1352 3857 esse,

175 3897 317 3981 qualiter
338 3907 394 3962 ortt
419 3899 494 3983 quid
515 3903 731 3982 respondeatis
756 3911 813 3966 ortt
833 3901 909 3985 quid
929 3900 1044 3965 dicatis
1066 3920 1076 3958 :
1097 3898 1241 3983 Spiritus
1268 3903 1355 3965 enirn

175 4018 310 4084 Sanetus
329 4018 447 4084 docebit
467 4040 520 4086 eos
543 4023 577 4085 in
601 4022 672 4105 ipsc
692 4022 789 4101 horo,
811 4021 890 4105 quid
910 4030 1053 4104 oportent
1068 4039 1122 4084 eos
1138 4020 1287 4084 dicere...'
1305 4018 1355 4086 Ad

172 4141 367 4230 operaenim
384 4139 511 4209 heroica
526 4162 588 4209 non
604 4144 719 4212 sufficit
741 4145 915 4213 communis
932 4154 963 4210 et
981 4143 1148 4211 habitualis
1164 4143 1282 4231 gratia,
1299 4142 1356 4211 sed

174 4283 253 4331 nova
267 4264 415 4347 actualis,
433 4285 531 4356 eaque
546 4270 704 4336 communi
721 4268 820 4336 maior
836 4282 866 4336 et
882 4268 1036 4359 potentior
1053 4267 1236 4357 requiritur.
1255 4267 1355 4357 Saepe

173 4387 256 4455 enim
279 4388 336 4458 ista
360 4409 455 4480 opera
478 4391 616 4462 habitum
640 4395 756 4482 gratiae
775 4404 969 4483 praesentem
985 4402 1134 4483 superant
1148 4403 1179 4460 et
1195 4402 1354 4462 transcen-

175 4510 264 4580 dunt.
283 4540 297 4570 i
