3074 5054
421 405 560 474 curun
594 406 660 487 xi,
697 403 818 474 vens,
855 405 1002 473 rr-an.
1232 406 1297 473 507
1422 381 1424 386 ’

113 602 256 683 Iudaea,
284 608 316 664 ut
340 595 421 686 apud
449 594 590 662 Flavium
618 593 806 682 losephurn,
834 594 963 681 Antiqq.
996 591 1065 659 Lib.
1097 592 1193 674 Vlll,
1218 593 1294 681 Cap.

114 724 196 790 Xlll
222 747 230 788 z
254 723 276 790 b
300 745 308 786 :
332 720 398 783 Kc'u
427 715 635 809 περιπεμψας,
658 719 776 807 inquit,
807 742 886 781 κατα
915 739 1019 781 uacua
1044 741 1097 792 την
1125 741 1300 805 οικουμενην

114 869 184 920 τους
208 849 391 920 ζητησοντας
416 865 467 906 τον
492 865 644 933 προφητην
666 839 779 919 Hiran,
801 867 830 905 κ.
849 866 878 905 τ.
898 839 929 903 λ.
949 840 980 907 id
1004 853 1051 909 esl
1070 867 1077 908 :
1096 843 1136 908 Et
1155 862 1227 910 cum
1243 862 1301 930 pet·

114 979 215 1036 tntum
242 967 352 1036 orbem
374 965 549 1054 (Iudaeum
575 966 702 1046 scilicet)
727 965 880 1048 misisset,
901 965 953 1052 qui
980 966 1080 1034 Eliaru
1103 977 1202 1061 vatern
1227 985 1300 1054 per·

117 1097 297 1186 quircrent,
325 1107 386 1162 etc.

162 1342 310 1409 att-50.
344 1341 504 1424 Discipuli
531 1351 647 1422 utitem)
675 1350 775 1422 prout
797 1344 868 1425 quie
892 1343 1023 1407 babebat
1027 1393 1040 1426 ,
1068 1340 1155 1421 etc).
1183 1345 1303 1413 Graeca

118 1462 181 1531 boc
204 1463 274 1530 luco
302 1462 500 1552 impeditiora
524 1472 613 1544 sunt;
644 1460 765 1529 facilior
787 1473 871 1529 certe
896 1462 1006 1531 luisset
1027 1463 1172 1551 Syntaxis
1192 1466 1306 1534 verbo·

119 1605 192 1652 rum
213 1584 318 1653 haec:
343 1587 370 1648 οἱ
393 1581 425 1648 δε
451 1584 602 1671 μαθηται,
626 1585 725 1658 καθως
748 1606 906 1674 ηυπορειτο
928 1609 989 1664 τις,
1017 1591 1152 1678 dspicatr,
1179 1610 1305 1663 εκαστος

120 1733 240 1790 amur,
264 1733 305 1784 εις
330 1704 501 1787 irascatur,
531 1734 561 1776 κ.
587 1733 617 1773 τ.
645 1705 676 1776 λ.
703 1710 848 1776 Ceterum
876 1729 986 1777 sensus
1014 1721 1122 1799 patet:
1146 1711 1303 1800 Discipuli

120 1843 243 1913 autern,
261 1832 376 1921 inquit,
394 1834 428 1898 ld
444 1842 490 1897 est
501 1830 669 1899 Christiani
686 1829 925 1911 Antiochenses
945 1853 1002 1921 pro
1015 1833 1108 1901 modo
1125 1834 1304 1902 facultatum

121 1955 387 2044 uniuscuiusque,
405 1954 487 2042 apud
509 1974 542 2020 se
565 1953 815 2034 constituerunt,·
827 1964 861 2020 ut
879 1954 991 2042 singuli
1016 1956 1173 2024 mitterent
1188 1954 1306 2044 aliquid

123 2080 155 2145 in
179 2079 355 2146 subsidium
380 2077 566 2145 Christianis
582 2075 792 2144 habitantibus
808 2077 839 2142 in
865 2077 989 2145 iudaea.
1018 2080 1119 2164 quue
1139 2079 1306 2168 deincepS,

118 2222 196 2284 ,curn
217 2201 314 2269 lantes
338 2202 560 2279 invalesceret,
582 2204 679 2267 etiam
700 2204 846 2285 feceruut
866 2206 891 2286 (t
915 2225 967 2264 και
984 2204 1153 2285 croiacus),
1172 2205 1216 2269 uti
1233 2223 1310 2271 cnu-

122 2329 303 2410 stituerant3
337 2327 561 2414 collectamque
590 2325 754 2415 pecuniam
787 2326 939 2392 miserunt
967 2325 1222 2408 (αποστειλαντες)
1247 2349 1309 2411 per

123 2447 192 2539 (δια
206 2449 420 2542 puppup)
437 2450 567 2516 Paulum
585 2459 615 2515 et
630 2447 803 2515 Barnabaur
819 2447 858 2514 ad
874 2447 1020 2516 Seniores
1033 2450 1118 2538 (προς
1133 2473 1201 2523 τους
1217 2471 1309 2540 πρεσ-

125 2573 281 2666 parspere.
300 2574 348 2642 Gi.
367 2577 444 2664 Cap.
462 2575 550 2643 XV:
569 2576 601 2659 2)
618 2572 921 2659 Hierosolymitanns
936 2572 1000 2658 (Gi.
1028 2574 1104 2662 Cap.
1127 2574 1189 2640 Xll
1210 2599 1217 2640 :
1236 2574 1307 2655 ab),

125 2712 160 2769 ut
184 2720 220 2767 ea
236 2699 348 2768 borum
364 2700 493 2768 arbitrie
518 2699 599 2764 inter
622 2714 776 2787 pauperes
798 2716 856 2784 per
872 2695 1017 2763 ludaeaur
1033 2695 1227 2765 Christianos
1244 2698 1309 2766 dis-

126 2824 328 2892 tribueretur.
345 2824 452 2897 -Τις
469 2842 529 2889 ncn
547 2832 593 2888 est
608 2823 842 2907 uuusquisque,
859 2821 914 2887 sed
931 2824 1020 2906 quis,
1040 2822 1169 2908 aliquis.
1190 2824 1311 2892 Graeca

125 2949 224 3023 καθως
248 2970 404 3038 ηυπορειτο
419 2971 463 3021 τις
479 2947 604 3032 Belgica
628 2943 715 3011 reddi
738 2953 865 3030 possent
885 2968 892 3008 :
913 2966 996 3009 naar
1012 2957 1094 3010 male
1111 2948 1167 3012 dal
1183 2949 1311 3012 temand

125 3070 200 3161 (τις)
216 3075 277 3136 wel
292 3072 466 3135 bemiddeld
481 3092 559 3135 was.
