3074 5054
508 390 647 459 CAPUT
683 393 732 473 X,
770 388 906 461 VERSy
930 390 1031 456 d—d.
1296 385 1361 452 277

188 601 333 666 mosynae
359 593 428 649 tuae
455 581 682 649 adscenderunt
710 581 749 650 ad
781 581 921 658 coelum,
950 579 992 645 ita
1021 589 1056 645 ut
1083 587 1185 644 essent
1213 576 1255 644 ibi
1284 586 1361 642 tarn-

183 727 273 796 quam
289 707 468 776 memoriale
485 706 639 796 quoddam
655 708 699 774 tui
717 712 770 794 (εις
788 703 996 794 pauperando)
1012 722 1118 770 coram
1134 704 1202 769 Deo
1218 700 1360 789 (saonece

181 856 231 896 του
247 831 362 922 Θεου);
377 833 410 900 ι.
430 853 459 900 e.
478 834 618 901 lecerunt
640 844 675 901 ut
698 834 785 900 Deus
809 833 852 900 tui
875 830 1103 899 recordaretur.
1121 867 1166 877 -
1183 827 1240 894 His
1256 839 1357 894 autern

179 956 282 1025 verbis
304 957 430 1045 angelus
450 957 594 1024 Cornelio
617 956 828 1045 significabat,
847 954 1005 1022 exauditas
1021 973 1089 1018 esse
1112 951 1211 1041 ipsius
1228 971 1357 1040 preces,

178 1091 208 1147 et
224 1080 317 1167 digno
333 1081 471 1170 praemio
488 1092 716 1148 remuneratum
735 1080 772 1146 iri
791 1080 890 1170 ipsius
915 1078 1127 1163 eleemosynas
1145 1075 1201 1164 (cl.
1221 1096 1267 1142 vs.
1287 1074 1358 1161 51).

177 1205 283 1290 Quare
306 1205 406 1293 pergit
429 1203 560 1271 dicendo
577 1205 639 1293 (vs.
659 1203 695 1292 5)
714 1225 721 1264 :
741 1206 856 1290 Itaque
880 1200 1059 1269 ostendetur
1075 1199 1129 1267 tibi
1146 1199 1195 1265 via
1212 1198 1249 1266 ad
1266 1198 1358 1266 fidem

175 1339 209 1394 et
230 1326 361 1394 salutem
377 1352 385 1394 :
403 1327 490 1394 mitte
515 1327 599 1394 viros
621 1327 739 1414 aliquot
762 1326 799 1394 ad
824 1326 977 1392 civitatem
1006 1325 1141 1413 loppen,
1168 1342 1205 1388 ac
1226 1343 1283 1411 per
1305 1341 1359 1387 cos

176 1472 303 1520 arcesse
318 1452 476 1520 Simonem
493 1450 676 1539 quemdam,
696 1462 755 1517 etc.

225 1700 258 1766 5.
284 1699 331 1763 Et
353 1719 439 1763 nuuc
461 1701 550 1763 mitte
566 1700 653 1763 viros
669 1701 705 1763 tn
719 1700 859 1781 Ioppeu,
875 1696 963 1780 etc).
982 1696 1103 1764 Graece
1118 1719 1168 1758 και
1184 1717 1255 1773 νυν,
1275 1695 1359 1783 quod

175 1821 345 1911 respondet
361 1822 514 1888 Hebraico
538 1832 630 1905 atqup,
655 1821 708 1889 ubi
726 1820 819 1888 dictio
842 1832 887 1886 est
904 1822 1114 1886 concludentis
1137 1821 1280 1909 valetque
1295 1824 1357 1886 itc-

175 1967 255 2032 que,
271 1956 306 2012 ut
321 1946 435 2013 Genes.
454 1945 581 2013 XXVll
598 1971 605 2012 :
624 1946 657 2012 8.
676 1989 712 1998 -
725 1946 854 2010 Accessi
869 1944 899 2009 in
925 1944 1108 2032 imperativo
1125 1944 1235 2012 scribit
1259 1946 1358 2011 lnter-

176 2090 252 2159 pres
275 2081 380 2137 noster
395 2070 433 2137 ab
449 2092 622 2137 arcessere.
648 2073 732 2137 Bene
756 2070 918 2137 Cornelius
943 2069 982 2137 ad
1004 2069 1038 2136 b.
1053 2069 1076 2136 l.
1099 2071 1240 2138 «Voluit
1251 2073 1358 2151 Deus,

176 2197 297 2280 inquit,
316 2195 460 2261 arcessiri
476 2196 616 2274 Petrum,
630 2215 691 2260 nou
708 2193 876 2262 Iohannem
889 2194 937 2260 vel
955 2193 1054 2260 alium
1072 2193 1267 2281 quempiam,
1287 2194 1360 2281 quia

176 2319 325 2398 decebat,
340 2330 373 2385 ιιι
385 2320 496 2386 Petrus
512 2331 668 2407 tamquam
684 2329 776 2406 caput
794 2317 969 2397 Ecclesiae,
984 2317 1065 2383 siout
1082 2316 1201 2404 primus
1220 2316 1359 2382 omnium

177 2454 250 2534 post
262 2443 421 2511 Christum
434 2443 664 2533 praedicaverat
676 2443 797 2510 ludaeis
810 2446 891 2531 (Act.
904 2445 933 2509 ll
947 2454 977 2509 et
989 2441 1064 2530 ιιι),
1080 2444 1121 2508 ita
1135 2442 1257 2530 primus
1270 2462 1361 2530 prae-

178 2567 340 2633 dicaretet
354 2565 523 2646 GentibuS,
550 2578 622 2655 puta
646 2567 791 2633 Cornelio
809 2567 938 2654 eiusque
958 2567 1103 2632 familiae.
1124 2567 1195 2654 lpse
1212 2566 1307 2647 enirn,
1326 2578 1361 2633 ut

176 2689 272 2755 totius
286 2688 443 2755 Ecclesiae
456 2700 573 2778 pastor,
587 2688 719 2756 debebat
731 2689 761 2755 in
775 2709 861 2769 earn,
877 2691 964 2778 quasi
979 2690 1009 2755 in
1023 2708 1119 2755 uuum
1133 2688 1213 2755 ovile
1226 2687 1358 2770 Christi,

176 2831 364 2899 congregare
389 2825 449 2879 tarn
475 2816 590 2882 Gentes
618 2833 709 2902 quam
735 2813 882 2891 ludaeos,
913 2826 945 2880 ut
974 2823 1141 2901 utrumque
1170 2832 1239 2878 eum
1270 2813 1358 2900 quasi

178 2955 374 3002 communem
388 2947 505 3024 patrem
522 2948 735 3024 agnoscerent,
750 2936 899 3017 colerent,
914 2936 1077 3003 obedirent
1089 2947 1119 3002 et
1131 2945 1356 3024 sequerentur3

179 3060 210 3126 in
229 3077 328 3146 eoque
343 3060 485 3148 utrique,
511 3061 583 3127 licet
606 3063 685 3127 inter
708 3082 742 3128 se
758 3061 890 3142 diversi,
906 3062 968 3128 imo
985 3060 1123 3142 adversi,
1136 3063 1318 3129 unirentur.
1338 3089 1351 3120 e

225 3300 257 3365 6.
273 3299 337 3364 Hic
351 3303 541 3384 hospitatur,
568 3307 655 3387 etc).
684 3303 741 3369 Gr.
762 3298 905 3374 ξενιζεται
921 3300 1086 3389 (Passim),
1104 3303 1242 3384 bospitio
1260 3304 1288 3366 is
1304 3322 1357 3365 cac·

178 3432 285 3505 ceptus
308 3433 355 3487 est
373 3424 455 3511 apud
480 3424 636 3491 Simonem
662 3425 845 3514 quemdam,
871 3436 936 3492 arte
956 3425 1135 3492 coriarium.
1168 3426 1354 3517 «Βυρσευς,

178 3543 265 3634 quod
281 3547 463 3613 Kuinodlius
481 3559 564 3614 notat
579 3547 679 3636 (adh.
696 3548 745 3629 1.),
759 3549 871 3616 Atticis
888 3549 1046 3616 dicebatur
1059 3545 1259 3639 βυρσοδεψης,
1275 3548 1358 3637 quod

178 3667 337 3735 derivatur
357 3689 374 3735 a
396 3664 496 3759 βυρσα
524 3673 617 3754 pellis
645 3683 674 3737 et
702 3667 798 3758 ιεψειν
826 3675 970 3755 mollire,
997 3673 1154 3755 subiqere.
1183 3672 1257 3736 Erat
1284 3689 1356 3758 ergo

179 3789 323 3882 βυρσευς,
341 3797 513 3878 coriarius,
534 3796 585 3883 qui
604 3796 783 3863 animalium
800 3816 962 3863 caesorum
979 3796 1075 3885 pelles
1091 3794 1263 3882 subigendo
1281 3794 1360 3860 mol-

180 3917 348 4006 liendoque
359 3917 398 3985 od
414 3921 618 4009 multiplicem
636 3922 666 3988 in
683 3921 850 3988 domestica
868 3942 920 4002 re,
935 3920 1080 4001 militari,
1099 3941 1135 3987 ac
1151 3919 1249 3986 navali
1267 3939 1359 3986 usum

182 4061 368 4131 praeparare
389 4043 518 4111 solebat.
544 4045 636 4134 Apud
659 4057 779 4112 veteres
803 4046 928 4112 coriarii
953 4055 1039 4112 extra
1066 4044 1160 4112 urbes
1184 4063 1281 4133 prope
1301 4043 1360 4110 ssu-

180 4163 283 4242 mina,
303 4164 343 4231 ob
365 4176 486 4233 mortua
510 4167 672 4245 animalia,
695 4169 785 4235 ctiam
808 4168 847 4235 ob
872 4167 1002 4235 foetidos
1026 4166 1154 4248 odores,
1181 4177 1211 4232 et
1235 4165 1274 4232 ob
1297 4165 1359 4231 fre-

181 4300 326 4378 quentem
351 4311 449 4380 aquae
474 4313 564 4360 usum
588 4294 618 4359 in
637 4293 765 4382 pellium
782 4294 1032 4382 praeparatione,
1051 4291 1188 4360 officinas
1204 4302 1235 4357 ct
1250 4291 1358 4359 domos

181 4435 254 4481 suas
272 4413 434 4483 habebant.
454 4445 467 4473 »
