3074 5054
174 383 218 449 db
512 379 647 448 ACTUS
681 375 1017 455 APOSTOLORUM,

175 570 206 636 in
221 589 259 636 eo
276 580 323 637 est
339 570 537 659 Hyperbolc3
559 590 646 638 mens
663 572 765 638 Lucae
780 581 845 649 est,
864 568 969 637 dicere
987 588 994 630 :
1015 586 1053 634 ex
1069 566 1174 634 multis
1190 566 1347 653 uariisque

174 692 261 760 orbis
287 703 439 761 terrarum
466 693 654 762 nationibus.
682 693 731 762 Ad
758 693 945 761 locutionem
972 714 1032 756 των
1061 691 1119 755 ὑπο
1144 714 1196 755 τον
1223 711 1349 780 ουρανον

175 813 258 903 quod
280 816 403 897 attinet,
425 816 672 886 subaudiendum
695 827 741 885 est
763 839 867 883 οντων.
889 845 903 877 «
926 817 982 882 Est
1004 813 1099 896 haec,
1118 825 1240 882 notante
1255 812 1349 882 Valc-

174 939 301 1006 kenario
328 939 382 1030 (ad
409 938 441 1007 h.
473 938 527 1027 l.)‚
555 941 673 1029 signata
699 939 823 1029 phrasis
850 938 988 1007 adhibita
1016 959 1140 1029 quoque
1167 937 1287 1006 Platoni
1316 936 1348 1005 in

174 1062 319 1144 Timaeo,
344 1063 396 1131 uhi
419 1064 494 1132 urbs
516 1064 708 1132 Athenarum
734 1064 850 1133 dicitur
878 1084 947 1132 esse
975 1065 1114 1131 omnium
1137 1061 1348 1151 pulcherrima

173 1207 232 1249 ram
249 1187 308 1250 aaa
323 1208 374 1251 τον
390 1210 528 1277 nuperum.

216 1419 253 1487 46.
277 1422 362 1503 [octa
389 1431 495 1488 autem
517 1423 576 1487 bae
593 1428 688 1510 uoce).
716 1419 765 1487 Ad
784 1419 900 1489 editum
930 1416 1095 1485 stridorem
1120 1413 1207 1483 illum
1230 1421 1289 1503 (vs.
1313 1413 1349 1499 i)

175 1542 263 1630 quasi
278 1544 360 1611 uenti
377 1543 575 1613 vehementer
591 1546 728 1626 ruentiS,
746 1545 862 1634 passim
887 1544 1091 1612 accurrebant
1107 1562 1214 1610 uersus
1230 1541 1347 1618 locum,

174 1669 256 1737 unde
273 1671 380 1760 ingens
396 1671 448 1739 hic
466 1671 569 1760 fragor
584 1672 745 1741 videbatur
761 1672 850 1740 oriri.
870 1673 917 1739 Ex
933 1692 995 1761 quo
1012 1670 1189 1748 coniicitur,
1208 1686 1348 1757 magnam

175 1802 258 1860 certe
273 1793 360 1862 urbis
376 1805 494 1884 partem
513 1794 647 1864 stridore
661 1795 714 1864 illo
732 1796 944 1884 personuisse.

220 1927 249 1982 et
275 1929 378 1983 mente
400 1923 531 2004 masura
556 1927 625 2011 est).
652 1920 721 1988 Hoc
748 1901 811 2000 est,
835 1920 1013 1988 nesciebant
1040 1919 1120 1986 iuter
1146 1916 1246 1995 varia,
1271 1934 1351 2004 quae

176 2039 269 2105 menti
297 2040 520 2122 occurrebant,
545 2039 620 2130 quid
647 2042 769 2112 tandem
792 2063 828 2111 ea
849 2042 888 2110 de
913 2063 947 2110 re
973 2043 1155 2130 cogitarent.
1179 2038 1352 2128 Perplexus

176 2159 228 2229 hie
243 2161 367 2231 illorum
390 2165 510 2232 animus
530 2163 706 2234 distinctius
728 2165 917 2234 describitur
932 2165 1012 2233 inlra
1027 2187 1074 2234 vs.
1097 2167 1150 2233 15.
1169 2167 1231 2232 Pro
1247 2172 1351 2229 meula

175 2290 304 2371 confusa
331 2299 376 2353 est
401 2308 511 2376 graece
538 2290 722 2379 simpliciter
742 2301 789 2358 est
810 2291 969 2378 συνεχυθη.
996 2319 1010 2350 ι
1034 2289 1166 2378 Proprie
1188 2309 1351 2376 συγχυειν,
1422 2368 1427 2378 ·

175 2413 389 2492 commiscere,
419 2416 626 2497 cortsuudere,
657 2414 696 2482 dc
722 2417 827 2482 barbis
855 2416 981 2504 ponitur
1007 2414 1039 2480 in
1068 2411 1128 2480 nlla
1154 2413 1296 2495 confusis
1324 2421 1356 2477 el

175 2537 368 2604 commixtio.
385 2536 466 2605 ilinc
478 2538 661 2607 transfertur
676 2539 716 2607 ad
731 2540 887 2621 animum,
901 2541 934 2606 in
949 2559 1012 2628 quo
1030 2557 1126 2628 quum
1142 2535 1188 2604 sio
1205 2533 1354 2602 confusae

176 2669 252 2726 sont
277 2659 495 2748 cogitationes,
519 2673 553 2730 ut
572 2683 606 2730 se
629 2664 785 2753 explicare
812 2675 983 2753 nequeant,
1008 2663 1123 2731 dicitur
1144 2660 1257 2748 aliquis
1280 2683 1354 2749 aoy-

178 2783 297 2869 χεισθαι
313 2795 343 2852 et
359 2789 573 2875 συγχυνεσθαι.
593 2817 607 2848 a
630 2789 782 2858 Valcken.
800 2788 838 2856 ad
858 2788 890 2856 h.
911 2789 933 2856 l.
951 2789 1052 2855 Causa
1070 2785 1155 2853 illius
1178 2791 1354 2874 συγχυσεως

179 2918 261 2985 erat,
287 2911 363 2994 quia
378 2913 550 2978 audiebam
566 2920 696 3004 (uacuas)
712 2915 929 3000 uuusquisque
946 2914 998 2999 (εἰς
1014 2908 1150 2997 ἕκαστος)
1168 2911 1280 2993 liupua
1296 2930 1354 2975 suu

181 3031 252 3096 illos
280 3033 450 3116 loquentes.
468 3035 530 3109 Ἑις
557 3032 682 3112 ἕκαστος
707 3036 804 3105 Verbi
831 3056 940 3099 uuouou
968 3035 1153 3102 Subiectum
1180 3031 1355 3100 distinctius

181 3153 306 3223 indicat.
337 3156 472 3237 Eorum,
503 3159 556 3248 qui
584 3171 801 3242 accurrerant,
830 3181 893 3228 uon
921 3157 973 3226 hic
1000 3169 1030 3227 et
1053 3157 1106 3225 ille
1134 3167 1271 3236 tantum,
1299 3152 1354 3221 sed

181 3281 396 3365 uuusquisque
412 3299 478 3347 rem
502 3280 697 3350 observabat.
722 3279 917 3356 «Διαλεκτος
938 3279 1023 3348 aliud
1046 3279 1122 3369 quid
1147 3277 1301 3366 significat
1323 3277 1355 3344 in

181 3402 305 3491 scriptis
328 3402 611 3494 Philosophorum,
636 3426 729 3494 quarn
751 3405 834 3496 apud
860 3405 1100 3475 Grammaticos.
1124 3402 1226 3489 Vulgo
1255 3395 1355 3464 διαλε-

180 3523 284 3614 pericu
300 3537 366 3593 erat
380 3528 598 3613 confabulari,
614 3531 760 3614 colloqui.
778 3531 958 3596 Familiare
973 3529 1182 3612 colloquium,
1201 3523 1353 3611 dialogus,

182 3668 243 3716 uon
260 3659 376 3717 tantum
393 3645 534 3741 διαλογος
551 3662 581 3719 et
596 3647 745 3729 διαλεξις,
764 3651 819 3720 scd
840 3670 931 3740 saepe
952 3651 1044 3718 etiam
1067 3648 1227 3717 dicebatur
1247 3644 1356 3713 Philo·

182 3768 291 3859 sophis
306 3763 504 3848 toaleam...
522 3772 616 3864 Apud
637 3773 862 3843 Grammaticos
886 3792 945 3841 vox
962 3772 1012 3840 illa
1029 3772 1119 3860 longe
1141 3771 1231 3839 aliam
1257 3768 1356 3836 induit

182 3893 256 3962 uim.
282 3895 402 3984 Nempe
432 3893 563 3988 draieyo
591 3896 744 3986 signifieat
770 3899 886 3981 oedipo,
916 3898 1061 3979 derimo;
1083 3893 1157 3962 hinc
1180 3889 1353 3971 διαλεκτος,

179 4021 347 4102 diuersus,
364 4024 531 4091 discretus.
557 4021 703 4088 Γλωσσαι
720 4021 791 4091 inde
808 4017 960 4086 διαλεκτοι
983 4030 1056 4087 sunt
1076 4020 1204 4109 proprie
1227 4020 1356 4103 liupuae

182 4145 365 4227 differenter
380 4155 411 4211 et
424 4148 580 4214 discretae
601 4146 794 4215 diversarum
818 4145 1019 4213 nationum...
1044 4141 1105 4211 Sed
1127 4163 1223 4232 quum
1249 4141 1357 4232 populi

122 4258 126 4268 ’
183 4267 315 4351 diversi,
334 4271 387 4360 qui
409 4289 471 4337 una
492 4270 596 4358 lingua
616 4268 793 4350 utebantur,
812 4267 1067 4358 pronunciatione
1088 4278 1208 4347 tamen,
1231 4277 1262 4332 ct
1280 4284 1358 4332 non·
1393 4290 1397 4300 ·

183 4390 277 4459 nullis
293 4393 439 4482 loquendi
463 4392 564 4460 modis
579 4413 597 4458 a
613 4413 647 4458 se
672 4393 804 4460 inuicem
827 4392 1040 4467 dissonarent,
1058 4390 1170 4456 lactum
1194 4398 1308 4470 estut,
1327 4389 1359 4454 in
