3074 5054
472 406 615 472 ιᾺΡΠ
647 407 733 488 xli,
768 408 891 477 VERS.
926 410 1073 479 ἳΙ-ἳδ.
1285 412 1347 480 ait

221 610 254 663 rt
266 609 449 663 mutar
461 620 483 662 a
496 600 674 678 termihus,
689 602 886 687 aspirarit).
902 601 1024 668 Graece
1039 623 1217 690 :yssopum
1230 597 1352 675 anain·

176 716 329 810 ῲοπς
341 725 377 810 (a
390 718 512 795 aab}
526 726 643 789 remis
656 734 688 788 et
702 719 835 812 βρωσκω
849 723 1000 803 roardo),
1013 722 1047 791 h.
1062 744 1092 790 r.
1107 723 1218 792 morho
1235 725 1355 791 arrui-

177 849 284 909 tuluri
299 861 483 936 coneptuS,
500 858 574 931 post
596 848 816 913 nnerhissinras
835 850 996 912 rraciutns
1014 850 1104 914 intra
1127 851 1267 934 quinque
1285 850 1355 914 dica

176 971 244 1059 (ΡΙ.
262 970 390 1060 loseph.
407 970 501 1051 ihid.)
516 973 646 1038 interiit.
671 1001 686 1030 ι
705 973 927 1060 Nequaquam,
947 973 1049 1061 inquit
1071 973 1239 1053 lleadins¹,
1258 973 1353 1041 inter·

176 1094 321 1182 pretihus
333 1095 467 1173 accedo,
485 1096 539 1183 qui
559 1097 754 1180 phthiriasi,
772 1094 833 1163 hoc
849 1108 915 1175 est,
930 1097 1040 1162 rnorho
1065 1098 1264 1181 pediculum,
1280 1116 1356 1164 aaa·

176 1229 317 1284 mun
341 1218 498 1284 interiisse
519 1216 676 1284 Herodem
695 1229 866 1285 antumant.
891 1217 987 1286 Aliud
1008 1218 1121 1286 animal
1143 1229 1192 1286 est
1212 1215 1353 1295 σιωληξ,

176 1339 263 1406 alind
283 1341 394 1431 ?⁹⁵‘?²
417 1340 495 1408 haec
517 1361 670 1407 summam
691 1353 813 1422 cutem,
834 1341 888 1408 ille
908 1342 1052 1431 corporis
1073 1342 1221 1411 interiora
1244 1343 1356 1433 depas-

177 1463 274 1530 citur.
290 1464 401 1552 Neque
414 1463 546 1531 duhium
569 1485 639 1532 esse
654 1477 772 1555 potest,
801 1467 876 1556 qnin
899 1466 990 1535 diras
1012 1469 1131 1546 Lucas,
1149 1480 1180 1535 et
1202 1469 1270 1558 ipse
1292 1488 1357 1536 ma-

177 1585 287 1665 diaus,
304 1588 366 1653 rin
380 1589 544 1676 utriusque
559 1590 646 1656 uocis
661 1600 745 1656 reate
760 1587 958 1657 intellexerit,
975 1618 990 1648 ι

225 1835 443 1920 Antagrassam
459 1831 621 1901 historiam
636 1834 668 1899 in
685 1833 769 1902 huna
784 1835 981 1925 potissimum
997 1833 1109 1916 linem,
1127 1848 1161 1903 nt
1181 1833 1259 1904 mihi
1284 1834 1353 1925 qui·

177 1954 253 2022 dem
264 1956 398 2036 ridetur,
412 1959 513 2024 Lucas
525 1959 663 2024 inserere
674 1959 819 2039 voluerit,
828 1971 862 2026 nt
873 1959 1011 2039 doceret,
1025 1980 1119 2048 quarn
1130 1959 1242 2028 arerha
1257 1971 1357 2027 marte

177 2079 340 2146 Ecclesiae
358 2092 540 2170 persecutor
554 2081 692 2170 Agrippa
709 2082 889 2150 interiisset.
908 2082 956 2150 Ad
972 2083 1166 2172 propositum
1184 2083 1244 2151 ianr
1261 2081 1354 2151 redit.

224 2331 283 2396 at.
311 2331 448 2394 Verbum
467 2341 571 2395 antem
594 2331 725 2396 Domini
745 2331 899 2395 crescebat
915 2341 945 2396 et
959 2327 1263 2417 mnltiplicahntnr).
1281 2329 1358 2397 Sen-

176 2472 235 2518 sus
250 2463 324 2518 ast:
344 2454 464 2519 Interea
479 2463 581 2519 antem
602 2452 721 2539 Religio
741 2451 918 2519 Christiana
937 2453 1054 2519 maiora
1075 2452 1107 2518 in
1128 2451 1195 2520 dies
1217 2450 1360 2541 capiebat

177 2576 381 2643 incrementa.
400 2577 490 2655 Puta,
510 2577 638 2641 arrham
656 2577 790 2640 Domini
812 2586 938 2642 eatenus
954 2574 1014 2642 dici
1031 2576 1263 2658 ntnltiplicori,
1283 2592 1359 2664 qua·

176 2711 272 2767 tenus
290 2704 400 2786 plnres
426 2702 458 2767 in
481 2700 548 2767 dies
571 2700 778 2767 Christianam
802 2699 974 2767 doctrinam
997 2699 1268 2788 amplecterentur.
1291 2698 1360 2765 lle-

176 2825 317 2912 tanymia
345 2825 416 2893 heic
442 2825 594 2915 quaedam
617 2836 681 2908 est,
704 2845 764 2913 qua
789 2824 928 2892 doctrina
954 2824 1129 2892 Christiana
1157 2822 1272 2890 dicitur
1300 2840 1356 2911 pra

177 2970 249 3018 cam
265 2950 439 3018 doctrinam
454 2951 684 3040 profitentibus

224 3197 283 3264 25·
309 3196 475 3262 Barnabas
491 3208 596 3262 cartem
612 3206 642 3260 et
658 3194 776 3260 Sonlns
792 3197 915 3261 reversi
930 3206 1023 3279 snnt,
1042 3192 1133 3281 ela).
1154 3195 1285 3284 Expleta
1301 3214 1359 3263 suo

177 3321 374 3385 ministerio¹
389 3317 475 3408 (ride
490 3320 567 3407 Cap.
586 3319 632 3385 Xl
653 3343 660 3384 :
679 3320 741 3398 29,
760 3319 813 3399 50)
830 3317 941 3385 Saulus
957 3327 987 3384 et
1003 3317 1177 3399 Barnabas,
1197 3329 1357 3408 assumpto

177 3462 288 3510 secum
313 3444 427 3510 loanne
442 3444 548 3510 Marco
566 3441 671 3531 (snpra
696 3461 743 3507 vs.
762 3440 831 3529 lh),
850 3440 1067 3528 lliirosolymai
1088 3441 1286 3510 Antiochiam
1308 3464 1359 3508 re-

177 3567 268 3632 versi
282 3577 370 3644 snnt,
384 3565 432 3632 vel
445 3569 567 3631 reversi
578 3577 687 3643 orant3
704 3583 772 3631 nara
786 3575 919 3652 utroque
932 3563 1023 3632 modo
1038 3564 1124 3633 reddi
1138 3576 1238 3655 potest
1250 3567 1358 3634 Acris·

179 3705 233 3760 tus
253 3689 454 3782 ὑπεστρεψαν.
480 3691 542 3757 Res
558 3688 671 3778 pendet
686 3708 703 3755 a
720 3700 876 3777 tempore,
895 3709 976 3776 quo,
997 3688 1103 3757 relicta
1120 3689 1358 3777 Hiirasolyma,

179 3813 379 3884 Antiochiam
404 3815 535 3902 regressi
564 3823 647 3881 sunt.
674 3814 706 3881 Si
724 3813 838 3881 iactum
856 3813 916 3881 hoo
932 3825 978 3882 est
994 3826 1064 3903 post
1080 3815 1204 3882 demum
1227 3825 1357 3882 martem

180 3938 358 4026 Agrippae,
387 3927 568 4005 vertendum
596 3948 641 4004 est
669 3941 790 4004 reversi
817 3950 892 4004 snrn
909 3965 918 4002 .·
936 3939 960 4004 si
986 3949 1074 4017 ante,
1103 3941 1224 4005 reversi
1251 3948 1356 4005 erant.

218 4217 236 4279 ι)
256 4215 385 4268 Richardii
413 4214 506 4267 Meadii
530 4215 634 4266 Medica
650 4214 747 4277 Sacra,
796 4218 870 4278 4598,
888 4217 984 4281 legitur
1001 4216 1043 4269 hic
1060 4219 1183 4281 mysterio
1199 4231 1247 4284 pro
1263 4219 1359 4270 mitris-

180 4301 239 4353 siva
259 4299 291 4350 de
316 4299 413 4350 morbis
435 4298 537 4350 biblicis
563 4297 750 4363 insignioribus
794 4302 874 4362 terim·
892 4314 941 4352 nec
957 4301 1110 4362 adnotatum
1122 4299 1357 4368 luittypographi-

182 4385 395 4438 commentarius.
414 4382 476 4450 Cap.
496 4383 551 4435 XV.
795 4396 855 4433 cum
878 4381 927 4432 hoc
948 4380 1073 4434 mendum
1096 4381 1123 4432 in
1144 4380 1197 4434 ulla
1220 4395 1254 4434 cx
1274 4380 1359 4433 trlbus

218 4469 238 4536 ι)
256 4469 285 4520 ln
294 4466 749 4533 contionatulgataavaticana,anni
796 4462 973 4516 correctoris.

1198 4563 1233 4624 al
