3074 5054
182 373 244 439 106
520 367 656 436 ACTUS
691 367 1029 447 APOSTOLORUM,

180 553 323 644 tantam,
337 561 394 624 aed
409 561 504 624 ettam
513 576 577 642 pro
593 560 686 624 totins
702 562 816 624 maadi
830 558 855 640 (l
869 558 938 626 loh.
954 560 984 626 ll
1001 559 1068 639 11).
1086 559 1165 627 Nam
1182 562 1217 624 11
1235 559 1363 625 Christo

178 685 263 749 Deas
287 684 443 749 mandam
465 681 900 764 11001011100111111(1001.
922 683 976 751 V:
994 681 1060 763 19),
1086 694 1116 749 et
1138 705 1196 769 per
1219 703 1291 749 eam
1311 686 1363 750 1111

176 808 364 893 complacuit
387 806 592 875 reconciliare
615 808 773 872 01111011
797 809 904 890 ipsam
920 806 1054 893 (Coloss.
1072 809 1087 874 Ι
1106 827 1114 869 :
1136 809 1195 888 19,
1220 806 1379 897 101811

177 934 261 998 ear‘m
277 933 363 997 Deae
379 931 493 998 attona
508 932 682 1014 mandam,
700 940 736 995 at
751 932 857 1014 filiam
868 953 964 997 ortam
979 935 1180 1016 aaipenitam
1195 935 1305 1017 daret,
1326 943 1363 1000 at

177 1060 279 1122 omnis
302 1059 359 1143 qai
374 1057 476 1122 eredit
491 1055 527 1120 ia
547 1075 619 1120 eam
641 1075 705 1120 aaa
720 1065 850 1139 pereat,
868 1057 925 1120 sed
938 1057 1049 1122 hahent
1064 1058 1165 1123 vitam
1181 1066 1359 1124 aeternam.

176 1180 252 1248 Noa
267 1182 351 1246 enim
373 1180 460 1245 misit
475 1178 560 1244 Deos
577 1177 703 1244 Filiam
724 1199 818 1244 saum
836 1181 871 1243 11
886 1181 1063 1259 macedam,
1081 1190 1117 1244 at
1134 1180 1252 1245 1111111
1266 1200 1362 1246 maa-

176 1311 272 1386 dam,
289 1310 343 1374 sed
357 1316 394 1373 at
407 1307 550 1372 solvetur
565 1309 702 1372 mandas
717 1327 778 1390 per
795 1310 913 1390 ipsam.
933 1304 1002 1374 leh.
1018 1308 1064 1374 lll
1085 1330 1093 1372 ε
1114 1308 1174 1384 lh,
1194 1308 1249 1373 17.
1268 1306 1363 1392 Quod

175 1427 290 1496 dieitur
304 1438 448 1513 oporteat
465 1423 557 1513 (aa),
575 1426 808 1515 intelligendum
825 1426 886 1496 hac
902 1448 963 1494 non
981 1440 1028 1495 est
1043 1428 1082 1496 de
1097 1429 1241 1494 absolate
1257 1450 1363 1496 raeces·

174 1552 288 1634 sr'tate,
308 1550 396 1639 quasi
422 1569 483 1617 unu
507 1548 568 1617 alio
590 1548 683 1617 modo
705 1550 857 1638 potuisset
878 1549 1013 1618 muudus
1030 1550 1161 1630 salvari,
1179 1550 1234 1618 sed
1251 1550 1289 1618 de
1305 1573 1363 1620 ne·

176 1674 335 1753 cessitate,
366 1694 446 1763 quae
473 1674 675 1763 consequitur
702 1674 760 1740 Dei
789 1672 948 1740 decretum
976 1676 1016 1741 de
1043 1674 1161 1741 ratione
1194 1675 1361 1764 reparandi

176 1798 332 1888 perditum
352 1798 522 1867 humanum
544 1818 658 1887 genus3
680 1797 764 1887 quod
784 1808 815 1864 et
834 1797 1004 1886 Apostolus
1024 1798 1141 1876 innuit,
1160 1796 1235 1865 dum
1252 1798 1330 1866 dicit
1350 1829 1358 1866 ι

173 1943 234 2006 per
250 1943 321 1988 eam
340 1921 514 2012 (Christum
537 1917 656 2006 lesum)
679 1923 1168 1988 00111100111110110010111111
1189 1925 1299 1986 011111
1325 1926 1362 1988 ire

177 2048 283 2130 ipsane
302 2043 358 2134 (εις
384 2067 495 2122 aaron,
517 2047 558 2110 ad
581 2066 632 2123 se,
656 2045 743 2130 stat),
766 2045 942 2128 pacificans
963 2066 1023 2129 per
1042 2048 1230 2128 sarnpaiaem
1252 2050 1359 2112 crocis

175 2171 256 2235 etas.
277 2166 494 2235 Pulcherrima
514 2177 639 2235 sanetus
661 2167 724 2232 Leo
746 2167 877 2254 Magnus
898 2165 1015 2256 (Serm.
1036 2168 1077 2235 m
1101 2166 1139 2234 de
1161 2165 1357 2255 Passione):

182 2293 374 2379 «Quamvis,
392 2293 507 2379 inquit,
526 2292 557 2359 iu
574 2302 743 2380 conspeetu
758 2290 886 2359 Domini
903 2291 1073 2358 multorum
1089 2302 1267 2359 sarrctornm
1284 2312 1359 2381 pre-

174 2416 252 2483 tiosa
275 2436 360 2484 mors
385 2416 494 2496 suerit,
517 2414 633 2482 nullius
659 2423 760 2480 tamen
789 2413 921 2480 insontis
950 2413 1066 2481 occisio
1096 2414 1276 2503 propitiatio
1299 2414 1361 2484 luit

175 2538 324 2606 mundi...
343 2540 522 2627 singulares
548 2539 665 2628 qnippe
686 2539 718 2605 in
741 2538 871 2626 singulis
893 2549 1008 2605 mortes
1037 2537 1180 2618 luerunt,
1205 2538 1361 2606 1001110-

176 2661 242 2729 rius
255 2663 420 2751 qaisquam
436 2661 575 2730 dehitum
591 2681 648 2729 suo
665 2661 773 2728 iuuere
788 2661 893 2741 solvit,
911 2682 983 2729 cum
999 2663 1080 2730 inter
1096 2662 1178 2730 lilios
1194 2662 1360 2731 hominum

176 2785 262 2853 solus
278 2786 433 2854 Dominus
448 2798 553 2853 noster
570 2786 657 2852 lesus
674 2785 844 2863 exstiterit,
859 2786 890 2851 iu
907 2806 969 2874 quo
986 2805 1094 2852 ornnes
1111 2785 1271 2865 crucifixi,
1289 2806 1359 2852 om-

177 2929 232 2975 ues
259 2911 391 2991 mortui,
415 2929 523 2978 omnes
548 2909 677 2999 sepulti,
701 2929 809 2976 omnies
832 2909 924 2977 etiam
945 2912 1008 2977 siut
1029 2910 1210 2977 suscitati...
1236 2911 1359 2979 Effusio

176 3034 228 3101 illa
245 3055 304 3124 pro
320 3035 443 3103 iniustis
459 3035 617 3124 sauguinis
634 3035 706 3102 iusti
724 3045 785 3102 tam
803 3047 912 3124 potens
931 3035 988 3103 luit
1003 3035 1041 3104 ad
1058 3035 1275 3124 privilegium,
1294 3042 1358 3104 tam

175 3159 262 3227 diues
285 3160 324 3228 ad
347 3162 499 3251 pretium,
525 3173 559 3228 ut
582 3162 609 3228 si
630 3161 814 3228 universitas
842 3162 1035 3250 captivorum
1058 3162 1090 3228 in
1111 3161 1355 3252 Redemptorem

176 3305 268 3352 suum
284 3285 443 3365 crederet,
462 3286 581 3354 nullum
598 3286 758 3373 tyrannica
774 3287 897 3354 vincula
913 3288 1093 3355 retinerent.
1110 3316 1123 3346 n
1209 3321 1211 3324 ⁴

220 3406 330 3477 Obiter
357 3405 410 3475 hic
433 3406 562 3488 adnoto,
582 3408 707 3475 allatum
728 3408 834 3489 Petri,
859 3408 898 3475 de
922 3429 983 3497 quo
1007 3407 1110 3477 adhuc
1132 3408 1271 3496 egimus,
1296 3428 1357 3476 non

176 3529 299 3597 obstare
323 3531 488 3621 quominus
515 3541 676 3621 putemus,
702 3531 864 3599 iustificari
886 3546 915 3600 et
931 3533 1041 3600 salvari
1072 3552 1164 3623 posse
1188 3532 1357 3601 etiamnum

176 3653 319 3722 homines
334 3655 453 3745 ahsque
468 3654 530 3722 tide
544 3654 660 3722 Christi
679 3657 843 3739 explicito,
862 3657 962 3724 Ellato
985 3677 1042 3723 sua
1063 3655 1117 3723 illo
1134 3655 1360 3725 docerevoluit

176 3780 306 3858 Petrus,
328 3779 372 3845 ait
392 3779 506 3868 Vagae,
531 3791 738 3864 praeceptam
759 3784 910 3848 credente·
933 3781 1058 3849 Christo
1082 3781 1227 3848 amathas
1248 3781 1360 3848 datam

209 4013 229 4079 ²)
246 4015 283 4067 lte
290 4015 474 4082 iustificatione
483 4017 607 4068 doctrina
618 4018 743 4070 antcerea
822 4021 849 4069 1ο
860 4018 932 4072 Fidei
942 4019 1035 4071 Christi
1045 4019 1135 4072 haberi
1144 4031 1220 4086 posse
1230 4018 1358 4084 ignoran-

176 4096 252 4148 tibre's
275 4096 326 4147 XV
346 4097 462 4150 absolate
491 4099 607 4160 tradita,
636 4104 743 4150 anctore
789 4101 852 4153 tiam
864 4101 1053 4154 invincibilem.

176 4179 285 4230 Amtrea
298 4178 376 4245 Vepa.
396 4181 434 4233 De
449 4183 579 4247 praesenti
592 4181 744 4247 quaestione
821 4183 849 4232 2⁰
870 4182 1007 4235 laetificari
1025 4186 1052 4234 et
1069 4182 1163 4234 salvari
1181 4195 1258 4249 passe
1269 4183 1359 4237 homi·

176 4261 286 4327 legenda
308 4267 371 4315 snut
387 4272 455 4330 quoe
470 4264 602 4317 hahentur
620 4265 676 4316 Lib.
690 4265 742 4327 Vl,
789 4278 836 4317 nes
852 4265 951 4331 absque
967 4264 1019 4317 tide
1036 4265 1132 4316 Christi
1149 4265 1283 4331 explicita.

175 4343 238 4410 Cap.
252 4346 299 4407 18,
313 4347 344 4398 19
356 4347 442 4410 0110,
456 4361 509 4414 quo
524 4347 579 4400 loca
600 4347 668 4412 vega
682 4348 743 4400 the·
822 4348 849 4397 3⁰
867 4347 930 4400 Sine
947 4350 1006 4399 actu
1025 4347 1086 4399 fidei
1109 4348 1245 4400 iustificari
1265 4362 1358 4416 posse,

176 4438 217 4478 ses
238 4427 331 4492 probat
352 4433 405 4481 tros
424 4432 564 4496 sequentes
588 4444 594 4480 :
789 4431 834 4497 qni
847 4444 904 4484 eam
916 4429 1275 4496 invincibiliterignorareut.
