3074 5054
178 369 241 438 l98
531 371 666 439 AGTUS
701 371 1030 456 APOSTOLORUM,

174 581 282 662 eorum
310 562 361 650 qui
391 560 653 650 praenunciabant
679 561 842 630 adventum
869 565 956 629 lasti
984 570 1047 649 (του
1068 562 1225 653 ’ὃικαιου),
1256 586 1352 654 quern

174 705 229 751 vos
257 706 339 753 nunc
366 685 464 752 Pilato
490 687 630 753 Praesidi
658 688 797 755 Romano
826 687 1025 778 prodidistis,
1056 700 1086 756 et
1114 711 1170 778 per
1198 710 1269 756 cum
1299 710 1353 755 oc·

177 807 309 876 cidistis.

219 932 311 1018 Quod
327 933 502 1023 Stephanus
528 934 580 1002 hic
595 935 687 1015 dicit,
706 937 825 1004 scilicet
840 939 982 1027 antiquos
999 937 1171 1026 Prophetas
1188 959 1205 1005 a
1222 939 1353 1027 popula·

175 1055 262 1125 ribus
293 1058 358 1124 suis
386 1057 468 1151 ‘male
500 1067 646 1126 tractatos
680 1059 794 1141 luisse,
824 1061 856 1127 id
884 1062 1079 1150 potissimum
1116 1081 1154 1127 ex
1187 1061 1354 1127 traditione

175 1182 305 1249 noverit.
324 1181 371 1248 Cl.
387 1182 421 1250 S.
437 1182 567 1249 Hieron.
586 1183 656 1250 Lib.
675 1185 738 1252 XV
755 1185 785 1249 in
804 1186 926 1264 isaiano,
942 1195 972 1251 et
988 1187 1018 1250 in
1033 1183 1179 1252 Matthaei
1197 1185 1274 1272 Cap.
1291 1187 1350 1253 26.

176 1341 220 1356 —-
242 1305 469 1395 Prophetarum
498 1307 633 1374 osticium
661 1329 721 1374 non
751 1320 816 1376 erat
841 1320 958 1377 tantum
985 1311 1016 1375 in
1042 1309 1267 1398 praedicendo,
1296 1309 1354 1375 sed

174 1431 265 1508 etiam
281 1431 311 1495 in
329 1429 485 1509 docendo,
512 1430 722 1511 exliortaudo,
749 1432 958 1520 corripiendo.
987 1433 1053 1499 Nec
1077 1432 1160 1520 qudd
1183 1432 1354 1499 adventum
1407 1456 1413 1470 ¹

176 1553 309 1621 Messiae
333 1551 549 1646 praedicebant
575 1553 767 1642 Prophetae,
793 1554 847 1621 sed
875 1555 957 1643 qubd
985 1554 1116 1620 crimina
1140 1555 1353 1622 lsraiilitarum

177 1675 404 1763 corripiebant,
424 1677 621 1765 popularium
638 1697 765 1744 suorum
785 1676 1054 1765 persecutionibus
1071 1676 1196 1743 obnoxii
1213 1675 1351 1743 luerunt.

178 1838 222 1848 -
245 1801 348 1866 lesum
369 1801 560 1868 Nazarenum
585 1800 759 1889 Stephanus
780 1812 870 1867 vocat
890 1824 940 1865 τον
965 1796 1102 1878 baasor,
1125 1798 1158 1866 b.
1178 1821 1206 1864 e.
1233 1802 1355 1866 lustum

176 1945 237 2008 per
259 1926 496 2008 excellentiam,
524 1945 615 2012 quem
640 1925 689 1991 isti
711 1936 809 1992 tamen
838 1935 993 2013 tamquam
1017 1923 1244 1991 malefactorem
1269 1923 1354 1990 occi-

179 2047 298 2115 derant.
326 2048 426 2116 Simul
454 2049 571 2129 innuit,
601 2050 729 2114 lostam
756 2049 841 2115 illum
872 2068 940 2114 esse
967 2045 1113 2114 Messiam
1141 2066 1159 2112 a
1185 2044 1354 2134 Prophetis

180 2171 384 2261 praedictum.

224 2448 279 2513 53.
301 2445 365 2523 Qot
386 2448 552 2528 accepistis
580 2440 703 2528 tepent).
736 2445 796 2508 Pro
824 2444 879 2524 qni
908 2441 1027 2507 Graece
1049 2449 1096 2504 est
1123 2443 1245 2518 οἰτινες,
1269 2441 1355 2528 quod

177 2567 255 2636 mihi
279 2567 401 2634 videtur
429 2565 481 2633 hic
508 2587 575 2633 eam
603 2566 717 2634 habere
745 2565 826 2644 vim,
850 2583 887 2630 ac
909 2563 934 2629 si
964 2561 1138 2650 Stephanus
1167 2563 1356 2629 Germanice

179 2693 308 2761 dixisset
333 2713 341 2754 ε
365 2713 669 2772 unuscuuu,nru1ua
691 2692 747 2754 dos
773 2688 885 2754 Gesetz
909 2689 1114 2770 empfienpet,
1132 2699 1192 2753 etc.
1211 2725 1255 2734 -
1272 2685 1355 2749 Ελα-

93 2886 95 2889 ,
177 2815 243 2904 βετε
259 2841 309 2882 τον
325 2840 415 2904 νομον
433 2838 493 2884 non
511 2827 558 2883 est
573 2817 680 2882 Latine
696 2812 887 2880 reddendum
911 2814 1094 2894 recepistis,
1113 2822 1164 2878 aut
1181 2813 1356 2878 admisistis

177 2943 288 3027 Lapara
310 2940 376 3030 (τον
403 2963 514 3026 sopor,
538 2940 607 3007 scil.
630 2941 837 3013 Mosoicomh
861 2935 916 3002 sed
944 2939 1107 3019 accepistis
1134 2936 1265 3018 Lacona,
1292 2957 1356 3024 quc

176 3092 270 3139 sensu
285 3070 354 3137 aliis
370 3069 473 3135 verbis
490 3079 522 3135 tu
538 3068 657 3135 diceres
677 3092 684 3133 :
704 3069 777 3132 doto
793 3066 879 3131 cobis
897 3075 942 3129 est
956 3066 1034 3129 Laoc.

222 3201 258 3262 in
275 3195 479 3280 dispositione
496 3189 708 3279 sopitorum).
728 3192 870 3260 Graece:
887 3212 927 3262 εις
944 3185 1090 3277 discerpas
1108 3184 1255 3275 appeler,
1275 3205 1357 3274 quae

175 3321 268 3389 verba
284 3320 441 3388 difficilem
458 3317 571 3385 habent
590 3317 793 3383 intellectum.
813 3316 854 3382 Ut
878 3313 954 3380 mihi
980 3311 1105 3400 quidem
1128 3311 1263 3386 uidetur,
1283 3311 1356 3377 red-

176 3445 276 3513 denda
304 3444 367 3510 sint
390 3466 397 3508 :
421 3442 642 3526 praesentibus
671 3443 858 3524 onpelorum
885 3437 1083 3520 oraminibus,⁸
1109 3434 1259 3522 belgice:
1280 3456 1358 3499 coor

174 3567 247 3658 (εις)
263 3569 525 3651 capeiensclmren
542 3561 701 3653 (διαταγας
718 3561 880 3652 oppedam).
900 3560 1040 3653 Verbum
1065 3555 1083 3622 d
1087 3580 1241 3622 ιατασσειν
1259 3579 1356 3626 usur-

175 3703 265 3782 patur
277 3692 309 3757 in
326 3711 360 3757 rc
376 3689 501 3758 militari
519 3670 558 3756 de
574 3690 754 3755 ordinando
770 3691 896 3771 cymino
903 3713 915 3766 ,·
928 3685 998 3752 vide
1016 3687 1032 3749 l
1048 3682 1189 3751 Maccab.
1209 3684 1254 3750 Vl
1272 3709 1279 3749 :
1296 3686 1354 3765 35,

176 3827 205 3882 ct
222 3818 242 3882 i
259 3813 400 3882 Maccab.
415 3814 478 3879 Xll
498 3816 577 3882 :Ph
596 3813 644 3879 Ab
661 3811 721 3879 hoo
738 3811 844 3881 Verbo
861 3811 997 3877 derivata
1013 3829 1073 3874 vox
1089 3803 1226 3882 ὃιαταξις
1243 3807 1358 3894 legitur

177 3937 215 4004 dc
239 3941 406 4021 composito
430 3940 576 4021 spaniae,-
594 3937 662 4004 vide
685 3936 789 4004 ludith
806 3938 843 4003 1:
860 3937 900 4012 43
927 3954 1023 4021 eaque
1048 3953 1122 3998 voce
1146 3930 1357 4018 Symmachus

178 4071 208 4128 et
229 4059 424 4128 Theodotion
452 4060 549 4150 (apud
577 4062 818 4129 Schlcusnerum
843 4060 874 4125 in
903 4057 999 4125 Thes.
1025 4058 1056 4123 in
1087 4056 1159 4123 libr.
1184 4055 1226 4122 V.
1252 4057 1291 4120 Τ.
1317 4056 1356 4122 ad

177 4184 210 4252 h.
231 4182 271 4272 l.)
296 4184 496 4252 reddiderunt
520 4188 541 4253 P
564 4188 641 4273 Reg·
667 4181 1044 4252 xxt112avocabulun
1074 4179 1264 4246 Hebraicum
1293 4193 1356 4266 aas

177 4313 344 4375 exercitos.
376 4312 440 4377 lam
468 4331 541 4377 vero
569 4312 721 4390 coniicio,
751 4328 858 4375 vocem
887 4303 1036 4395 ὃιαταγη,
1059 4325 1138 4393 quae
1167 4302 1274 4370 itidem
1302 4299 1357 4367 de-

177 4431 273 4508 rivata
289 4445 367 4501 esta
384 4431 578 4537 dictasses,
596 4436 627 4501 in
653 4455 712 4502 usu
740 4431 886 4522 loquendi
915 4431 1031 4520 pariter
1057 4428 1228 4496 adhibitam
1259 4425 1358 4494 luisse
