3074 5054
485 415 622 481 CAPUT
657 415 753 494 xtv‚
790 416 913 486 vulta.
954 417 1097 486 ta-tt.
1314 417 1381 484 aab

202 603 360 697 προπυλος,
376 604 443 694 qui,
464 605 547 695 qudd
564 603 739 692 πολιουχος,
757 605 846 673 urbis
862 608 949 672 Deua
970 609 1126 687 dulcioris,
1141 616 1245 671 custos
1261 618 1291 673 et
1307 625 1379 672 0011-
1428 589 1433 598 ¹

200 742 332 799 servatur
348 742 449 812 esset,
468 731 499 796 in
517 730 668 798 suburbio
685 730 852 810 coleretur,
878 731 986 819 ibique
1007 734 1160 815 temptum
1176 729 1304 798 haberet
1320 729 1380 797 sibi

199 876 328 925 sacrum.
343 858 422 924 Nam
440 856 478 924 de
494 856 630 945 simplici
649 855 816 923 simulacro
834 857 916 923 lovis
932 867 1002 924 ante
1018 857 1105 924 urbis
1123 867 1245 945 portam
1262 855 1379 945 posito,

199 977 340 1048 hocloco
358 999 462 1047 sermo
480 1000 625 1048 essenon
644 991 764 1068 potest,
790 999 887 1067 quum
911 967 1040 1046 deorum
1058 990 1176 1046 statuae
1192 980 1238 1046 sic
1254 978 1312 1046 sub
1329 978 1381 1045 dio

198 1102 360 1171 collocatae
377 1122 451 1171 suos
467 1115 551 1171 certe
568 1123 629 1169 non
654 1100 804 1169 haberent
828 1102 1017 1169 sacerdotes.
1045 1101 1283 1190 Intelligendum
1308 1121 1381 1189 ergo

198 1239 237 1295 est
264 1231 416 1313 templum
444 1229 534 1294 Iovis
561 1239 633 1293 onte
660 1226 769 1292 urbem
798 1226 945 1314 positum.
977 1225 1093 1292 Sensus
1121 1235 1199 1291 est:
1228 1204 1396 1291 Sacerdos

198 1371 315 1441 quoque
339 1347 395 1441 (de)
421 1352 526 1441 templi
556 1351 638 1418 loris
667 1349 857 1430 suburbani,
884 1352 926 1416 cd
940 1353 1026 1435 fores
1041 1331 1113 1438 (επιΙ
1131 1372 1199 1422 τους
1222 1345 1382 1435 ruiturae)

197 1474 333 1542 uestibuli
353 1473 473 1542 aedium
492 1473 655 1563 inquibus
679 1472 795 1541 Paulus
818 1482 848 1539 et
864 1473 1023 1541 Barnabas
1047 1472 1294 1552 diversabantur,
1314 1482 1381 1538 tau-

196 1617 241 1664 ros
265 1609 296 1665 et
320 1619 451 1666 coronas
473 1596 648 1678 adferebat,
667 1595 826 1686 Apostolis
844 1595 886 1664 ibi
913 1609 1071 1685 tamquam
1087 1596 1146 1664 diis
1164 1594 1379 1685 praesentibus

191 1725 432 1806 sacrificaturus
450 1719 544 1813 (ηθελε
560 1720 649 1803 boatu)
664 1724 731 1787 arrd
748 1742 819 1787 cum
831 1723 951 1805 populo
967 1720 1040 1809 (συν
1056 1745 1119 1795 τοις
1136 1718 1265 1807 opilare).

235 1847 381 1912 Coronae
397 1846 468 1914 illae
483 1850 672 1935 (στεμματα)
691 1844 860 1912 destinatae
883 1855 971 1911 erant
992 1844 1178 1913 coronandis
1194 1855 1259 1912 tum
1276 1864 1378 1912 sacer-

187 1968 252 2037 doti
280 1971 412 2060 eiusque
439 1971 609 2052 ministris,
639 1981 704 2037 tum
734 1971 825 2038 etiam
854 1970 989 2036 uictimis
1017 1982 1048 2038 et
1069 1990 1152 2037 arae.
1177 1971 1275 2052 Nam,
1301 1980 1375 2036 teste

182 2090 380 2162 Tertulliano
409 2096 461 2185 (de
494 2095 640 2175 Coronis,
669 2096 746 2184 Cap.
776 2093 832 2174 X),
863 2095 894 2161 in
925 2114 1011 2161 more
1043 2094 1179 2183 positum
1203 2104 1269 2161 erat
1291 2091 1374 2182 apud

183 2219 347 2302 Gentiles,
373 2230 407 2287 ut
427 2220 466 2288 ad
488 2220 697 2309 peragendum
718 2220 908 2287 sacriticium
936 2224 1024 2304 ipone
1047 2222 1168 2286 boetico
1185 2232 1216 2287 et
1238 2242 1330 2304 orne,
1350 2230 1380 2287 et

176 2346 251 2426 ipsi
271 2347 421 2410 ministri
436 2357 466 2412 et
481 2348 655 2412 sacerdotes
679 2366 790 2412 eorum
813 2357 1056 2412 coronarentur.
1076 2344 1172 2413 Varia
1188 2344 1378 2432 scriptorum

175 2475 328 2535 veterum
355 2466 435 2548 loc'a,
465 2467 550 2536 hunc
574 2469 652 2537 ritus
677 2470 859 2558 spectantia,
887 2469 1079 2556 collegerunt
1105 2467 1308 2556 Doughtaeus
1334 2466 1376 2549 (in

185 2593 359 2659 duotrctis
376 2595 491 2659 sacris.
510 2593 645 2661 Excurs.
666 2593 738 2683 bt),
755 2604 786 2660 et
800 2594 996 2661 Wetstenius
1012 2591 1067 2673 (ad
1084 2591 1117 2660 b.
1137 2592 1187 2675 l).

238 2825 382 2892 lb-ld.
401 2826 492 2904 Quod
504 2824 559 2889 ubi
570 2823 773 2889 cardierrrntd
778 2825 910 2905 postoli,
921 2820 1011 2907 etc).
1025 2821 1266 2910 Quamprimum
1274 2822 1377 2910 Apos-

182 2946 264 3028 toli,
283 2947 389 3014 nescio
413 2967 431 3013 a
455 2967 535 3035 qut),
554 2948 750 3011 audivissent
770 2947 977 3030 (ακουσαντες)
995 2944 1027 3011 id
1048 2944 1096 3033 agi
1113 2955 1147 3011 ut
1163 2943 1240 3033 ipsis
1257 2943 1376 3011 sactifi-

184 3080 326 3151 caretur,
346 3070 473 3137 minime
486 3069 621 3136 tulerunt
637 3079 750 3135 tantam
768 3068 977 3157 impietatem,
993 3066 1049 3134 sed
1066 3066 1196 3146 tunicis,
1215 3086 1273 3154 pro
1289 3085 1378 3133 more

195 3191 378 3260 ludaeorum
394 3191 517 3274 (Mattb.
543 3193 677 3261 XXVI:
697 3193 766 3270 65),
788 3211 862 3279 prae
879 3189 1089 3278 indignatione
1114 3190 1262 3254 discissis
1280 3183 1378 3278 (drap-

197 3308 358 3400 ρηξαντες),
389 3335 427 3380 ex
455 3314 592 3403 hospitio
621 3335 677 3381 suo
700 3316 915 3398 prosilierunt
943 3308 1159 3402 (εξεπηδησαν)
1184 3311 1215 3376 ln
1240 3309 1375 3387 turbant,

197 3431 358 3502 clamantes
378 3460 384 3502 :
403 3437 491 3504 Viri!
511 3459 570 3503 cur
585 3432 718 3520 (rr-edio
735 3435 781 3525 τι)
797 3436 856 3502 ista
879 3435 1002 3502 tacitis?
1026 3437 1121 3500 etiam
1146 3454 1221 3513 noa,
1247 3432 1376 3521 perinde

197 3575 229 3623 ac
244 3579 312 3640 vos,
327 3562 467 3628 homiues
481 3584 590 3628 stamus
607 3567 670 3651 (και
684 3562 768 3648 ripam
792 3560 983 3647 ὁμοιοπαθεις
1000 3581 1090 3645 εσμεν
1108 3559 1178 3645 ripun
1193 3555 1373 3648 ανθρωποι),

199 3683 247 3768 qui
275 3684 363 3751 vobis
388 3687 610 3768 praedicamus
637 3683 925 3775 (ευαγγελιζομενοι.
956 3679 1072 3769 Med),
1103 3693 1247 3767 oportere
1275 3701 1329 3748 vus
1356 3704 1376 3747 a

198 3810 285 3872 nareis
302 3811 372 3874 istis
388 3809 458 3875 Diis
475 3813 547 3896 (απο
562 3831 675 3873 τουτων
692 3832 752 3873 των
770 3830 924 3895 paratur,
939 3807 1009 3874 scil.
1025 3805 1111 3891 Θεων)
1127 3817 1307 3871 convertere
1323 3825 1377 3871 uos

198 3927 408 4023 (επιστρεφειν)
436 3933 476 4000 ad
499 3935 600 4001 Deum
629 3934 733 4001 vivum
757 3943 788 4001 et
811 3953 939 4013 uerum,
971 3931 1023 4021 qui
1053 3931 1169 3997 creavit
1194 3928 1315 3996 coelum
1347 3939 1379 3996 et

200 4064 330 4137 terram,
357 4066 418 4124 etc.

241 4180 313 4248 Vox
341 4181 540 4267 ὁμοιοπαθης,
569 4185 720 4250 sinrititer
747 4184 897 4265 effeetus,
924 4181 956 4247 in
980 4200 1039 4247 usu
1062 4177 1229 4248 adhibetur
1253 4197 1378 4266 quoque

201 4337 358 4352 bau-.-

231 4444 251 4508 1)
268 4443 328 4497 th.
343 4443 446 4496 Henric.
467 4443 558 4511 Stepb.
576 4444 602 4496 in
622 4444 710 4495 Thess.
724 4443 757 4496 ad
774 4443 802 4496 b.
814 4456 839 4495 r.
