3074 5054
187 395 253 463 290
527 392 663 462 Aenus
697 392 1030 475 APOSTOLORUM,

183 580 391 673 γελιζομενος,
411 592 444 649 ut
460 584 548 649 lesus
564 582 708 650 Christus
724 582 777 650 lric
794 581 916 652 dicatur
930 589 1022 669 pacis
1038 584 1123 651 illius
1140 583 1366 673 promulgator,

184 708 239 775 sed
255 726 327 774 cum
343 726 419 773 voce
442 729 575 797 ειρηνην,
589 718 622 774 ut
639 706 690 773 illa
705 727 772 790 pare
792 707 858 774 sive
874 711 1093 774 reconciliatio
1108 707 1297 794 intelligatur
1311 707 1368 775 ab·

185 832 310 898 tinenda
325 853 381 898 ren
403 834 505 899 lesum
527 830 706 910 Christum,
721 831 755 899 h.
780 853 808 898 e.
828 854 885 922 per
909 836 976 901 eius
1001 835 1122 902 merita.
1145 835 1245 920 Quam
1272 836 1368 901 inter-

184 956 386 1045 pretationem
419 956 576 1045 postulare
603 955 679 1022 milri
709 955 833 1022 videtur
860 957 894 1024 id
922 957 1005 1046 quod
1033 959 1174 1046 sequitur
1204 980 1212 1020 :
1243 961 1293 1024 leia
1323 971 1369 1025 eet

182 1083 326 1147 amnium
346 1081 518 1160 Dominae,
535 1079 574 1147 h..
589 1100 617 1146 e.
637 1100 697 1146 non
723 1078 909 1147 ludaeorum
935 1092 1072 1163 tantum,
1091 1081 1147 1149 sed
1169 1083 1261 1149 etiam
1282 1082 1367 1150 Gen·

181 1204 302 1285 tilium,
321 1204 438 1293 quippe
454 1203 507 1292 qui
524 1223 581 1271 suo
598 1203 747 1290 sangnine
763 1214 825 1270 tam
842 1203 900 1271 llos
925 1224 1018 1292 quam
1039 1204 1110 1272 illos
1126 1205 1267 1273 redemit.
1285 1206 1366 1272 Nam

181 1326 243 1395 hoc
269 1328 359 1394 effato
389 1329 500 1394 Petrus
529 1327 659 1394 innuere
686 1326 836 1407 voluerit,
866 1327 1151 1395 reconciliationem
1181 1348 1238 1416 per
1261 1330 1366 1395 lesum

180 1449 339 1518 Christum
364 1448 560 1517 obtinendam
587 1449 743 1538 pertinere
759 1469 820 1516 non
842 1448 881 1516 ad
906 1450 989 1517 salos
1014 1451 1189 1530 lsralilitas‚
1207 1449 1263 1517 sed
1279 1460 1310 1516 et
1326 1448 1366 1516 ad

183 1577 318 1667 reliquas
341 1587 464 1664 gentes,
478 1596 576 1662 qaam
600 1578 646 1643 eit
671 1577 828 1642 Dominae
852 1579 1018 1659 omniam;
1035 1574 1119 1666 quod
1135 1596 1208 1643 mox
1224 1577 1285 1665 (vs.
1305 1574 1367 1664 45)

181 1701 357 1771 distinctius
381 1703 533 1783 declarat,
560 1702 634 1770 dnm
657 1701 732 1769 dicit
753 1725 761 1766 z
785 1703 871 1769 Huic
892 1725 1000 1769 ornnes
1023 1706 1201 1787 Prophetae
1225 1704 1366 1769 testimo-

179 1830 268 1894 niam
281 1829 465 1912 perleident,
485 1829 702 1892 remissionem
715 1839 917 1910 peccatoram
935 1829 1078 1910 accipere
1092 1848 1152 1916 per
1168 1848 1282 1892 nornen
1298 1828 1367 1892 eins

179 1973 287 2017 ornnes
303 1954 359 2038 qni
373 1954 558 2018 credentia
574 1973 657 2017 earn.
677 1952 746 2018 Non
764 1950 891 2039 quidem
907 1950 1055 2030 diffiteor,
1070 1951 1096 2017 si
1114 1948 1285 2037 iungendae
1301 1949 1381 2016 sint'

179 2095 271 2143 voces
289 2071 339 2139 dea
359 2077 449 2148 Ιησου
472 2075 609 2165 Χριστου
630 2095 702 2141 cum
722 2096 856 2166 ειρηνην,
875 2074 972 2141 luisse
996 2085 1082 2151 tum,
1108 2071 1280 2139 secundum
1300 2073 1366 2139 usi·

180 2206 272 2264 talam
297 2197 464 2284 Syntaxin,
490 2196 690 2265 scribendum
710 2217 716 2255 ε
736 2218 850 2286 erperae
875 2218 927 2270 την
945 2192 998 2259 δια
1018 2196 1109 2270 Iacca
1133 2195 1288 2285 Χριστου,
1307 2193 1364 2262 sed

178 2322 361 2404 idem-scio,
378 2322 460 2390 hanc
475 2321 624 2410 syntaxin
641 2342 702 2389 non
722 2320 818 2388 fuisse
838 2330 990 2409 perpetuo
1009 2317 1215 2386 observatam.
1233 2317 1364 2388 Videsis

180 2445 306 2532 quaein
323 2443 403 2512 hanc
419 2465 484 2511 rem
502 2444 676 2512 notavimus
692 2443 724 2509 in
741 2445 801 2532 Ep.
821 2441 859 2509 ad
876 2441 1096 2531 Philippenses
1112 2439 1151 2507 ad
1167 2441 1244 2530 Cap.
1265 2442 1277 2507 l
1298 2465 1307 2509 ε
1328 2443 1362 2509 5.

225 2691 280 2757 57.
308 2691 369 2756 Vae
391 2691 474 2755 scitia
494 2690 578 2772 qnod
599 2690 719 2771 [octana
742 2696 787 2751 eet
809 2683 1270 2774 vernnn,ere.).1oretligimr
1292 2705 1364 2751 ver-

137 2830 139 2834 ·
179 2812 253 2880 hum
282 2810 520 2900 praedicationis
549 2809 726 2896 Evangelii,
757 2819 789 2875 nt
816 2827 911 2896 supra
934 2808 996 2874 iam
1017 2807 1166 2892 diximus.
1186 2805 1364 2899 Αρξαμενον

178 2935 292 3025 pendet
317 2935 355 3003 ah
379 2946 555 3022 antegressa
579 2957 612 2996 ra
635 2953 792 3023 praeparor
817 2954 912 3022 papa.
939 2932 1056 2999 Sensus
1081 2943 1128 2999 est
1155 2933 1249 3000 :Vos
1274 2932 1365 2998 scitis

85 3088 87 3091 ’
177 3063 397 3130 annunciatum
425 3060 502 3128 illud
529 3060 659 3128 verbum
688 3067 776 3150 (cette
800 3060 912 3141 parole
937 3059 1082 3144 patente)
1104 3067 1282 3148 portatam
1312 3060 1365 3125 lu-

176 3184 303 3265 daeam‚
320 3188 403 3269 sacto
421 3186 673 3270 praedicationis
696 3183 827 3247 exordio
850 3176 1044 3268 (αρξαμενον,
1064 3202 1096 3268 q.
1116 3179 1148 3246 d.
1167 3178 1365 3267 enortnae)a

178 3308 328 3388 Galilaea,
342 3317 412 3397 post
429 3307 631 3396 baptismum,
647 3325 740 3394 quem
756 3302 954 3393 praedicabat
973 3305 1116 3370 loannes.
1132 3341 1175 3351 -
1192 3305 1364 3392 Postquam

176 3452 362 3522 praecursor
379 3435 595 3517 praedicando
612 3433 803 3514 daptiemnrn
820 3431 1035 3512 paenitentiae
1051 3431 1136 3494 viarn
1151 3429 1289 3493 Domino
1305 3449 1365 3513 pa-

176 3567 276 3623 rasset
298 3555 393 3645 (Luc.
420 3558 491 3623 lll:
512 3559 552 3637 5,
572 3556 621 3644 l),
640 3564 706 3621 tum
731 3551 858 3619 demum
878 3570 966 3619 suam
991 3553 1079 3620 lesus
1103 3550 1246 3620 Christus
1270 3573 1365 3620 evan—

176 3677 307 3766 gelicam
324 3678 585 3767 praedicationem
601 3675 772 3743 inchoavit.

222 3922 277 3988 58.
296 3923 403 3990 leena
415 3947 434 3990 a
446 3925 625 4006 Nazareth,
639 3923 791 4008 quarnaco
807 3922 901 3986 annii
914 3939 985 3983 earn
1003 3918 1087 3982 Deras
1103 3916 1231 4000 Spiritu
1243 3917 1366 3984 Sancta

174 4056 204 4110 et
226 4049 367 4132 virtute).
394 4048 495 4137 Supra
522 4047 584 4114 iam
610 4045 810 4123 monuimuS,
833 4041 1054 4109 Accusativum
1083 4037 1165 4106 hunc
1183 4063 1191 4105 ι
1210 4040 1323 4106 Ieenrn
1344 4064 1366 4106 a
1406 4136 1410 4141 ᾗ

175 4168 356 4250 Nazareth,
375 4168 512 4258 pendere
535 4168 574 4235 ab
598 4178 775 4254 antegressa
795 4183 803 4229 ι
826 4187 879 4232 voe
900 4168 1001 4231 saitis.
1022 4165 1129 4253 ltaque
1151 4183 1263 4230 sensus
1284 4176 1363 4232 est:

176 4292 391 4374 lnaudivistis,
410 4294 554 4382 inquam,
573 4290 611 4358 de
636 4292 707 4358 lesu
729 4291 907 4370 Nazarena,
926 4298 961 4354 ut
980 4288 1106 4355 unxerit
1127 4299 1302 4376 cumpetc.
1319 4329 1366 4339 —

220 4417 308 4484 lesus
324 4415 486 4499 Christus,
504 4416 722 4497 Homo-Daue,
740 4415 842 4483 aDeo
859 4423 970 4482 unctus
986 4413 1044 4480 iuit
1059 4411 1232 4480 secundum
1248 4416 1367 4482 lanma-
