3074 5054
191 370 256 441 296
494 439 498 448 ‚
551 379 682 446 ACTUS
718 380 1054 463 trasumenum,

186 565 368 650 penuriam,
399 586 459 654 qua
497 567 657 647 laborant,
687 571 855 637 Nominum
883 571 1128 651 adieetivorum,
1160 573 1271 642 borum
1305 576 1375 642 loeo

184 688 380 757 Substantiva
405 691 553 758 adbibere
577 694 688 759 solent.
709 697 770 760 Pro
787 693 864 780 χολη
889 719 1009 787 ereptae
1025 699 1107 786 apud
1125 700 1215 765 LXX
1232 702 1374 766 occurrit

182 813 369 901 (Deuteron.
396 817 534 886 XXlX:
557 818 614 906 l7)
638 818 715 905 χολη
740 845 790 882 και,
814 844 938 910 erepte,
963 823 1012 889 eni
1043 825 1209 912 respondet
1239 827 1372 893 llebrai-

182 947 265 1005 eum¹
290 939 370 1026 rippa]
398 942 481 1021 uba,
500 943 663 1029 quodibi,
683 944 846 1010 ntloeutin
869 949 935 1033 ριζα
961 970 1079 1035 πικριας
1102 949 1133 1014 in
1162 951 1218 1036 Ep.
1239 949 1277 1015 ad
1306 951 1368 1016 lle-

186 1060 294 1128 braeos
310 1064 374 1129 Xll
395 1089 402 1129 :
424 1066 478 1145 lb,
500 1066 618 1153 tropice
640 1066 755 1133 dieitur
779 1067 817 1133 do
840 1072 1001 1150 pravitate
1029 1074 1147 1150 anion,
1167 1083 1238 1159 puta
1257 1093 1370 1160 peena-

182 1198 282 1254 torum
308 1209 425 1257 ueneno
450 1189 567 1258 inleeti.
599 1192 671 1258 Vox
699 1189 867 1278 συνδεσμος
891 1194 1003 1281 (Vulg.
1031 1193 1192 1281 oblipotio)
1214 1197 1372 1283 signifieat

181 1313 407 1394 lipnmentum,
435 1323 464 1378 el
487 1333 559 1378 mox
586 1317 759 1381 vinculum.
794 1316 957 1382 Genitiuus
983 1312 1101 1391 αδικιας
1131 1329 1177 1383 est
1205 1319 1372 1385 Genitivus

179 1438 308 1501 sribieeti
324 1459 333 1496 .·
350 1457 406 1502 sua
423 1457 492 1502 eum
511 1437 658 1524 iniquitas
683 1438 770 1525 quasi
797 1439 983 1525 quibusdam
1008 1440 1141 1506 vinculis
1162 1442 1366 1508 eornstriotum

180 1573 280 1639 tenet;
299 1571 476 1629 -tantum
494 1562 636 1630 abestab
654 1564 762 1650 integri
789 1577 818 1631 et
842 1566 930 1652 probi
956 1564 1091 1632 bominis
1109 1566 1269 1633 libertatel
1288 1568 1366 1635 Sen-

179 1707 233 1754 sus
256 1699 328 1753 est:
352 1686 450 1752 Video
473 1687 652 1774 peruenisse
674 1697 703 1752 te
724 1687 763 1753 ad
779 1708 920 1773 magnam
948 1689 1148 1776 pravitatem,
1173 1700 1203 1754 et
1225 1690 1365 1756 animum

179 1808 293 1876 habere
311 1820 509 1897 peecatorum
526 1811 660 1878 vinculis
676 1811 815 1899 undique
832 1794 1023 1900 colligatum.

223 2058 278 2124 bl.
306 2058 530 2140 Respondeas,
561 2055 652 2144 ete).
683 2055 861 2146 Αποκριθεις
886 2058 961 2122 Aer.
987 2058 1078 2122 Pass.
1100 2076 1156 2144 pro
1173 2059 1251 2122 llor.
1271 2057 1358 2122 Med.

181 2177 260 2244 Vide
276 2181 334 2246 Gr.
355 2200 423 2267 pag.
440 2181 518 2247 all.
535 2182 568 2259 2,
584 2190 613 2245 et
631 2179 668 2246 tle
691 2199 750 2244 usn
776 2177 864 2243 istius
883 2177 981 2256 verbi,
1001 2177 1070 2244 virle
1087 2199 1194 2266 supra,
1215 2199 1284 2266 pag.
1301 2181 1358 2246 85.

178 2299 277 2377 Μηδεν
292 2303 331 2368 ὡν
349 2327 496 2393 erponem,
516 2325 571 2391 per
589 2304 834 2384 Attroete'ortenr,
852 2323 908 2390 pro
927 2297 1019 2386 pulsu
1037 2325 1153 2367 oestron
1173 2303 1192 2364 ἁ.
1209 2325 1362 2391 erpo-eure.

179 2429 397 2516 lntelliguntur
424 2439 526 2494 autem
555 2448 590 2493 en
619 2448 697 2516 qnae
727 2430 836 2493 Petrus
865 2426 982 2492 Simoni
1012 2427 1218 2493 comminatus
1249 2427 1363 2494 luerat.

179 2553 263 2636 llaee
280 2573 350 2618 rere
367 2572 517 2640 quaenam
535 2551 666 2627 frierint,
688 2552 786 2616 Lucus
803 2570 863 2615 non
882 2551 1046 2636 expressit.
1068 2553 1104 2614 Et
1123 2550 1283 2637 probabile
1300 2562 1362 2632 est,
1385 2572 1390 2577 ·

177 2676 268 2741 etiam
299 2677 444 2742 loannem
473 2674 693 2741 comminatum
723 2672 819 2739 luisse
847 2673 983 2750 Simoni,
1015 2693 1110 2759 quum
1140 2673 1166 2737 is
1195 2686 1366 2762 utrumque

173 2799 349 2887 alloquatur·
379 2820 386 2860 ε
417 2821 496 2884 qrroe
524 2800 669 2881 dixistis,
706 2797 818 2884 inquit.
854 2795 1025 2882 Emplrusin
1059 2795 1150 2861 bubet
1182 2797 1361 2862 Pronomen

175 2925 260 3008 ὑμεις
288 2924 426 2990 iunctum
453 2923 639 3011 lmperatiro
664 2918 794 2994 δεηθητε.
822 2919 963 2987 Verbum
986 2915 1094 3004 ὃεομαι
1123 2919 1198 2984 alias
1220 2921 1360 2986 eorustrui

173 3043 252 3110 solet
267 3064 338 3110 oum
356 3045 517 3125 Genillv03
536 3065 632 3132 quare
650 3056 767 3131 putem,
786 3038 904 3113 (lembure
928 3064 1000 3130 προς
1023 3065 1073 3103 τον
1099 3039 1176 3106 beon
1195 3039 1246 3107 ltlc
1262 3063 1358 3124 prue-

172 3180 309 3252 qttnnler
332 3190 400 3237 esse
427 3169 544 3237 dictum
570 3190 627 3258 pru
652 3165 771 3242 δεηθητε
799 3190 954 3251 ευχομενοι
980 3189 1052 3255 προς
1075 3189 1125 3228 τον
1147 3163 1236 3231 Θεον.
1264 3167 1315 3232 Cf.
1341 3169 1362 3235 2

174 3293 249 3361 Cor.
278 3296 386 3361 Xlll:
413 3297 446 3361 7.
476 3295 583 3361 Simon
610 3293 685 3382 quin
710 3294 836 3358 territus
862 3313 932 3358 rere
957 3291 1026 3357 sibi·
1044 3292 1198 3367 timuerit,
1222 3313 1284 3358 non
1316 3294 1362 3358 vi·

175 3415 264 3483 detur
280 3437 349 3483 esse
365 3416 587 3497 dubitandum3
613 3413 667 3483 sed
693 3435 764 3481 eum
789 3413 894 3480 itidem
920 3414 1078 3502 pravitatis
1102 3434 1175 3479 suae
1193 3435 1265 3481 vero
1283 3437 1359 3505 poe·

175 3537 323 3618 nituisse,
348 3538 497 3607 credibile
523 3559 582 3604 non
609 3549 672 3618 est,
702 3557 818 3626 quum,
849 3537 1000 3602 referente
1023 3537 1056 3603 S.
1082 3538 1208 3603 lrenaeo
1238 3539 1358 3625 (llaer.

174 3660 244 3727 Lib.
268 3663 301 3742 l,
327 3661 404 3749 Cap.
435 3661 505 3750 20),
533 3674 603 3750 post
631 3661 803 3728 discessum
832 3661 1053 3750 Apostolorum
1085 3660 1196 3725 multos
1224 3660 1361 3727 Samari-

176 3793 261 3849 tanos
277 3782 452 3862 seduxerit,
471 3795 501 3865 et
516 3804 533 3850 a
551 3782 611 3850 lide
628 3783 743 3850 Clrristi
762 3783 919 3849 averterit.

219 4014 275 4080 ab.
301 4013 347 4077 Er
370 4015 419 4078 illi
442 4016 589 4097 peridem,
607 4009 698 4098 eto).
729 4009 767 4072 Οἱ
786 4033 839 4096 μεν
857 4035 950 4074 ουν...
972 4013 1034 4102 (us.
1053 4014 1152 4099 ab)...
1172 4009 1308 4101 Αγγελος
1326 4009 1358 4078 δε

174 4158 333 4168 ——a—-a—

207 4241 225 4307 1)
245 4242 299 4293 Vox
325 4229 389 4288 lltlff
411 4242 443 4293 de
461 4257 598 4306 papavere
612 4242 738 4295 dicitura
786 4237 872 4288 belut.
897 4237 934 4288 Ad
958 4251 1045 4289 vocem
1065 4223 1135 4312 ΠΞΞ)
1153 4240 1223 4305 quod
1246 4242 1356 4305 alllnel,

172 4324 302 4390 capitibus
312 4341 322 4382 ;
332 4323 422 4375 conten
436 4324 597 4376 Nostratium
608 4324 739 4391 monlon·
786 4326 850 4379 haee
877 4326 910 4379 do
939 4328 1070 4381 absinthio
1098 4331 1195 4384 dicitur
1222 4335 1356 4400 tamqnam

172 4409 267 4463 deinde
285 4397 348 4456 uun
373 4410 406 4462 de
427 4412 520 4477 quovis
541 4425 642 4464 veneno
661 4411 735 4463 edbi·
784 4419 865 4471 perna
880 4421 975 4473 poeta,
