3074 5054
452 409 590 477 CAPUT
624 407 722 485 Vlll,
760 403 883 471 VERS.
923 401 1070 469 at-aa.
1287 395 1351 461 117

176 600 393 667 particularum
423 620 476 683 μεν
505 609 535 663 et
563 593 595 660 de
623 615 698 662 usus
727 593 780 660 hic
810 588 1013 678 μεταβατικος
1037 600 1100 665 est,
1128 606 1208 676 quo,
1229 585 1283 652 ubi
1312 583 1351 650 ab

176 723 280 790 unaad
297 722 389 789 aliam
414 722 562 788 orationis
586 720 633 787 vel
657 720 806 787 historiae
832 729 949 806 partem
972 714 1134 791 transitur,
1161 734 1213 797 μεν
1236 709 1352 777 claudit

177 847 399 925 antecedentia,
433 858 463 912 et
495 841 527 907 de
558 843 683 910 inchoat
714 842 900 930 sequentia.
931 879 975 888 -
1003 837 1163 905 Anniculus
1196 839 1224 899 οἰ
1251 836 1351 902 vicem

179 973 292 1061 supplet
317 971 527 1038 Pronominis.
554 969 636 1037 Vide
653 971 711 1038 Gr.
731 989 800 1056 pag.
823 969 899 1034 151.
919 969 951 1033 1.
975 967 1037 1028 Ouo
1055 977 1101 1031 ost
1117 963 1169 1030 hio
1192 965 1355 1047 perpeteris

180 1097 205 1161 in
228 1096 392 1163 narrando.
412 1097 523 1163 Narrat
539 1106 639 1161 autem
665 1095 783 1172 Lucan,
803 1095 929 1158 Petrum
950 1102 979 1157 et
1006 1093 1168 1167 loannem,
1188 1099 1351 1176 postquam

182 1219 421 1286 Christianorum
440 1219 551 1284 animis
569 1217 784 1303 llvartgelicam
803 1214 976 1281 doctrinam
999 1218 1182 1299 frequentior
1199 1214 1354 1277 inculcas-

184 1355 243 1408 tenl
269 1340 563 1433 (diotperprupotpnerot
587 1365 639 1404 και
668 1338 882 1427 holocauste),
908 1338 1157 1423 Hierosolymam
1187 1335 1283 1402 fuisse
1306 1353 1355 1399 re·

184 1485 296 1545 versos,
322 1469 422 1554 eoque
446 1466 504 1531 iter
533 1464 699 1538 hahentes,
725 1463 826 1530 obiter
852 1463 883 1527 in
913 1461 1018 1528 multis
1046 1461 1124 1527 vicis
1152 1458 1352 1526 Samaritioae

114 1673 118 1681 .
187 1590 310 1676 nogionis
342 1590 542 1676 Evangelium
575 1587 782 1676 praedicasse.
816 1583 1012 1659 Λαλησαντες
1044 1582 1229 1672 emphaseos
1261 1600 1354 1648 causa

187 1711 313 1798 iungitur
334 1713 403 1778 voci
432 1708 711 1802 drapapropapsaot
740 1711 834 1800 (liep.
861 1708 946 1775 hled.
973 1708 1123 1795 Partioip.
1149 1704 1258 1793 hon),
1277 1724 1355 1795 quae

188 1832 229 1900 hie
241 1834 466 1922 significatione
479 1836 517 1902 ah
534 1836 629 1901 altera
645 1856 706 1900 non
724 1833 828 1900 differt
840 1833 913 1917 (vid
930 1852 1026 1920 snpra
1039 1851 1109 1920 pag.
1126 1829 1196 1918 17).
1216 1828 1357 1896 Verbum

189 1956 316 2023 lledium
340 1957 601 2047 ευαγγελιζεσθαι,
621 1957 704 2048 quod
727 1959 801 2024 alias
825 1955 891 2021 lere
914 1956 1105 2022 construitur
1129 1973 1199 2020 oum
1223 1952 1354 2031 Datiro,

190 2077 230 2145 hie
252 2084 390 2168 iungitur
405 2103 476 2149 cum
492 2083 695 2161 Accusativo,
715 2092 748 2147 ut
764 2093 793 2147 et
809 2082 886 2147 Luc.
908 2082 952 2146 lll
972 2104 980 2146 :
1002 2080 1055 2146 l8.
1075 2081 1145 2144 Aet.
1165 2078 1243 2145 Vlll
1263 2102 1271 2143 e
1292 2080 1355 2157 u0;

189 2203 282 2287 lllV:
305 2208 367 2283 11;
386 2207 465 2273 XVI
485 2231 492 2271 :
514 2208 572 2284 tu,
591 2217 621 2270 et
640 2206 653 2271 l
675 2207 758 2271 Petr.
780 2206 792 2270 l
812 2230 819 2271 :
840 2207 894 2272 11.

226 2457 279 2522 16.
307 2455 448 2537 Ampelos
472 2465 578 2519 outone
602 2454 736 2516 Dormiat
760 2454 880 2516 locatos
905 2462 950 2517 est
972 2455 1014 2515 od
1040 2452 1245 2534 Philippum,
1266 2448 1357 2537 etc).

191 2575 317 2662 Angelus
334 2574 528 2663 Philippum,
544 2583 577 2639 ut
589 2573 723 2653 ridetur,
741 2575 926 2655 otpttonaem
942 2571 1093 2639 allocutus
1110 2584 1175 2650 est;
1195 2583 1268 2661 puta
1283 2591 1360 2637 voce

189 2703 318 2770 sensibili
349 2704 380 2769 in
408 2714 567 2790 assumpto
600 2721 744 2789 corpore.
776 2702 815 2766 Et
842 2721 933 2780 uero,
964 2700 990 2766 si
1015 2703 1189 2766 dormienti
1211 2698 1359 2788 Philippo

188 2823 232 2891 illa
258 2826 357 2912 angeli
382 2825 534 2914 apparitio
559 2825 754 2912 contigisset,
784 2823 945 2912 Scriptura
969 2824 1064 2892 verho
1086 2825 1117 2891 id
1140 2823 1357 2912 significasset.

112 2963 116 2970 ·
188 2946 228 3015 Cf.
243 2949 354 3016 Matth.
373 2951 485 3030 1:203
502 2951 554 3016 ll:
577 2951 713 3028 11,15,
734 2950 1038 3036 19,11.Αο1.Αρ.
1059 2951 1090 3014 X
1111 2949 1358 3028 ε5.Ανασθητι,

188 3093 292 3156 carpe,
323 3073 505 3161 praemittur
532 3073 600 3139 voci
628 3095 756 3162 aopeoou
779 3069 887 3158 (voda)
911 3092 946 3136 ex
973 3085 1044 3138 uoto
1073 3072 1126 3137 1110
1152 3072 1359 3148 Hebraismo,

189 3215 243 3282 quo
264 3196 388 3278 verbis,
413 3197 527 3284 quihus
550 3197 630 3262 inest
652 3197 736 3262 notio
765 3198 970 3279 opprediendi
995 3195 1130 3284 aliquid,
1156 3196 1363 3285 praemittitur

188 3322 283 3388 simile
305 3321 449 3389 uerbum.
481 3322 533 3389 Sic
549 3325 570 3389 1
587 3325 706 3408 Regum
723 3321 800 3389 Vlll
820 3343 827 3383 ε
850 3325 863 3387 1
886 3314 987 3407 legere
1005 3333 1053 3387 est
1074 3347 1081 3388 :
1109 3317 1169 3404 *alt
1185 3334 1273 3402 neap,
1291 3344 1365 3387 sar·

187 3449 244 3528 pito
264 3457 294 3511 et
311 3449 368 3512 ito.
388 3447 470 3532 Ergo
487 3466 525 3512 ex
549 3448 694 3520 αναστηθι
711 3443 833 3534 (carpe)
858 3445 970 3513 confici
994 3445 1118 3533 nequit,
1137 3444 1249 3513 iactam
1265 3444 1361 3512 fuisso

188 3568 266 3636 illam
289 3589 397 3636 vocem
422 3569 460 3635 ad
484 3572 693 3636 dormientem
718 3568 912 3657 Philippum.

232 3694 316 3758 Vade
334 3702 445 3757 ceretro
460 3691 701 3778 meridianam).
721 3693 810 3772 Puta,
830 3692 944 3773 solcm;
964 3692 986 3758 i.
1002 3713 1030 3758 e.
1049 3713 1157 3757 versus
1173 3695 1363 3772 meridient,-

189 3839 233 3880 επι
248 3839 300 3890 την
325 3812 411 3893 o‘doa,
429 3816 509 3881 valet
533 3815 689 3882 Gallicum
712 3838 769 3881 ater
787 3818 816 3880 10
832 3827 934 3881 route.
954 3816 1070 3882 Sensus
1094 3826 1140 3882 est
1167 3842 1174 3884 :
1202 3815 1365 3902 ingredere

189 3940 284 4020 riam,
327 3961 387 4029 qua
427 3939 654 4025 lli'e'rosolymis
693 3938 891 4005 descenditur
930 3940 1057 4006 Gazam.
1092 3939 1153 4006 Sed
1181 3940 1212 4004 in
1241 3941 1361 4008 Graeco

190 4075 269 4132 textu
309 4066 376 4153 ipsa
412 4065 460 4130 via
496 4064 610 4131 dicitur
644 4066 844 4142 descendere,
881 4050 1089 4150 acrasitanae]
1134 4064 1221 4129 Gaza
1247 4061 1363 4152 (ripa).

190 4184 426 4254 Philistaeorum
451 4187 605 4275 quondam
628 4187 721 4267 urba,
747 4188 804 4253 sita
828 4200 895 4254 erat
917 4209 1025 4255 versus
1046 4187 1125 4253 fines
1147 4198 1246 4254 terrae
1269 4189 1365 4254 lsrae-

192 4344 372 4357 -ῌ-

223 4450 240 4515 ¹]
258 4450 323 4502 Vide
334 4449 544 4513 Hoogeveuium,
558 4464 583 4516 p.
599 4449 657 4499 311.
