3074 5054
238 400 304 466 320
587 394 722 462 ACTUS
760 392 1094 474 APOSTOLORUM,

236 586 510 656 administrabatur
531 586 733 653 frumentum.
753 589 860 673 ltaque
884 584 923 651 ab
951 583 1063 652 inlesto
1087 584 1222 651 Herodis
1243 583 1347 650 animo
1371 603 1425 650 an·

235 722 335 770 nonae
351 702 514 791 penuriam
530 701 589 768 sibi
608 699 797 766 metuebant.

282 944 428 1009 ll-lb.
455 942 580 1007 Statoto
604 951 710 1005 notem
736 942 808 1018 die5
832 937 923 1023 etc).
948 939 1073 1004 Flavius
1097 937 1249 1027 Iosephus
1272 937 1421 1027 (Antiqq.

238 1065 308 1131 Lib.
332 1067 431 1146 XlX‚
450 1067 526 1152 Gap.
546 1065 622 1131 Vlll
643 1084 650 1125 :
671 1062 706 1147 d)
729 1072 848 1140 narrat,
868 1061 1024 1128 Herodem
1049 1074 1122 1129 tunc
1146 1062 1296 1151 temporis
1313 1063 1425 1128 Caesa-

239 1208 323 1255 ream
346 1189 523 1277 perexisse,
549 1199 582 1254 ut
611 1187 675 1253 illic
699 1185 874 1275 spectacula
900 1185 1005 1252 ederet
1027 1188 1058 1251 in
1084 1186 1233 1253 bonorem
1259 1185 1422 1264 Caesaris3

238 1311 375 1378 secundo
413 1322 514 1377 autem
547 1309 796 1399 spectaculorum
835 1308 885 1375 die
918 1309 1078 1396 repentino
1115 1320 1294 1397 correptum
1325 1309 1425 1376 luisse

238 1434 366 1511 morbo,
389 1453 428 1499 ex
451 1453 513 1521 quo
538 1433 646 1520 quinto
669 1443 738 1520 post
761 1430 810 1498 die
833 1444 973 1498 mortuus
998 1433 1049 1498 sit.
1077 1435 1184 1521 ltaque
1207 1443 1329 1498 stat-uto
1353 1435 1423 1497 dics
1519 1516 1521 1521 Ι

236 1555 346 1645 (ream
361 1555 476 1645 opopa)
498 1575 576 1644 quae
596 1553 649 1620 hic
673 1554 799 1634 dieitur,
818 1554 953 1621 secunda
971 1554 1028 1621 suit
1050 1554 1241 1622 edendorum
1260 1565 1424 1643 spectacu-

236 1680 350 1746 lorum.
378 1682 463 1746 Haec
478 1700 551 1767 ergo
568 1679 634 1746 dies
651 1679 795 1767 publicae
815 1679 984 1766 legatorum
1007 1679 1132 1746 illorum
1150 1678 1331 1745 admissioni
1351 1678 1425 1746 des-

237 1805 329 1870 tinata
346 1802 456 1882 luerit,
475 1803 607 1891 ideoque
619 1803 733 1870 dictaa
751 1804 835 1868 Luca
852 1801 918 1868 dies
934 1814 1064 1869 statuto.
1084 1804 1189 1868 -Ea
1208 1802 1259 1870 die
1279 1801 1424 1869 Herodes

238 1936 319 1991 veste
344 1929 493 2009 indotos,
525 1937 559 1992 ut
581 1939 685 1993 narrat
709 1925 878 2014 Iosephus,
906 1938 971 1992 toto
995 1949 1032 1991 eor
1058 1938 1209 2010 omento,
1237 1929 1426 1992 admirabili

237 2071 331 2133 opere
353 2058 523 2130 contexta,
541 2070 612 2117 cum
639 2053 772 2116 sedisset
794 2048 949 2138 (καθισας)
972 2055 1007 2116 io
1029 2055 1189 2135 supposto'
1207 2052 1320 2119 sivein
1343 2052 1423 2118 sulio

237 2173 302 2263 (em
317 2197 371 2237 του
388 2171 549 2262 βηματος),
565 2177 687 2258 publice
710 2175 804 2240 verbo
819 2176 954 2258 faciebat
977 2160 1179 2265 (adop-ayma)
1196 2176 1234 2243 ad
1250 2177 1422 2262 Tyriorum

237 2308 268 2364 et
283 2297 482 2365 Sidoniorum
499 2299 614 2384 legatos
631 2299 719 2387 (προς
734 2297 868 2382 aurove).
887 2297 967 2364 Tum
983 2318 1058 2364 vero
1075 2298 1270 2364 concionanti
1288 2298 1327 2365 ab
1345 2297 1424 2366 adu-

239 2420 346 2489 latrice
369 2422 565 2489 multitudine
587 2421 790 2488 acclamatum
811 2431 858 2487 est
877 2445 885 2486 ι
903 2422 967 2486 Dei
983 2443 1043 2485 ooo
1058 2423 1134 2485 boec
1159 2432 1222 2502 est,
1240 2442 1305 2486 raon
1320 2423 1424 2487 bomi-

237 2545 308 2611 oic!
324 2546 472 2612 Divinum
489 2565 561 2633 ergo
579 2543 729 2611 bonorem
746 2543 791 2609 illi
809 2542 965 2610 tribuebat
980 2542 1174 2610 adulatorum
1191 2543 1242 2609 illa
1259 2542 1360 2610 turba.

283 2787 340 2854 25.
367 2789 540 2872 Confestim
567 2801 669 2855 aotam
696 2791 852 2872 percussit
883 2811 955 2862 eam
981 2791 1141 2873 dapelas,
1166 2788 1257 2875 etc).
1288 2791 1421 2879 lmpiam

237 2910 444 2979 adulationem
474 2913 614 2980 Herodes
638 2913 765 2980 minime
794 2915 933 3002 respuit,
959 2914 1014 2981 sed
1040 2914 1198 2992 admisit⁵3
1226 2926 1274 2982 ast
1300 2916 1422 2983 crimen

238 3032 298 3101 boc
325 3055 398 3102 mox
432 3047 537 3102 secuta
572 3048 618 3104 est
650 3036 753 3104 divina
787 3036 884 3115 ultio,
915 3057 1013 3124 eaque
1047 3038 1207 3105 terribilis.
1242 3039 1423 3124 Confestim

237 3177 369 3246 namque
397 3160 532 3248 superbo
562 3159 679 3227 homini
713 3160 842 3228 morbus
874 3160 1073 3228 foedissimus
1103 3161 1211 3248 Angeli
1244 3162 1422 3232 ministerio

236 3281 384 3350 divinitus
407 3283 465 3350 luit
490 3285 666 3363 immissus,
690 3308 724 3351 en
744 3284 828 3370 qao'd
851 3307 916 3351 oca
940 3288 1077 3351 dedisset
1096 3288 1248 3352 bonorem
1271 3289 1356 3371 Deo,
1386 3288 1422 3356 id

235 3416 298 3488 est,
317 3406 400 3495 quod
416 3408 506 3474 tacite
522 3407 718 3475 assentiendo
735 3406 935 3496 blasphemae
951 3409 1164 3475 acclamationi
1182 3428 1291 3497 passus
1308 3409 1421 3479 luisset

233 3529 383 3598 bonorem
412 3529 471 3597 sibi
497 3531 610 3611 tribui,
635 3533 688 3619 qui
717 3531 774 3598 soli
803 3533 871 3598 Deo
896 3541 1099 3619 competeret.
1123 3571 1167 3581 -
1188 3531 1259 3595 Ard'
1283 3536 1343 3611 ὡν,
1373 3544 1422 3602 tot

233 3652 305 3720 loon
321 3657 491 3737 doorooor,
512 3654 564 3720 dat
580 3651 642 3739 hij,
667 3665 726 3720 etc.

234 3815 430 3826 α--.-.

266 3914 285 3981 1)
303 3916 413 3983 Antiqq.
433 3915 489 3965 ern.
506 3915 583 3978 nur,
601 3914 663 3981 cap.
680 3916 756 3967 vm:
773 3918 798 3968 a.
880 3915 900 3981 8)
918 3902 1038 3967 nolano
1066 3916 1171 3969 alavius
1199 3918 1324 3984 rosepnus
1346 3918 1418 3985 (nn-

232 3978 799 4074 Enolm,inquirendonepeaoeetep·
846 4000 912 4064 uqq.
944 4000 998 4050 mu.
1026 3999 1099 4063 mx,
1130 4001 1192 4066 cap.
1221 4002 1277 4052 vm
1309 4018 1314 4052 :
1345 4003 1375 4067 a)
1408 4018 1415 4053 ε

231 4096 324 4163 yvpou
360 4095 558 4158 πεποιημενην
597 4097 718 4156 nacco,
757 4080 797 4149 ὡς
842 4066 908 4129 Oua
941 4063 1103 4144 ίπίπληξε,
1130 4083 1231 4148 inquit,
1253 4093 1371 4143 τουτοις
1400 4076 1417 4134 ὁ

230 4164 401 4250 despector
417 4186 469 4238 την
487 4165 561 4254 rippa
578 4186 665 4226 ειναι.
844 4161 999 4248 βασιλευς,
1015 4163 1083 4229 code
1095 4190 1147 4240 την
1163 4165 1323 4231 nolanorum
1342 4191 1417 4231 ασε-

842 4250 959 4338 βουσαν
976 4255 1176 4344 απετρεψατο.
1194 4273 1220 4324 lt.
1238 4287 1260 4323 e.
1280 4291 1292 4316 ιι
1312 4274 1347 4324 at
1367 4287 1418 4325 rex

262 4347 282 4414 ²)
299 4333 479 4419 Bmpaetiam
498 4347 531 4400 da
550 4347 679 4399 tribunall
690 4346 795 4412 dicitur,
842 4363 929 4416 nequa
950 4351 1008 4403 illos
1026 4351 1187 4418 obiurgavit3
1201 4368 1287 4420 nequa
1304 4355 1416 4421 implam

230 4429 372 4494 obtegitur
384 4429 416 4482 de
427 4430 530 4482 iudiciis
541 4430 703 4482 exercendis.
842 4444 934 4483 corum
946 4432 1122 4487 adulationem
1135 4436 1232 4488 reiecit.
1247 4455 1260 4481 o
