3074 5054
176 397 241 464 566
547 393 683 461 ACTUS
708 388 1041 470 tanseatouuu,

175 602 232 671 pro
249 581 383 670 simplici
402 585 501 668 ὀμοιος
519 582 600 665 (vide
617 583 691 672 Sap.
708 585 784 672 Cap.
801 584 862 651 Vll
881 607 888 649 :
908 585 941 662 5,
959 590 990 647 et
1006 579 1111 648 laoob.
1127 580 1202 668 Cap.
1217 579 1246 648 V
1264 605 1272 648 ι
1290 579 1363 667 tt).

173 707 244 790 Quo
261 725 354 772 sensu
370 704 462 772 etiam
479 705 510 771 in
528 705 681 793 praesenti
707 706 776 772 loeo
798 724 858 771 vox
881 704 1065 790 ὸμοιοπαθης
1087 703 1167 770 snmi
1192 713 1310 792 potest,
1329 713 1368 771 ut

174 827 247 895 leoit
263 831 420 918 interpres
438 839 554 896 noster.
575 868 619 877 —
635 827 892 919 Ευαγγελιζεσθαι
909 828 940 893 in
956 827 1044 894 libris
1065 826 1164 893 saonis
1187 825 1265 893 Novi
1284 827 1367 893 Tes-

174 952 301 1019 tamenti
321 951 448 1033 dicitnr,
475 951 583 1019 latiore
605 951 848 1039 significatione,
873 951 964 1017 etiarn
987 950 1026 1017 de
1050 951 1287 1033 praedicando,
1313 949 1364 1016 vel

177 1075 333 1155 docendo,·
347 1095 378 1140 v.
396 1095 426 1162 g.
451 1075 529 1142 Luo.
556 1076 600 1141 lll
621 1099 629 1140 τ
651 1076 708 1156 t8;
724 1077 795 1142 Aci.
817 1075 907 1144 XV:
929 1076 983 1142 55.
1003 1110 1048 1122 —
1072 1074 1152 1139 Ante
1173 1094 1365 1163 επιστρεφειν

164 1203 279 1261 'mente
303 1194 510 1285 supplendum
535 1207 581 1263 est
602 1193 675 1278 doto,
700 1208 863 1282 oportere,
890 1194 974 1284 qnod
998 1194 1174 1262 iaciendum
1198 1205 1246 1262 est
1269 1193 1365 1260 etiam

178 1318 257 1386 inlra
285 1321 361 1409 Cap.
392 1321 454 1388 XV
479 1340 487 1382 τ
512 1323 568 1389 ud.
595 1323 644 1388 De
672 1342 730 1411 qna
753 1321 864 1410 Ellipsi
889 1320 1004 1388 videsis
1028 1321 1139 1386 Lamd.
1166 1321 1230 1384 Bos
1253 1311 1363 1402 ellips.

180 1441 293 1507 Graec.
313 1444 390 1508 edit.
404 1443 567 1529 Sodaeser‚
586 1465 619 1532 p.
639 1447 716 1512 596.
731 1443 873 1513 Verbum
890 1455 992 1510 aulem
1009 1464 1197 1533 επιστρεφειν
1215 1439 1276 1508 hoc
1293 1439 1365 1507 loeo

178 1564 330 1652 signifieat
347 1568 573 1649 intransitive,
594 1577 736 1657 utsupra
754 1564 812 1647 (vs
832 1569 887 1655 54)
905 1568 1113 1657 ὑποστρεφειν.

227 1813 370 1879 lii-ld.
391 1813 457 1891 Qtri
475 1815 509 1878 in
521 1813 710 1896 praeteritis
733 1812 1008 1895 generationibus,
1035 1808 1127 1898 eto).
1154 1811 1270 1878 Sensus
1288 1822 1365 1878 est:

180 1934 236 2023 qui
264 1933 378 2022 (Dens)
410 1935 584 2023 praeteritis
615 1936 771 2002 aetatibus
800 1932 951 2026 (γενεαις),
987 1946 1077 2023 puta,
1107 1945 1177 2001 ante
1207 1933 1366 2022 Evangelii

180 2055 476 2144 promulgationem,
501 2061 650 2141 permisit
678 2066 770 2146 (ειασε
798 2059 875 2125 Aor.
905 2059 999 2141 sivit,
1022 2078 1135 2141 passas
1162 2055 1218 2137 est)
1247 2057 1367 2124 Gentes

181 2199 306 2260 omnes,
332 2190 459 2269 excepta
480 2181 667 2262 lsraiilitioa,
693 2183 822 2266 ingredi
841 2183 911 2247 aios
936 2202 1010 2246 roos
1038 2181 1115 2261 (ταις
1139 2174 1218 2252 idota
1245 2203 1364 2262 αυτων,

181 2305 311 2372 Dativus
334 2326 483 2388 normae,
499 2315 534 2373 nt
556 2306 616 2394 Ep.
644 2303 713 2371 lud.
734 2324 781 2372 vs,
805 2307 871 2394 ll),
895 2303 930 2371 lr.·
952 2325 980 2371 e.
1009 2303 1179 2372 seeundum
1203 2306 1365 2394 propriam

181 2447 267 2495 snam
296 2428 399 2495 vivere
423 2429 629 2510 voluntatem,
656 2448 716 2495 non
741 2427 921 2509 dans'illis‚
948 2428 1029 2494 siout
1052 2428 1192 2507 ludaeis,
1215 2428 1368 2517 scriptam

181 2551 297 2640 legero,
323 2573 379 2620 neo
396 2552 581 2633 identidem,
604 2565 638 2621 nt
653 2553 692 2620 ad
710 2552 861 2633 ludaeos,
881 2550 1050 2640 prophetas
1066 2549 1105 2618 ad
1121 2570 1174 2618 eos
1191 2551 1343 2620 mittendo
1357 2572 1366 2629 ;

181 2699 371 2764 diremptam
386 2682 511 2764 quidem
531 2687 639 2767 (καιτοι
655 2676 698 2768 γε)
715 2699 779 2744 nort
803 2681 879 2745 sivit
903 2680 1106 2761 semetipsam
1130 2677 1235 2769 (αφηκε
1259 2675 1369 2743 ἑαυτου

182 2821 228 2869 so.
246 2803 334 2884 ειναι)
359 2803 420 2870 illis
441 2806 628 2893 intestatum
644 2805 839 2894 (αμαρτυρον)
859 2821 946 2879 esse,
965 2799 999 2868 h.
1016 2821 1045 2868 e.
1065 2799 1317 2888 cognoscendum
1333 2821 1369 2868 se

183 2926 244 2993 illis
266 2926 428 3016 praebuit,
453 2927 527 2994 dum
549 2925 707 2994 beneficus
729 2925 943 3016 (oyotorrorov)
960 2924 1090 2993 coelitus
1115 2924 1201 2992 daret
1224 2924 1367 3012 pluvias,

182 3060 274 3137 atque
297 3049 443 3137 frugifera
466 3050 543 3116 anni·
563 3061 719 3138 tempora,
738 3051 814 3115 dam
838 3052 988 3133 impleret
1009 3051 1105 3113 cordo
1128 3061 1238 3114 nostra
1254 3049 1322 3115 eido
1339 3059 1370 3114 et

184 3173 308 3236 laetitia
325 3169 497 3257 (apatirion
509 3195 618 3264 τροφης
633 3188 683 3235 aar
700 3195 883 3263 ευφροσυνης
894 3195 948 3246 τας
960 3166 1086 3260 καρδιας
1098 3169 1209 3256 ἡμων).
1224 3207 1268 3218 -
1281 3170 1369 3239 Dum

183 3314 298 3382 oorpns
320 3293 390 3361 oibo
413 3295 549 3363 nutritur
575 3304 668 3384 atque
696 3295 737 3359 ita
765 3305 935 3374 recreatur,
962 3292 1053 3359 etiam
1079 3293 1200 3366 animus
1222 3293 1369 3361 nonnihil

182 3418 255 3486 inde
271 3418 473 3488 exhilaratur.
488 3457 536 3470 -·
552 3422 601 3487 De
624 3419 790 3488 Particulis
818 3444 917 3485 καιτοι
940 3442 973 3508 γε
997 3417 1112 3486 videsis
1134 3419 1302 3485 Klotziom
1327 3423 1370 3487 ad

183 3541 376 3623 Bovarium,
394 3541 467 3612 Vol.
488 3544 525 3622 ᾖ,
544 3563 577 3631 p.
597 3544 681 3623 tta,
700 3562 750 3631 sq.

235 3695 249 3726 «
272 3665 420 3752 Quamvis
445 3665 570 3755 spetiali
594 3665 654 3732 Dei
675 3685 751 3733 onra
774 3675 866 3754 atqne
890 3664 1078 3753 indulgentia
1099 3665 1248 3755 populum
1266 3668 1369 3735 lsraii-

182 3791 300 3859 litionm
318 3801 437 3883 oonstat
449 3791 594 3872 electum,
613 3810 784 3879 omnesque
799 3789 877 3857 aliae
890 3790 1029 3858 nationes
1046 3813 1120 3857 soor
1136 3795 1204 3858 aias
1221 3794 1365 3876 ingredi,

183 3916 333 3996 honest,
364 3917 534 3986 seonndnrn
559 3917 718 4006 propriam
744 3917 913 4006 permissae
938 3918 999 3984 sint
1025 3918 1130 3985 vivere
1158 3917 1364 3999 voluntatem;

183 4064 244 4111 non
262 4044 302 4111 ita
315 4063 349 4110 se
363 4054 465 4110 tamen
489 4052 613 4110 aeterna
636 4043 786 4110 creatoris
810 4041 930 4109 bonitas
946 4042 985 4110 ab
1005 4041 1066 4110 illis
1083 4041 1263 4110 hominibus
1279 4063 1368 4110 aver·

183 4167 237 4245 tit,
260 4178 294 4235 ut
315 4187 368 4235 eos
390 4167 429 4235 ad
451 4166 700 4255 cognoscendum
724 4186 758 4234 se
781 4176 874 4254 atque
897 4165 1113 4247 metuendum,
1132 4164 1226 4233 nullis
1249 4164 1367 4253 signifi-

183 4291 355 4359 cationibus
378 4290 569 4358 admoneret.
588 4291 717 4359 Coelnrn
743 4290 859 4381 qnippe
879 4308 916 4356 ao
936 4300 1019 4356 terra
1034 4299 1064 4355 et
1080 4308 1182 4370 mare,
1202 4260 1366 4377 omnisque

183 4426 323 4483 ereatura
348 4434 426 4505 qnae
448 4412 547 4482 videri
571 4425 663 4504 atque
680 4413 808 4502 intelligi
829 4424 948 4502 potest,
966 4412 1005 4480 ad
1021 4412 1101 4480 hano
1118 4413 1286 4502 praecipue
1302 4411 1363 4480 dis·
