3074 5054
178 376 245 469 aro
520 370 655 439 nunus
689 367 1025 447 nrosrotonnm,

173 562 253 631 valet
273 588 344 640 και,
375 574 408 630 nt
429 565 450 632 2
475 561 549 630 Cor.
576 562 621 629 Vl
648 586 655 627 :
682 562 734 628 11.
768 561 865 647 «Qui
895 560 927 626 in
956 560 1123 649 Evangelio
1150 556 1296 628 Matthaei
1325 569 1359 626 et

173 687 271 757 Marci
297 707 421 777 semper
444 686 590 755 dicuntur
612 683 827 775 παραλυτικοι,
847 682 905 752 hos
927 683 1091 773 aliquoties
1115 685 1216 750 Lucas
1233 682 1359 750 vocavit

175 808 458 903 παραλελυμενους,
477 810 561 900 quod
578 810 703 899 proprie
720 819 803 876 notat
818 811 899 874 male
921 812 1086 875 resolutos.
1115 805 1291 898 Παραλυειν
1309 818 1359 875 est

174 939 256 1002 male
272 940 401 1003 ooloere.
422 937 544 1004 Nervae
559 936 641 1000 male
658 939 792 1017 locator,
811 933 856 999 sic
873 944 907 1000 ut
925 932 1026 999 officio
1044 953 1101 1001 suo
1118 931 1251 1021 amplius
1269 931 1357 1020 iungi

175 1071 346 1152 nequeant,
365 1060 538 1152 παραλυσιν
556 1071 666 1128 vocent
681 1059 816 1138 Medici3
831 1059 916 1125 illam
932 1079 1099 1126 nervorum
1117 1058 1354 1139 relaxationem,
1383 1151 1386 1154 ‚

176 1204 255 1276 quae
271 1187 402 1251 dextrae
417 1184 530 1252 accidit
545 1187 686 1268 corporis
703 1186 793 1268 parti
809 1183 858 1250 six
873 1182 986 1249 eximie
1002 1181 1080 1249 dixit
1097 1181 1319 1270 Hippocrates.
1336 1208 1350 1239 »

176 1307 289 1378 Valck.
319 1307 358 1375 ad
386 1307 419 1374 b.
447 1306 469 1373 l.
500 1344 543 1355 —
570 1306 747 1375 Notandum
774 1317 838 1386 est,
869 1306 960 1372 etiam
988 1305 1059 1386 bic,
1090 1313 1245 1393 utsupra
1275 1305 1356 1394 Cap.

176 1430 205 1497 V
224 1452 231 1494 :
253 1432 312 1511 16,
331 1430 372 1496 ita
396 1428 583 1497 mentionem
600 1428 668 1496 fieri
685 1429 724 1496 de
740 1429 964 1509 daemoniacis,
980 1439 1013 1496 ut
1030 1428 1062 1495 bi
1079 1429 1118 1496 ab
1136 1427 1204 1495 aliis
1221 1428 1357 1496 infirmis

180 1554 296 1623 diserte
311 1554 550 1643 distinguantur.

224 1802 257 1868 9.
288 1801 418 1868 Factam
434 1811 480 1867 est
503 1822 577 1886 erpo
600 1804 773 1886 paediam,
789 1799 882 1895 etc).
901 1802 951 1871 Ob
973 1803 1074 1870 varias
1098 1802 1167 1870 illas
1183 1802 1360 1870 sanationes

181 1923 289 2013 ingens
306 1923 461 2012 quoddam
476 1923 623 2012 gaudium
640 1937 743 1993 ortum
759 1937 806 1993 est
822 1924 960 2015 (εγενετο)
977 1927 1008 1992 in
1026 1925 1077 1992 illa
1094 1926 1228 1992 civitate.

230 2049 288 2113 Vir
311 2058 416 2113 autem
440 2050 586 2134 paidom,
614 2055 701 2136 etc).
727 2051 832 2118 Manet
848 2049 899 2116 hic
921 2050 951 2115 in
973 2050 1105 2137 Vulgata
1128 2049 1225 2115 oratio
1242 2049 1359 2137 imper-

183 2171 278 2253 fecta,
296 2184 330 2240 ut
353 2173 464 2261 legenti
488 2174 652 2241 constabit.
680 2176 800 2243 Graeca
823 2174 969 2242 vertenda
992 2185 1063 2241 stunt
1085 2174 1126 2240 ita
1147 2199 1154 2240 :
1177 2175 1235 2240 Vir
1253 2186 1361 2240 autem

181 2300 328 2384 quidam,
345 2301 473 2364 reamiae
494 2299 621 2379 Simon,
639 2303 674 2365 ia
696 2322 730 2365 ea
754 2302 899 2380 civitate,
914 2303 1115 2388 priusquam
1137 2298 1303 2388 Philippus
1320 2301 1360 2365 eb

183 2419 320 2499 veniret,
339 2434 440 2490 artem
461 2427 616 2507 tropicam
636 2426 796 2490 exercebat
815 2430 1001 2515 (προϋπηρχε
1022 2421 1189 2514 papiana),
1208 2435 1236 2489 et
1255 2432 1362 2489 create

184 2547 356 2626 erroneum,
375 2545 408 2613 h.
435 2567 464 2613 e.
487 2546 682 2615 dementabat
704 2548 890 2638 (προϋπηρχε
909 2545 1047 2636 citatur)
1072 2547 1238 2613 Samariae
1257 2568 1368 2632 popte-¹

185 2675 269 2756 leem,
304 2694 454 2758 mappam
481 2677 659 2760 quempiam
685 2695 717 2739 se
745 2695 808 2740 ease
834 2676 951 2738 diceas.
985 2673 1057 2740 Vox
1087 2677 1259 2763 προϋπηρχε
1272 2689 1364 2739 *cum

183 2797 352 2886 Participio
385 2821 524 2888 μαγευων
555 2818 648 2865 unam
679 2799 860 2866 sententiam
897 2798 985 2865 effert
1016 2797 1096 2865 banc
1129 2818 1136 2859 :
1164 2801 1259 2881 prius
1292 2808 1366 2862 erat

185 2923 340 3005 mapicam
372 2933 474 2990 artem
505 2945 665 2989 exerceas.
698 2924 837 3012 Sequens
865 2923 1067 3012 Participium
1099 2918 1223 2998 εξιστων
1255 2921 1365 2989 eadem

186 3042 304 3111 ratione
321 3044 457 3133 iungitur
473 3066 545 3114 cum
561 3045 667 3114 Verbo
684 3047 786 3115 Finito
804 3053 993 3152 apoiirprpper
1013 3071 1021 3112 :
1037 3049 1130 3132 prius
1153 3057 1223 3111 erat
1238 3047 1367 3111 demea-

190 3178 273 3235 toae.
300 3170 414 3248 Eadem
439 3169 584 3256 syntaxis
609 3171 746 3238 occurrit
765 3171 798 3237 in
822 3169 871 3237 bis
895 3172 998 3237 Lucae
1017 3170 1129 3237 ΧΧ111
1149 3188 1157 3230 :
1180 3171 1247 3236 lb:
1272 3174 1367 3260 προϋ-

192 3314 307 3385 πηρχον
328 3316 386 3384 pap
407 3316 436 3357 er
459 3295 552 3384 εχθρᾳ
572 3317 651 3368 οντες
678 3317 750 3384 προς
771 3290 909 3370 ἑαυτους,
935 3313 1014 3381 quae
1037 3292 1169 3381 Vulgata
1191 3303 1273 3360 recle
1294 3292 1368 3360 red-

189 3416 267 3485 didit
295 3443 303 3484 :
333 3440 408 3484 uam
436 3429 529 3485 autea
558 3421 684 3485 inimici
709 3429 802 3484 eraut
829 3421 870 3484 ad
897 3421 1042 3484 irroioem.
1080 3418 1233 3484 «Nomen
1262 3416 1368 3505 Μαγος

193 3542 354 3611 Persicum
376 3546 549 3628 eapientem
576 3554 671 3611 notm.
701 3543 762 3611 Sed
789 3562 884 3632 quum
908 3542 1024 3631 passim
1048 3539 1151 3607 callidi
1178 3551 1368 3606 veterator-es

190 3688 224 3735 se
248 3667 280 3734 in
304 3668 466 3737 Graeciam
489 3669 666 3737 conterrent
687 3668 741 3757 qui
765 3687 798 3734 se
818 3668 930 3751 Mapoe
957 3664 1172 3744 venditabant,
1202 3663 1315 3730 accidit
1335 3673 1369 3730 ut

191 3792 275 3883 apud
301 3795 439 3864 Graecos
469 3795 573 3884 Μαγος
604 3813 697 3883 saepe
727 3790 914 3881 significaret
944 3792 1239 3876 praedicatorem,
1269 3808 1370 3878 aeque

193 3935 230 3984 ac
259 3939 340 4006 γοης.
376 3917 457 3985 Η166
485 3940 624 4007 paperem
653 3916 808 3985 hocloco
841 3914 1010 4003 significat,
1039 3923 1073 3980 ut
1099 3911 1182 4001 apud
1210 3914 1368 3991 Graecae,

192 4043 381 4126 praestipie's
404 4051 432 4106 et
455 4042 550 4107 malis
575 4041 697 4107 artibus
720 4042 860 4105 domines
882 4041 1070 4123 decipere.»
1091 4033 1271 4103 Valck.ad.
1291 4034 1367 4102 b.l.

245 4291 300 4359 l0.
319 4293 373 4358 aui
389 4292 606 4359 arrecaltabaat
621 4310 745 4370 omues,
764 4287 850 4368 etc).
876 4287 1005 4354 Locutio
1026 4307 1184 4377 προσεχειν
1201 4306 1279 4360 τινι,
1298 4285 1369 4352 scil.

198 4442 247 4492 ror
265 4442 349 4500 reor,
367 4422 514 4492 adbibere
529 4422 675 4495 acimum
692 4415 864 4504 (attentum)
884 4418 996 4502 alicui,
1023 4424 1189 4503 usurpatur
1205 4412 1296 4481 etiam
1315 4433 1372 4503 pro
