3074 5054
244 419 310 489 508
583 421 717 489 ACTUS
753 422 1091 502 aeesaetotttlta

537 711 709 790 CAPUT
763 715 1156 792 DUODECIMUM.

239 912 432 964 Aneuuonron.
446 913 576 965 Paridem
594 918 698 978 tempus
714 913 906 978 Hierosolymae
920 913 1032 964 Herodes
1050 913 1106 964 Rex
1123 912 1207 976 gladio
1225 913 1338 965 interfici
1352 913 1427 965 iubet

272 997 393 1048 iacobum
415 997 578 1062 Apostolum,
599 997 702 1049 loannis
718 996 834 1061 Apostoli
854 995 977 1056 tratrem,
994 1010 1034 1047 νε.
1054 997 1127 1045 l—a.
1149 995 1224 1055 Quod
1242 1009 1302 1046 oum
1324 995 1427 1046 ludaeis

272 1085 375 1146 gratum
387 1096 442 1133 esso
452 1083 622 1145 intelligeret,
636 1083 714 1133 etiam
726 1081 833 1132 Petrum
846 1080 1044 1145 ,Apostolorum
1058 1080 1204 1145 prinoipem
1217 1120 1223 1143 ,
1237 1079 1425 1145 comprehendi

273 1169 300 1216 et
316 1167 344 1215 in
364 1179 493 1217 carcerem
513 1165 617 1216 detrudi
639 1166 766 1230 imperat,
781 1163 843 1214 hnic
859 1177 964 1229 qnoque
984 1176 1075 1214 necem
1094 1176 1204 1228 parans,
1221 1177 1262 1215 νε.
1283 1162 1357 1215 a-t.
1373 1161 1426 1214 Sed

273 1246 366 1297 Petrus
379 1250 457 1298 noctu
471 1247 503 1298 ab
517 1247 631 1311 Angeia,
645 1248 733 1298 insciis
749 1245 916 1309 custodibus,
931 1259 1058 1298 eoarcere
1068 1261 1115 1297 suo
1128 1246 1265 1308 liberatur,
1279 1261 1318 1296 vs.
1331 1247 1424 1296 5-lt.

274 1326 410 1379 Liberatus
418 1328 522 1391 Mariae,
535 1329 638 1380 loannis
646 1329 725 1380 lltarci
735 1327 896 1389 matris,adit
905 1327 1021 1391 domum,
1033 1329 1077 1379 ubi
1088 1329 1179 1380 fideles
1187 1329 1262 1380 multi
1272 1329 1425 1392 congregati

272 1415 350 1475 sunt,
364 1411 446 1462 Deum
456 1425 503 1476 pro
514 1412 617 1477 captivo
636 1411 759 1477 Apostolo
778 1414 891 1462 orantes.
910 1411 1021 1462 Domum
1041 1414 1191 1476 ingressus,
1204 1411 1380 1476 gaudentibus
1391 1410 1426 1463 ad

272 1493 504 1557 eiusconspectum
517 1496 543 1543 et
551 1493 720 1558 stupentibus
731 1495 844 1555 enarrat,
857 1491 987 1557 quomodo
1000 1492 1129 1543 divinitus
1139 1506 1153 1543 e
1162 1505 1264 1543 carcere
1276 1505 1323 1543 suo
1333 1492 1427 1544 luisset

272 1574 392 1626 eductus.
406 1575 467 1626 Post
477 1588 558 1640 quae,
572 1575 660 1627 relicta
673 1575 769 1627 Mariae
778 1575 870 1637 domo,
882 1576 908 1625 in
918 1575 999 1626 alium
1012 1575 1098 1627 locum
1110 1589 1138 1626 se
1147 1575 1262 1638 conteri,
1276 1589 1314 1626 vs.
1329 1575 1424 1624 talu.

272 1655 359 1717 Quum
376 1671 437 1709 vero
453 1657 509 1709 dies
525 1657 667 1720 illuxisset,
681 1658 742 1722 iuga
760 1657 830 1709 Petri
849 1658 989 1710 innotescit
1002 1657 1113 1709 carceris
1133 1658 1298 1720 custodibus;
1320 1658 1366 1723 qui
1390 1655 1426 1708 ad

272 1743 382 1790 mortem
394 1739 537 1801 ducuntur,
548 1752 587 1790 νε.
602 1741 693 1791 le-te.
706 1739 830 1800 Herodes,
843 1739 933 1791 relicta
951 1739 1054 1800 iudaea,
1068 1740 1220 1792 Caesaream
1237 1740 1424 1805 proficiscitur,

272 1820 361 1886 ibique
370 1825 560 1884 commoratur;
574 1835 626 1888 quo
636 1826 753 1887 tempore
763 1821 832 1886 tyrii
845 1824 871 1873 et
880 1821 981 1874 Sidonii
993 1861 999 1884 ,
1011 1823 1109 1889 quibus
1121 1823 1241 1874 intonsus
1250 1825 1315 1884 erat,
1325 1822 1427 1886 legatos

272 1903 305 1954 ad
314 1917 375 1954 eum
388 1905 511 1966 mittunt,
525 1906 571 1970 qui
583 1905 701 1955 animum
711 1905 768 1955 eius
779 1903 922 1969 placarent,
935 1919 973 1955 vs.
987 1906 1093 1955 te-ao.
1106 1906 1146 1957 Ad
1156 1918 1221 1970 quos
1232 1919 1314 1970 quum
1325 1908 1426 1956 statuto

272 1984 324 2045 die,
336 1988 472 2048 praesente
481 1985 577 2050 populo
588 2024 594 2047 ,
605 1986 632 2036 in
645 1988 768 2048 suggestu
781 1985 861 2036 verba
873 1986 979 2044 iaceret,
993 1985 1150 2037 acclamatur
1161 1985 1199 2036 illi
1212 1986 1245 2037 ab
1257 1985 1424 2037 adulatorum

273 2069 368 2121 turba:
384 2070 462 2121 deum
479 2070 527 2133 ihi,
541 2084 594 2122 non
607 2071 740 2122 hominem
757 2071 838 2136 loqui.
856 2071 941 2131 Quam
957 2072 1064 2136 impiam
1083 2071 1261 2123 adulationem
1282 2071 1426 2122 admittens

273 2150 401 2214 Herodes,
420 2152 495 2204 foedo
514 2153 605 2204 morbo
621 2153 653 2204 ab
673 2153 772 2217 Angelo
792 2155 948 2218 percutitur,
970 2155 1133 2220 moriturque
1152 2155 1220 2205 intra
1239 2167 1335 2220 paucos
1352 2154 1423 2215 dies,

272 2247 311 2286 vs.
335 2237 442 2288 at—at.
465 2237 565 2288 interea
587 2251 627 2288 res
644 2236 798 2300 Euangeliou
819 2236 974 2287 continuum
996 2237 1066 2301 capit
1091 2237 1298 2298 incrementum,
1316 2249 1356 2285 νε.
1379 2235 1423 2286 al.

273 2317 369 2368 Paulus
378 2322 405 2370 et
414 2319 557 2381 Barnabas,
571 2323 675 2384 peracto
686 2333 734 2370 suo
747 2319 906 2380 ministerio,
920 2318 1097 2384 Hierosolyma
1116 2320 1228 2371 redeunt
1240 2317 1424 2381 Antiochiam,

273 2398 396 2452 adiuncto
407 2400 457 2452 sibi
470 2401 563 2453 comite
576 2402 673 2452 loanne
685 2399 784 2461 Marco,
799 2413 837 2450 vs.
852 2400 894 2450 ab.

247 2633 251 2646 .
287 2583 318 2648 i.
345 2584 465 2648 Eodem
478 2594 582 2648 autent
594 2582 760 2671 tempore).
777 2583 896 2651 Graece
909 2595 955 2648 est
969 2605 976 2647 :
992 2586 1058 2646 κατ’
1070 2605 1178 2646 εκεινον
1193 2579 1225 2646 δε
1237 2607 1288 2646 τον
1301 2605 1422 2673 καιρον,

240 2707 324 2796 quod
340 2710 448 2776 Latine
465 2709 551 2777 reddi
570 2720 671 2799 potest
684 2732 744 2794 per
760 2712 841 2775 illud
857 2722 998 2793 tempus,
1018 2710 1066 2776 vel
1083 2713 1168 2776 circo
1185 2713 1267 2776 iltod
1284 2722 1421 2795 tempus.

241 2833 347 2919 ltaque
362 2831 566 2920 significatur,
581 2853 615 2899 ea
632 2853 711 2921 quae
727 2832 874 2921 deinceps
892 2843 1068 2914 narrantur,
1083 2834 1320 2922 Hierosolymae
1336 2836 1425 2902 acci-

240 2951 323 3019 disse
339 2961 373 3018 eo
395 2966 552 3039 tenrpore,
571 2966 623 3022 aut
646 2978 680 3020 eo
706 2959 834 3021 circiter
856 2967 1013 3040 tempore,
1034 2977 1095 3045 quo
1120 2957 1234 3023 Paulus
1257 2968 1287 3025 et
1306 2960 1425 3026 Barna·

240 3075 295 3142 bas
312 3076 369 3143 iter
386 3076 521 3144 habuere
537 3079 702 3146 Antiochia
717 3079 966 3165 Hierosolymam
979 3078 1017 3145 ad
1035 3078 1247 3167 per-ferendam
1265 3078 1340 3146 illuc
1357 3079 1425 3147 ool-

242 3198 351 3267 lcctam
369 3201 451 3270 illam
474 3203 554 3269 inter
571 3203 797 3271 Antiochenses
820 3203 1013 3270 Christianos
1036 3203 1212 3291 pecuniam.

286 3326 427 3392 Herodes
447 3325 543 3412 aex).
574 3328 684 3394 Plures
713 3329 780 3394 eins
807 3328 941 3394 nominis
971 3328 1128 3415 principes
1156 3338 1368 3394 memorantur
1390 3329 1424 3396 in

241 3452 338 3518 sacris
359 3452 448 3519 libris
468 3453 547 3519 Novi
571 3452 774 3519 Testamenti.
794 3453 833 3517 Et
850 3451 951 3540 primo
969 3449 1094 3538 quidem
1118 3451 1186 3518 loco
1205 3453 1342 3520 occurrit
1361 3455 1426 3521 He·

240 3574 332 3642 rodes
355 3575 407 3642 ille
430 3575 488 3643 snb
513 3596 575 3664 quo
596 3576 658 3642 nati
682 3586 754 3642 sunt
775 3574 882 3642 mundi
901 3574 1040 3642 Salvator
1055 3577 1142 3642 lesus
1159 3575 1285 3662 (Matth.
1306 3577 1337 3642 ll
1358 3603 1367 3644 ε
1388 3581 1426 3664 1)

240 3698 369 3787 eiusque
386 3720 572 3788 praecursor
584 3701 715 3766 loannes
732 3699 869 3786 Baptista
885 3699 978 3786 (Luc.
998 3698 1011 3763 l
1029 3723 1036 3764 ε
1056 3697 1105 3782 b),
1124 3708 1153 3763 et
1171 3718 1232 3785 quo
1249 3686 1426 3786 imperante

241 3821 322 3888 edita
338 3822 396 3889 tuit
411 3834 527 3910 strages
551 3822 603 3889 illa
626 3822 885 3889 bethlehemitica
900 3820 1028 3909 (Matth.
1048 3822 1076 3887 ll
1096 3843 1104 3884 :
1126 3820 1195 3910 le).
1222 3823 1295 3888 Fuit
1318 3834 1425 3892 autem

241 3945 383 4012 Herodes
401 3947 444 4026 ts,
464 3945 605 4012 Herodes
628 3946 810 4033 cognomine
833 3948 993 4028 Magnos,
1019 3955 1109 4032 gente
1129 3944 1313 4024 idumaeus,
1334 3949 1427 4015 Anti-

241 4067 337 4154 patris
354 4066 448 4134 filius.
468 4067 528 4133 llic
549 4067 731 4156 superstites
748 4065 856 4133 habuit
875 4067 956 4134 lilios
973 4079 1054 4148 tres,
1073 4068 1280 4147 Archelaum,
1299 4067 1427 4159 Philip-

240 4213 334 4280 pum,
353 4205 383 4260 et
398 4192 556 4260 Herodem
580 4194 737 4282 Antipam.
759 4221 772 4252 r
791 4193 875 4258 luter
891 4213 970 4281 quos
994 4191 1167 4279 (Kuinoitlii
1192 4192 1297 4260 verbis
1320 4193 1425 4281 utor),

243 4326 403 4404 paternum
425 4338 554 4406 regnum
577 4320 750 4406 imperator
769 4319 929 4405 Augustus
957 4317 998 4383 ita
1021 4316 1144 4398 divisit,
1165 4328 1198 4384 ut
1220 4316 1370 4408 Philippo
1393 4333 1428 4389 et

242 4440 359 4508 Herodi
387 4442 538 4530 Antipae,
567 4441 736 4529 unicuique
764 4451 921 4530 quartam,
951 4439 1105 4508 Archelao
1130 4451 1230 4508 autem
1259 4441 1425 4512 dimidiam
