3074 5054
184 398 250 465 lib
532 394 668 463 torus
704 393 1036 478 APOSTOLORUM‚

225 589 259 653 7.
287 585 391 655 Verba
420 585 504 652 ista:
529 589 570 660 ὡς
590 589 676 677 opor
702 607 792 675 τριων
815 582 991 673 διαστημα,
1016 608 1073 676 pro
1096 587 1275 676 parenthesi
1299 588 1357 656 ba·

182 710 283 780 benda
302 720 386 778 sunt.
409 708 526 776 Eodem
548 707 640 777 modo
664 710 696 775 in
720 710 887 798 Evangelio
909 731 966 778 suo
989 712 1089 777 Lucas
1112 711 1239 799 scripsit
1263 709 1361 800 (Cap.

184 834 230 901 ιΧ
258 858 266 901 :
292 832 353 922 28)
372 858 380 901 ε
398 855 510 923 εγενετο
539 856 615 918 μετα
642 857 710 908 τους
735 831 840 923 ιογους
863 857 1004 910 τουτους,
1030 832 1100 897 ducet
1124 833 1235 923 ἡμεραι
1258 855 1362 910 οκτω,

182 979 234 1018 και
261 951 464 1047 stipulabor.
494 957 542 1022 Ex
570 976 632 1045 quo
660 957 729 1023 loco
756 957 848 1024 etiam
876 956 1043 1043 colligitur,
1068 975 1177 1022 vocem
1201 951 1364 1041 διαστημα

183 1083 356 1170 (spatium,
386 1080 606 1168 interuallum)
632 1100 701 1149 esse
728 1081 759 1148 in
788 1081 1004 1162 Nominatum,
1033 1081 1086 1168 qui
1113 1079 1190 1148 adeo
1217 1081 1365 1146 absolute

184 1204 302 1292 positus
324 1204 473 1273 dicendus
493 1216 552 1273 est·
578 1205 627 1272 Cf.
649 1207 705 1275 Gr.
728 1225 795 1295 pag.
822 1207 905 1286 182,
928 1209 1036 1271 adnot.
1059 1204 1160 1273 Simili
1181 1205 1276 1272 modo
1298 1207 1365 1272 Lu-

182 1330 290 1397 cienus
302 1328 380 1397 dixit
398 1355 406 1397 ε
426 1355 461 1395 ου
478 1353 537 1421 γαρ
555 1328 693 1423 ἑωρακα,
712 1329 805 1406 nolon
819 1327 876 1405 ηδη
891 1353 1014 1423 χρονος,
1029 1326 1133 1394 notor.
1152 1329 1269 1395 Sensus
1288 1339 1362 1396 est:

181 1453 294 1521 occidit
320 1465 440 1539 autem,
468 1466 538 1544 post
560 1456 653 1523 trium
678 1454 776 1522 terme
803 1454 951 1522 horarum
979 1454 1130 1542 spatium,
1149 1464 1184 1519 ιιι
1201 1473 1284 1519 uxor
1312 1454 1364 1542 ip-

181 1577 263 1658 sius,
283 1588 342 1646 etc.
362 1580 397 1645 lu
413 1601 525 1670 aperiero
547 1581 683 1647 obsolute
706 1581 824 1669 posito,
846 1589 996 1669 sequente
1018 1603 1086 1655 και,
1113 1576 1210 1646 oratio
1234 1575 1365 1644 hebrai·

181 1712 247 1784 zat3
265 1703 438 1772 scriberent
453 1705 536 1772 enim
553 1704 686 1773 Hebraei
706 1729 714 1772 ε
741 1709 821 1790 targa
845 1704 920 1787 einp}
946 1721 1051 1792 ...mg

225 1941 259 2008 8.
284 1942 380 2038 Dicit
399 1955 523 2027 autem,
546 1942 636 2032 eto.).
662 1945 817 2012 Graecum
837 1944 978 2034 απεκριθη
996 1941 1089 2032 (hor.
1110 1945 1125 2008 l
1155 1941 1267 2030 passio.
1286 1962 1364 2010 curu

179 2064 404 2152 significatione
430 2068 576 2136 redexiva
603 2068 675 2136 ride
697 2070 756 2138 Gr.
780 2067 799 2156 S
820 2071 882 2148 to,
907 2070 940 2156 ι)
967 2070 1120 2156 interpres
1149 2077 1254 2133 noster
1281 2068 1365 2135 scite

181 2186 316 2258 reddidit
338 2211 396 2279 per
418 2195 512 2259 dicit.
542 2192 657 2259 Confer
680 2203 785 2260 nostra
811 2190 850 2258 ad
872 2193 950 2280 Cap.
974 2193 1047 2258 lll:
1072 2194 1126 2259 ιι.
1148 2189 1307 2257 Particula
1335 2214 1362 2255 ει

180 2332 431 2403 nonnumquam,
454 2326 488 2382 ut
512 2315 680 2398 hocloco,
706 2317 789 2385 idem
804 2316 885 2383 valet
906 2316 989 2405 quod
1013 2338 1149 2406 ποτερον,
1169 2337 1229 2398 on,
1255 2337 1360 2399 num,
1385 2319 1388 2324 ’

179 2437 369 2528 inseruitque
398 2439 629 2528 interrogationi
658 2439 814 2528 obliquae.
841 2440 967 2527 legesis
998 2439 1151 2506 Zeuniurn
1178 2438 1216 2506 ad
1243 2438 1361 2525 Vigor.

178 2564 255 2652 Cap.
276 2564 367 2646 Vlll,
386 2565 470 2632 Seot.
484 2565 544 2645 Vl,
564 2567 621 2635 lV.
636 2566 787 2630 Tocoorou
804 2574 851 2631 est
867 2565 1030 2632 Genitivus
1043 2566 1155 2646 pretii.
1172 2564 1285 2628 Petrus
1303 2582 1363 2651 pe·

179 2687 289 2754 cuniae
316 2702 468 2754 summurn
497 2688 701 2777 expresserit,
727 2689 828 2754 Lucas
857 2698 977 2765 auteur,
1004 2685 1087 2774 quod
1115 2684 1249 2773 pretium
1273 2685 1363 2751 scire

180 2810 330 2879 lectorum
359 2810 436 2878 nihil
464 2811 642 2892 interesset,
667 2811 938 2899 interrogationem
964 2812 1047 2878 Petri
1075 2807 1248 2887 contrahit,
1277 2809 1363 2875 sori-

179 2934 307 3004 bendo:
331 2940 468 3004 tenti-ne
489 2935 581 3024 (ooor
603 2958 660 3002 zoo
683 2939 757 3023 oeci)
780 2958 896 3020 ugrum
918 2933 1131 3002 vendidistis?
1153 2933 1267 3002 Mulier
1290 2952 1362 3001 res·

179 3059 294 3148 pondet
312 3086 320 3129 z
338 3061 394 3128 Sic
410 3072 454 3128 est
472 3061 562 3146 (uadi
582 3064 665 3127 tanti
678 3059 887 3128 vendidimus.

224 3307 348 3376 9-ιο.
368 3307 455 3385 Quid
478 3309 588 3393 utiquc
611 3310 754 3374 convenit
768 3307 850 3372 uobis
875 3317 1016 3386 tentore,
1035 3303 1126 3391 etc).
1145 3305 1261 3372 Sensus
1277 3317 1327 3373 est
1347 3333 1355 3375 ε

177 3451 275 3515 quare
293 3432 337 3521 (rr
360 3435 423 3509 ὁτι,
446 3431 515 3500 vide
533 3451 644 3522 supra,
663 3453 696 3521 p.
713 3428 792 3516 tio)
809 3431 890 3497 inter
914 3450 970 3496 vos
993 3428 1193 3496 consensistis
1209 3428 1248 3495 de
1266 3449 1305 3495 eo
1323 3441 1359 3498 ut

177 3555 335 3622 tentaretis
350 3555 501 3644 Spiritum
517 3557 667 3624 Domini‘.l
683 3593 727 3606 --
741 3558 810 3622 Vox
826 3575 1015 3644 συμφωνειν,
1033 3553 1124 3619 ouius
1139 3554 1216 3618 Aor.
1234 3554 1355 3640 passio.

178 3675 231 3744 hio
251 3677 374 3765 legitur,
400 3683 532 3764 proprie
552 3689 635 3748 notat
655 3701 842 3763 consonare,
864 3676 1028 3745 adhibetur
1050 3686 1152 3742 autem
1170 3678 1290 3759 tropice
1315 3677 1357 3744 de

177 3800 319 3889 personis
341 3799 381 3867 od
402 3801 521 3891 aliquid
543 3803 717 3872 laciendunr
741 3801 1004 3892 conspirantibus.
1026 3801 1076 3866 Do
1097 3787 1224 3886 Syntaxi
1253 3798 1356 3868 Verbi

176 3926 294 3993 Passivi
312 3947 382 3994 curn
406 3928 518 3995 Dativo
536 3926 739 4021 (συνεφωνηθη
756 3927 843 4017 ipro)
860 3929 928 3995 loco
944 3925 1189 4014 Praepositionis
1207 3926 1264 3987 ὑπο
1280 3945 1355 3993 cum

175 4050 336 4132 Genitiuo,
350 4051 419 4119 vide
444 4052 502 4121 Gr.
529 4072 598 4142 pag.
616 4054 695 4120 ant.
715 4052 867 4142 Harpasos
889 4061 935 4117 est
957 4049 1131 4116 infinitivus
1155 4050 1252 4132 scopi.
1271 4048 1356 4116 Vide

175 4192 269 4263 supra
284 4174 322 4241 ad
346 4176 424 4265 Cap.
444 4176 591 4244 1V228.
619 4177 752 4242 Tentare
776 4175 941 4259 Spiritum
965 4175 1097 4239 Domini
1120 4170 1172 4237 alii
1188 4171 1229 4237 ita
1254 4170 1356 4258 expli·

174 4308 260 4378 caut,
286 4311 320 4366 ut
342 4300 383 4367 sit
402 4304 651 4384 cooperimentum
675 4323 795 4386 capere,
819 4313 930 4368 utrum
952 4300 1094 4385 Spiritus
1116 4298 1269 4380 Sanctus,
1295 4303 1356 4383 qui

174 4433 242 4488 erat
267 4427 304 4489 in
333 4427 513 4509 Apostoiio,
538 4428 686 4511 frondem
710 4429 854 4511 ipsorum
883 4435 1006 4507 nosset,
1033 4442 1156 4488 nee-ne.
1183 4419 1245 4488 Alii
1273 4439 1351 4489 vero
