3074 5054
179 383 222 448 oo
515 383 650 452 turus
678 384 1006 465 memoriosum,

178 567 417 638 Matth.XXVl
438 573 520 638 271.
546 573 617 639 Act.
640 574 686 639 lll
710 598 718 641 z
744 576 781 656 63
806 577 838 640 X
862 599 870 642 ε
894 576 950 642 58.
974 576 1074 644 Vocat
1097 597 1192 665 porro
1211 581 1355 643 virumn

179 695 243 760 Deo
259 693 309 782 (h.
327 715 356 761 e.
375 698 548 782 divinitus,
568 719 638 766 nam
654 700 775 768 Graece
798 709 844 767 est
870 721 931 768 non
956 702 1013 765 ὑπο
1036 701 1091 769 sed
1114 725 1173 766 απο
1189 726 1242 766 του
1258 700 1355 791 deco)

179 821 214 883 io
230 819 316 883 vodis
330 818 466 908 (Graece
489 844 528 895 εις
544 822 624 908 ὑμας
633 870 642 901 ,
661 821 693 890 id
709 832 755 890 est
767 826 808 889 od
824 835 968 890 oestrum
984 825 1125 904 dortour,
1140 825 1234 892 vestri
1250 829 1354 908 causa)

176 949 404 1029 approbatum,
430 949 566 1030 Graece,
589 945 854 1040 aeodedeyperoo,
880 950 964 1040 quod
992 951 1072 1017 valet
1095 952 1279 1034 plenissime
1301 953 1355 1015 de·

176 1073 414 1154 monstratore',
433 1069 640 1151 declaratum,
658 1073 893 1162 comprobatum
918 1073 1001 1163 quod
1025 1094 1043 1142 a
1066 1073 1135 1140 Deo
1157 1072 1271 1138 missus
1288 1072 1355 1140 lue-

178 1190 235 1270 rit;
253 1210 332 1280 quae
355 1191 533 1280 plenissima
548 1193 769 1263 demonstratio
792 1197 899 1262 effecta
921 1206 968 1262 est
990 1195 1177 1274 virtutibus,
1196 1204 1226 1259 et
1238 1196 1356 1277 prodi-

176 1317 238 1398 piis
243 1365 256 1399 ,
275 1326 306 1381 et
320 1319 437 1401 tipicis,
456 1316 490 1384 h.
508 1337 538 1385 e.
556 1339 612 1408 per
629 1319 696 1386 eius
712 1319 873 1387 miracula.
900 1319 1028 1388 Maioris
1045 1317 1229 1408 emphaseos
1245 1337 1355 1395 causa,

177 1446 208 1502 ct
234 1446 272 1503 ut⁴
294 1456 438 1526 magnum
466 1439 688 1508 miraculorum
717 1463 880 1510 numerum
905 1442 1072 1523 indicaret,
1098 1441 1199 1508 tribus
1225 1439 1357 1507 vocibus

177 1580 271 1627 unam
293 1561 496 1651 eamdemque
511 1583 576 1630 rem
593 1564 789 1653 significavit.
808 1569 1005 1657 Quamquam
1020 1585 1094 1632 veno
1111 1567 1262 1644 virtores,
1278 1585 1357 1648 pro-

178 1687 284 1769 dipio,
306 1690 467 1772 atalpero,
493 1708 555 1754 non
578 1711 614 1754 re
638 1688 803 1771 differunt,
825 1691 884 1757 alia
913 1701 1013 1757 tamen
1037 1698 1129 1779 atque
1151 1689 1212 1755 alia
1236 1689 1358 1756 ratione

178 1808 328 1876 miracula
343 1809 460 1900 triplici
476 1810 538 1879 hoc
553 1812 678 1880 nomine
694 1812 852 1880 dicuutur.
871 1813 953 1882 Vide
967 1813 1002 1880 S.
1019 1810 1083 1880 Th.
1102 1815 1135 1879 2.
1154 1814 1187 1879 2.
1206 1813 1247 1897 Q.
1268 1815 1354 1893 178,

177 1934 380 2003 1111115.
533 1922 535 1926 ὗ

222 2081 302 2143 prece
317 2058 498 2149 (miracula)
521 2064 595 2146 [ecit
617 2063 703 2127 Deos
719 2082 780 2145 per
802 2063 950 2127 illumino
968 2064 1070 2126 medio
1092 2057 1216 2148 centri).
1241 2062 1354 2128 Petrus

175 2180 277 2248 adhuc
304 2181 343 2250 de
371 2185 442 2251 lesu
470 2183 608 2273 loquitur
631 2183 813 2273 prudenter,
842 2194 999 2273 tamquam
1026 2183 1065 2261 de
1096 2183 1223 2250 homine
1249 2182 1355 2251 divina

175 2307 288 2374 virtute
305 2308 470 2396 praeditol.
489 2311 532 2374 lo
548 2311 651 2374 medio
666 2313 782 2393 vestri,
802 2308 887 2398 quod
905 2309 999 2375 refert
1014 2309 1203 2376 chnaicum
1226 2311 1352 2393 nasica,

176 2430 364 2499 tantumdem
381 2431 434 2499 hic
446 2431 525 2500 valet
542 2433 626 2521 quod
643 2436 728 2498 inter
743 2455 814 2512 eos,
829 2433 938 2501 vestris
955 2433 1014 2500 sub
1028 2433 1142 2500 oculis.
1158 2433 1249 2498 Sicut
1264 2443 1292 2496 et
1299 2453 1355 2497 ooo

174 2555 252 2644 (non
274 2576 364 2624 secus
380 2576 416 2623 ac
440 2561 507 2645 nos)
524 2560 628 2637 scitis,
651 2569 743 2647 atque
764 2557 860 2639 adeo,
881 2568 997 2647 patrata
1017 2558 1115 2625 fuisse
1137 2576 1172 2623 ea
1189 2556 1353 2637 miracula,

176 2699 237 2745 non
264 2681 393 2767 potestis
414 2701 538 2769 negare.
559 2683 648 2770 lpsos
671 2684 782 2749 Petrus
806 2682 851 2748 rei
877 2691 970 2749 testes
992 2680 1139 2769 appellat.
1165 2679 1355 2746 -Dicitur

176 2807 218 2878 οῖς
234 2827 355 2878 enotare
378 2825 435 2893 pro
454 2805 474 2867 ἁ
490 2827 629 2882 εποιησε,
648 2823 705 2892 per
726 2804 961 2871 Attractiouem.
987 2801 1069 2872 Vide
1090 2803 1147 2870 Gr.
1175 2821 1246 2890 pag.
1273 2804 1353 2870 l6l.

222 3048 278 3113 25.
303 3048 386 3111 hirec
405 3047 535 3128 definito
557 3048 691 3112 consilio
713 3055 741 3110 et
762 3043 974 3128 praescientia
990 3041 1051 3104 Dei
1074 3037 1272 3125 traditorem).
1290 3041 1353 3125 Qui

176 3167 361 3235 antecedunt
387 3167 563 3235 Accusativi
592 3166 771 3258 pendente
799 3160 1022 3254 προσπηξαντες
1049 3159 1196 3241 arctiore,
1224 3160 1308 3249 quod
1335 3183 1354 3228 a

176 3287 237 3355 fine
253 3287 345 3356 liuius
362 3289 508 3357 versiculi
525 3291 648 3378 legitur.
666 3286 951 3356 Demonstrativnm
969 3307 1073 3351 τουτον
1089 3285 1199 3352 abesse
1215 3293 1352 3372 poterat,

173 3411 227 3478 sed
244 3423 327 3478 recte
343 3413 402 3480 luit
416 3412 606 3493 adhibitum,
622 3423 687 3480 tum
704 3412 831 3480 maioris
848 3409 1033 3501 emphaseos
1049 3428 1161 3487 causa,
1179 3419 1245 3476 tum
1260 3407 1354 3476 etiam

174 3535 214 3602 ob
237 3536 387 3605 maiorem
410 3529 558 3605 orationis
579 3535 857 3626 perspicuitatem.
884 3533 962 3602 Vult
982 3535 1095 3600 Petrus
1119 3551 1285 3599 occurrere
1309 3542 1353 3598 ta-

206 3765 225 3832 1)
243 3767 367 3820 Miracula
386 3769 457 3820 enim
473 3769 501 3819 11
516 3781 577 3820 cum
595 3768 675 3820 finem
692 3781 739 3834 pa·
818 3772 837 3838 1)
856 3771 895 3824 Cf.
910 3771 1001 3835 Chrys
1016 3771 1090 3822 Hom.
1104 3769 1146 3830 Vl,
1160 3768 1192 3820 ad
1204 3767 1231 3819 h.
1241 3768 1261 3818 1.

175 3853 328 3912 tralucent,
342 3855 372 3904 ut
385 3850 522 3903 crederent
533 3850 634 3913 ludaei,
654 3852 739 3903 lesum
818 3855 837 3920 ⁴)
854 3857 918 3905 Van.
937 3868 1007 3903 neon.
1027 3853 1084 3903 Vox
1099 3833 1241 3921 λαβοντες
1254 3863 1306 3901 111
1317 3849 1354 3902 lc·

174 3946 229 3984 esse
251 3931 370 3984 Messiam
392 3933 465 3985 illum
484 3933 529 3985 diu
549 3936 738 3999 exspectatum.
784 3933 1354 4000 31111111Βο111111111Μ111111111,111

177 4019 216 4072 ct.
234 4020 304 4071 loan.
325 4019 449 4072 utrmv
470 4035 476 4071 :
499 4020 540 4072 36.
558 4019 603 4071 Vll
615 4033 620 4069 :
634 4020 676 4070 31.
694 4021 739 4072 X:
784 4020 812 4070 11
832 4019 950 4070 versione
967 4017 1088 4082 Syriaca,
1107 4029 1157 4067 111
1175 4017 1203 4067 11
1225 4015 1350 4080 Vulgata;

176 4102 218 4162 ⁶25,
232 4101 273 4152 37.
285 4101 331 4153 XV
345 4114 351 4149 :
365 4101 406 4153 11.
784 4114 870 4166 neque
882 4101 1004 4151 Irenaeus
1023 4099 1118 4163 aliique
1131 4097 1220 4149 Patres
1236 4110 1294 4148 eam
1305 4111 1352 4149 vo·

209 4178 229 4245 ²)
246 4180 283 4231 De
297 4179 489 4247 praepositione
507 4193 566 4232 απο
582 4185 609 4235 11
625 4171 739 4250 Compo-
784 4196 840 4234 cem
853 4182 981 4246 legerunt.
995 4181 1127 4232 Glossema
1138 4179 1247 4231 fortisan
1260 4183 1307 4231 est.

175 4264 231 4316 sitis
246 4267 323 4318 etiam
337 4268 500 4333 significante
515 4269 700 4333 perfectionem
715 4273 740 4318 et
817 4265 837 4331 1)
856 4266 885 4316 11
897 4264 1026 4316 similibus
1037 4263 1176 4330 phrasibus
1185 4262 1351 4313 Grammatici

173 4347 362 4400 absolutionem
382 4350 438 4411 rei,
461 4348 520 4401 ride
550 4351 678 4402 Zeunium
706 4349 739 4401 ad
784 4347 876 4398 dicunt
903 4346 1050 4398 Pronomen
1077 4328 1249 4423 sepelitote.
1287 4345 1353 4396 Vide

174 4429 261 4494 Vigor.
275 4429 339 4496 Cap.
351 4430 394 4482 lll.
407 4430 475 4483 Sect.
489 4433 512 4483 t.
522 4431 601 4483 XVll.
786 4430 964 4482 Hermannnm
985 4430 1018 4483 ad
1037 4430 1124 4495 Vigor.
1138 4428 1201 4496 Cap.
1220 4428 1264 4492 tV,
1282 4427 1350 4481 xlv.
