3074 5054
181 422 246 488 326
528 424 662 492 AGTUS
700 423 1031 508 Arnsuntnntnt,

179 609 388 698 Aeschylum,
419 635 450 702 p.
482 617 541 696 liti,
571 618 631 697 86,
666 620 748 698 560,
784 623 861 687 577.
895 621 965 688 Vox
998 618 1246 710 προσκεκλημαι,
1279 641 1359 708 quae

180 736 306 824 proprie
322 736 422 804 forma
438 750 484 805 est
507 740 640 807 Persecti
656 742 795 822 Passivi,
819 743 871 809 bic
895 745 1051 811 notionem
1076 744 1169 811 babet
1188 746 1333 810 Mediam
1342 771 1371 828 5·

180 879 240 947 qua
264 859 302 925 de
326 880 360 926 re
384 861 454 928 vide
478 864 535 931 Gr.
563 884 632 953 pag.
659 868 737 934 275.
765 871 797 934 5.

225 1115 257 1181 5.
285 1117 372 1181 Tenc
400 1118 597 1195 ieiunantes,
626 1114 716 1202 etc).
748 1116 884 1194 Graeca,
911 1114 951 1180 ob
974 1115 1090 1182 eloristi
1108 1115 1296 1202 Participia,
1315 1115 1360 1180 ita

179 1216 395 1305 reddiderim:
424 1251 498 1305 tnnc
523 1240 604 1331 (scil.
635 1249 761 1327 accepto
787 1238 847 1305 boc
870 1239 974 1307 divino
999 1238 1166 1321 mandato),
1189 1251 1360 1324 postquam

179 1362 287 1449 (puta,
305 1363 444 1449 sequenti
468 1362 534 1452 dis)
554 1366 747 1429 ieiunassent
769 1374 798 1428 et
819 1375 961 1429 orassent
983 1367 1267 1450 imposuisseatqete
1291 1367 1360 1430 iltis

177 1505 307 1565 mantes,
333 1488 526 1552 dimiserunt
541 1490 630 1570 ittos,
650 1494 684 1553 ut
700 1487 780 1552 irent
803 1489 864 1575 qub
889 1487 1024 1575 Spiritus
1046 1489 1175 1555 Sanctus
1200 1507 1253 1554 eos
1275 1499 1359 1555 esset

179 1607 341 1676 ducturus.
370 1611 480 1698 Neque
507 1611 589 1677 enim
613 1620 715 1677 certae
748 1611 840 1677 alicui
878 1612 1056 1700 prouinciae
1084 1612 1225 1678 destinati
1255 1624 1356 1680 erant.

224 1733 389 1801 Suarezius
413 1732 456 1816 (in
479 1737 498 1803 5
515 1756 547 1822 p.
571 1735 663 1823 Disp.
684 1737 744 1816 st,
763 1735 845 1802 Sect.
866 1706 912 1822 l),
931 1737 1036 1802 Estius
1053 1737 1095 1820 (in
1114 1735 1162 1802 loc
1179 1735 1298 1803 difficit.
1317 1737 1357 1804 ad

181 1856 214 1922 h.
241 1852 281 1939 l.)
305 1855 420 1944 aliique
441 1857 580 1924 nonnulli
602 1859 632 1923 in
656 1878 691 1924 ea
713 1858 800 1924 suere
822 1860 971 1926 sententia
995 1869 1029 1926 ut
1052 1858 1231 1939 crederent,
1256 1860 1358 1949 impo-

181 1981 325 2048 sitionem
347 2002 509 2061 manuum,
533 2002 612 2070 quae
634 1980 685 2048 hio
708 1994 910 2063 memoratur,
928 1983 1024 2050 luisse
1046 1995 1162 2050 tantum
1185 1987 1358 2068 deprecan-

182 2110 279 2186 tium,
305 2125 365 2171 non
394 2126 467 2172 vero
495 2106 585 2172 etiam
608 2111 883 2185 consecrantium,
907 2109 1045 2198 adeoque
1066 2129 1127 2175 non
1154 2119 1295 2197 spectare
1316 2110 1357 2176 ad

179 2233 308 2302 Ordinis
328 2233 577 2311 Sacramentum,
600 2232 683 2321 quod
709 2232 761 2300 hic
788 2234 881 2300 Saulo
910 2245 940 2301 et
966 2235 1125 2302 Barnabae
1154 2247 1235 2301 esset
1262 2234 1358 2301 colla-

179 2368 257 2425 tum.
276 2357 337 2425 Sed
353 2351 611 2423 consecratricem
627 2358 723 2425 luisse
743 2373 810 2426 eam
835 2380 981 2427 manuum
999 2361 1228 2448 impositionem
1243 2359 1358 2428 docent

176 2483 232 2552 SS.
259 2484 511 2570 Chrysostonus
536 2495 566 2551 et
588 2485 651 2551 Leo
675 2487 831 2573 Magnus,
858 2496 966 2573 estque
993 2485 1070 2552 baec
1098 2486 1292 2552 communior
1323 2487 1356 2553 in

177 2605 235 2675 bac
259 2606 437 2695 quaestione
464 2607 629 2686 sententia,
659 2617 688 2672 et
715 2608 841 2674 omnino
866 2607 1007 2674 tenenda.
1037 2609 1116 2674 Nam
1140 2609 1166 2673 si
1192 2609 1356 2676 mittamus

177 2733 321 2821 parvulos
337 2733 426 2815 illos,
444 2733 558 2821 quibus
570 2733 709 2800 Salvator
724 2733 878 2823 impositis
895 2735 1037 2801 manibus
1053 2734 1210 2801 benedixit
1226 2735 1352 2816 (matth.

117 2828 118 2833 ἵ
177 2858 258 2924 XlX
277 2877 284 2918 ε
306 2855 372 2939 lb),
392 2857 534 2944 nuspiam
551 2857 582 2921 in
601 2867 662 2923 toto
679 2858 765 2923 Novo
781 2859 977 2925 'testamento
1001 2858 1232 2946 deprecatoriae
1247 2859 1356 2926 cuius-

179 2981 248 3048 dam
273 2980 481 3069 impositionis
503 2999 648 3046 manuum
673 2979 799 3067 aliquod
823 2992 921 3047 exstat
945 2981 1140 3070 exemplum,
1159 2980 1214 3048 sed
1237 2981 1356 3070 ubique

179 3111 388 3190 imponuntur
410 3128 541 3186 manete,
560 3116 612 3172 aut
632 3109 673 3171 od
700 3109 878 3172 sesnandum
902 3108 948 3174 vel
973 3107 1064 3173 etiam
1085 3110 1293 3172 revocandum
1316 3111 1355 3173 in

177 3229 1081 3321 visontagttsublxz18.Marc.V:25;XV1:
1104 3231 1252 3298 l8.Luc.
1280 3232 1352 3298 lV:

177 3359 238 3438 40;
257 3358 328 3424 Act.
346 3357 408 3445 Ap.
428 3357 475 3422 lX
495 3381 502 3422 :
523 3357 583 3434 lt,
604 3357 661 3435 l7;
681 3355 823 3423 XXVlll
843 3377 850 3417 :
866 3352 916 3442 8),
935 3364 987 3420 aut
1001 3357 1043 3418 cd
1058 3355 1249 3419 sacrandam
1266 3353 1352 3436 (Act.

175 3477 1356 3560 V1:6;v111:t7;xtX:e;tutm0th.1V:tt;V:an;tTi-

175 3603 273 3672 moth.
298 3607 311 3671 l
337 3627 345 3665 τ
371 3605 414 3686 6).
447 3605 592 3684 Accedit,
623 3624 683 3670 non
712 3606 830 3668 andorn
859 3601 910 3668 bie
938 3601 1175 3668 commemorari
1204 3621 1354 3669 manuum

208 3820 227 3885 ¹}
245 3821 319 3872 Hom.
335 3820 440 3871 XXthl
452 3821 479 3870 in
491 3820 620 3886 principio
633 3834 639 3869 t
653 3804 738 3890 ‘Apes
786 3817 920 3882 Scriptura
935 3815 1098 3875 manifestat,
1111 3815 1252 3881 quodcum
1267 3817 1355 3881 Apos-

174 3898 440 3986 χειροτονηθεντες,
470 3914 569 3979 inquit,
605 3893 736 3972 εξηλθον.
786 3901 830 3954 toli
844 3900 953 3951 Paulum
968 3902 995 3949 et
1013 3900 1156 3950 Barnabam
1170 3913 1203 3950 ex
1216 3903 1356 3965 praecepto

174 4012 206 4062 Et
218 4024 279 4061 mox
291 4028 296 4062 3
310 4019 344 4058 ου
356 4019 413 4086 70²?
427 3993 464 4071 δη
480 3997 739 4083 eqfflmwpopm„
787 3985 899 4050 Spiritus
921 3983 1009 4034 Sancti
1027 3983 1162 4033 mitterent
1180 3981 1212 4032 ad
1229 3983 1355 4046 Evange-

332 4092 365 4157 λ)
518 4094 522 4103 ·
631 4098 646 4159 6
786 4067 850 4117 lium
861 4064 989 4116 Gentibus
1001 4063 1214 4129 praedicandum,
1227 4063 1354 4114 ieiunan-

176 4116 284 4180 Μὴ
310 4120 329 4157 α
364 4120 391 4157 *a
423 4121 474 4158 και
502 4095 630 4186 cmlii)
648 4119 736 4171 nm
787 4153 825 4200 tes
839 4153 864 4199 et
878 4152 982 4198 orantes
997 4148 1178 4212 imposuerunt
1189 4146 1226 4196 eis
1239 4159 1353 4208 mauus;

208 4224 233 4288 ¹)
246 4224 294 4290 Ep.
310 4224 342 4275 ad
356 4225 506 4277 Dioscorum
521 4226 738 4279 Alexandrinum.
786 4235 816 4281 ut
832 4231 1017 4291 intelligamus
1030 4232 1128 4295 quanta
1146 4231 1173 4278 et
1190 4228 1309 4279 dantium
1327 4233 1356 4281 et

177 4324 189 4350 s
208 4305 289 4369 Nam,
311 4308 413 4372 iniquit,
436 4312 539 4373 praeter
560 4311 738 4362 auctoritatem
785 4314 968 4378 accipientium
987 4311 1125 4363 devotione
1144 4311 1290 4362 curandum
1302 4313 1354 4374 sit,

173 4388 383 4450 consuetudinis
396 4405 475 4456 quam
487 4405 521 4442 ex
532 4392 677 4457 apostolica
693 4407 739 4444 no·
786 4411 819 4447 ne
839 4400 924 4447 tantae
940 4395 1129 4446 benedictionis
1153 4394 1354 4446 Sacramentum

174 4471 259 4524 vimus
282 4474 371 4527 ventre
399 4474 530 4537 doctrina,
557 4475 634 4527 etiam
660 4476 738 4528 Sacra
786 4478 947 4543 negligenter
957 4477 1235 4543 videaturimpletum.
1250 4498 1262 4522 o
