3074 5054
415 378 554 447 CAPUT
588 380 637 460 V,
674 377 796 447 VERS.
833 380 980 448 37-59.
1231 382 1294 448 llo

109 571 237 651 iuncto,
267 569 419 660 populum
446 568 486 637 ad
514 567 718 637 delectionem
750 568 943 649 concitabat,
976 564 1106 655 (ambo)
1137 567 1293 649 dicentes,

109 714 240 763 censum
265 714 338 762 eum
360 692 440 761 nihil
463 713 570 762 secum
586 693 699 760 afferre
722 713 816 783 quam
840 692 1034 760 manifestam
1049 693 1248 774 servitutem,
1266 702 1298 758 et

110 818 289 886 universam
316 829 439 908 gentem
465 817 504 886 ad
531 817 704 886 libertatem
734 816 950 885 vindicandam
977 815 1188 884 cohortantes.
1214 845 1228 875 »
1259 819 1296 885 ln

110 942 285 1030 posteriore
305 962 379 1009 vero
404 941 472 1009 loco
496 939 574 1010 haec
594 940 770 1008 referuntur
796 965 803 1007 :
827 941 1013 1004 Eremmon
1037 937 1232 1029 (Κωπονιου)
1251 963 1297 1013 τις

106 1080 186 1156 ἀνηρ
208 1064 390 1145 Γαλιλαιος,
407 1061 514 1142 leodac
536 1089 651 1152 ονομα,
669 1087 897 1140 traduceremur
917 1086 999 1154 ενηγε
1015 1087 1084 1139 τους
1100 1086 1292 1154 επιχωριους,

110 1193 259 1269 κακιζων,
276 1213 303 1255 ει
318 1180 409 1283 pepon
427 1212 459 1254 τε
474 1191 626 1276 Ῥωμαιοις
640 1186 736 1253 τελειν
754 1189 957 1275 ὑπομενουσι,
975 1213 1026 1251 και
1044 1211 1120 1275 μετα
1145 1211 1196 1253 τον
1218 1185 1295 1253 Θεον

110 1337 233 1379 οισουσι
255 1313 377 1390 demone
400 1310 562 1389 δεσποτας.
581 1316 613 1379 lt.
634 1335 661 1379 e.
681 1314 728 1381 Eo
745 1310 919 1404 (Coponio)
936 1313 1128 1403 provinciam
1149 1311 1299 1380 adminis-

109 1445 230 1519 trante,
247 1436 296 1504 vir
320 1437 446 1526 quidam
470 1437 648 1519 Galilaeus,
662 1437 713 1504 cui
736 1457 849 1505 nomen
870 1447 937 1504 erat
961 1437 1072 1516 ludas,
1090 1435 1129 1504 ad
1152 1435 1299 1504 delectio·

110 1579 183 1627 uem
211 1558 371 1648 indigenas
399 1559 569 1640 excitabat,
599 1560 725 1648 ignavos
753 1559 880 1640 dicens,
914 1559 940 1627 si
970 1559 1119 1627 Romanis
1148 1558 1299 1626 tributum

111 1679 249 1769 pendere
276 1682 482 1763 sustinerent,
511 1693 542 1750 et
569 1693 640 1773 post
666 1683 769 1751 Deum
797 1682 944 1751 mortales
979 1682 1123 1752 dominos
1150 1702 1298 1771 agnosce-

111 1815 195 1871 rent.

157 1928 392 1999 Observandum
408 1941 471 2011 est,
486 1928 612 2011 ludam,
625 1928 665 1997 de
681 1950 742 2020 quo
760 1929 813 1999 hic
827 1930 972 2020 agitur,a
989 1930 1124 2021 losepho
1141 1931 1172 1998 in
1190 1930 1298 2020 priore

110 2053 239 2143 quidem
255 2055 324 2122 loco
340 2053 401 2121 dici
421 2055 635 2140 chtooiteu,
652 2055 682 2122 in
696 2056 869 2145 posteriore
885 2076 960 2124 vero
973 2054 1174 2136 Galilaeom5
1186 2074 1298 2144 nempe

111 2177 264 2246 oriundus
287 2188 354 2245 erat
374 2198 413 2244 ex
433 2176 651 2259 Gaulanitide3
670 2197 732 2267 quo
756 2197 830 2244 vero
854 2189 995 2267 tempore
1011 2177 1194 2245 seditionem
1212 2176 1298 2245 illam

111 2301 282 2382 excitabat,
301 2301 362 2368 iam
379 2301 476 2368 lixum
492 2311 557 2368 tum
582 2301 613 2367 in
631 2299 769 2370 Galilaea
787 2300 982 2369 domicilium
999 2298 1153 2368 habuerit.
1172 2297 1300 2367 Accidit

112 2425 168 2492 illa
191 2425 302 2493 seditio
318 2448 348 2489 εν
364 2449 430 2500 ταις
445 2425 573 2515 ἡμεραις
594 2449 645 2499 της
668 2447 846 2516 απογραφης
868 2425 980 2514 (Vulg.
999 2428 1036 2490 itt
1051 2424 1159 2490 diolco
1173 2427 1298 2510 profes·

110 2547 231 2638 sionis)
253 2547 287 2616 h.
312 2569 342 2616 e.
373 2560 511 2634 tempore
535 2571 663 2630 censum
687 2550 740 2638 qui
765 2570 878 2618 census
901 2570 939 2617 au
967 2548 1050 2616 idem
1078 2548 1118 2614 sit
1144 2566 1216 2613 oum
1238 2566 1293 2625 eo,

109 2693 205 2761 quem
226 2675 328 2741 Lucas
349 2685 500 2742 memorat
522 2674 553 2740 in
576 2694 633 2741 suo
657 2674 823 2762 Evangelio
846 2672 939 2762 (Cap.
959 2673 989 2740 ll
1009 2693 1017 2736 ε
1039 2674 1071 2752 1,
1090 2671 1138 2758 2),
1155 2669 1230 2738 alibi
1247 2669 1296 2736 in·

110 2798 286 2886 quiremuS.
317 2798 397 2867 Illud
425 2821 577 2873 απεστησε
604 2796 678 2863 ileon
707 2803 808 2862 ἔκανον
838 2820 936 2862 οπισω
959 2796 1053 2859 αὐτου
1077 2805 1296 2880 proeqncuter

109 2921 230 2989 dictum
252 2933 299 2990 est
319 2943 377 3010 pro
397 2947 405 2990 :
424 2925 539 2991 avertit
558 2924 750 3008 popctomc
771 2922 907 3010 legitimo
923 2942 981 2989 suo
997 2919 1139 3009 principe
1155 2919 1197 2985 ita
1212 2929 1249 2984 cl
1265 2941 1297 2985 se

108 3057 309 3130 sequeretur.
345 3047 394 3113 De
428 3045 604 3114 istiusmodi
640 3046 893 3135 Breviloquentia
927 3046 993 3113 sive
1027 3045 1172 3130 Spalaei
1204 3065 1298 3128 proe-

108 3182 246 3257 pccote,
274 3182 307 3238 ut
330 3180 470 3250 vocatur,
496 3171 612 3239 videsis
636 3173 695 3241 Gr.
723 3192 793 3262 pag.
821 3174 899 3240 559.
925 3195 956 3261 y.

160 3410 306 3479 58-59.
331 3411 376 3476 Et
403 3432 488 3477 aterne
513 3415 637 3498 itaque,
662 3413 750 3495 elo).
769 3411 934 3480 Concludit
960 3408 1111 3480 Gamaliel
1131 3418 1190 3477 :et
1213 3408 1296 3486 iam,

113 3535 159 3599 ac
173 3554 240 3599 rem
251 3544 449 3618 praesentem
466 3539 550 3622 quod
565 3540 678 3602 attinet
693 3534 760 3625 (και
776 3560 815 3600 τα
828 3557 892 3600 νυν.
911 3534 994 3604 Vide
1006 3553 1100 3624 supra
1113 3552 1184 3623 pag.
1202 3531 1295 3620 tlt),

112 3657 155 3725 ab
171 3656 349 3728 hominibus
366 3662 434 3729 istis
457 3664 626 3746 discedite,
646 3663 766 3730 Graece
786 3684 937 3737 αποστητε
960 3664 1102 3728 desistite
1119 3661 1241 3744 (manus
1258 3658 1297 3727 ab

115 3781 155 3846 iis
170 3780 349 3871 abstinete),
368 3795 398 3850 et
413 3785 505 3852 sinite
521 3785 591 3852 illos
605 3792 668 3875 (και
687 3808 797 3850 εασατε
813 3809 923 3861 aurove
938 3786 1008 3853 scil.
1029 3782 1179 3866 απελθειν)
1196 3783 1296 3863 abire,

115 3902 229 3970 missos
245 3904 315 3972 illos
331 3905 434 3973 facite.
454 3909 522 3974 Hoc
538 3928 649 3989 sensu,
669 3910 712 3976 ait
726 3909 953 3977 Valckenarius
969 3907 1024 3997 (ad
1040 3906 1074 3974 h.
1093 3903 1147 3994 l.)‚
1166 3903 1295 3973 verbnm

116 4026 389 4116 confrequentant
407 4029 515 4118 optimi
536 4031 719 4121 scriptores.

162 4153 330 4218 consilium
346 4154 402 4219 leuc
418 4166 475 4221 aut
489 4153 596 4242 opus).
621 4155 629 4176 ‘
646 4151 741 4241 βουλη
758 4156 833 4229 αὕτη
848 4180 867 4230 η
882 4179 915 4219 το
932 4177 1016 4246 cpyov
1031 4178 1137 4233 τουτο,
1156 4177 1188 4220 ce
1203 4158 1295 4239 plau,

119 4294 160 4338 ou
180 4285 227 4340 eet
246 4290 370 4357 cuore·
392 4276 512 4367 duplici
535 4277 685 4346 vocabulo
708 4279 846 4346 nominat
866 4276 1088 4368 Apostolorum
1110 4279 1296 4347 institutum.

122 4400 225 4488 ltaque
259 4400 413 4469 Particula
449 4402 634 4471 disiunctiva
660 4428 678 4477 η
706 4400 759 4471 lic
790 4424 851 4470 non
884 4401 1032 4489 disiungit
1063 4422 1113 4470 res
1141 4403 1297 4482 diversas,
