3074 5054
459 385 597 451 CAPUT
630 384 727 465 Xlll,
764 385 885 452 VERS.
924 387 1068 453 54—55.
1282 387 1348 453 549

177 571 324 660 μελλοετα
351 575 545 663 ὑποστρεφειν
574 595 663 637 aaron
692 597 732 649 εις
761 569 943 665 διαφθοραε,
973 573 1088 641 locutio
1116 597 1156 648 εις
1184 571 1348 667 διαφθοραν

176 700 370 789 ὑποστρεφειε
398 717 434 763 eo
463 717 556 763 sensu
584 697 732 764 sumenda
762 708 824 777 est,
853 709 887 763 ut
910 697 1093 785 simpliciter
1120 697 1216 764 valeat
1244 703 1293 764 ire
1315 704 1350 766 ia

176 833 319 888 mortem.
338 859 382 869 -
398 821 610 911 Ὑποστρεφειν
627 820 680 887 hic
696 820 848 908 significat
869 820 1080 896 intransitive,
1101 831 1243 908 utsupra
1259 822 1323 889 Vlll
1339 849 1348 888 ε

177 947 235 1025 28,
254 956 284 1010 et
298 965 391 1032 saepe
407 942 493 1010 olibi.
512 982 556 992 —
572 942 635 1006 Ὁτι
652 942 711 1029 (ὁτι
729 939 837 1031 dono)
853 954 899 1010 est
924 943 976 1009 hie
991 943 1147 1010 Particula
1163 947 1349 1022 recitative,

177 1080 208 1135 ut
224 1088 319 1156 supra
335 1069 410 1156 Cap.
432 1067 464 1132 lll
484 1088 492 1129 ε
512 1071 567 1135 22.

219 1192 391 1261 Oraculum
407 1192 467 1258 hou
486 1213 493 1253 :
514 1188 606 1256 duan
629 1195 700 1281 vipera
716 1218 755 1257 τα
771 1198 840 1257 ὁσια
857 1189 960 1279 Δαβιδ
976 1217 1015 1256 τα
1032 1217 1128 1257 aaaron
1146 1195 1255 1282 (Vulg.
1275 1197 1352 1261 dabo

177 1319 257 1382 cobis
280 1328 390 1384 sancto
414 1318 520 1381 Dauid
542 1317 667 1406 fidelia)
690 1328 825 1384 sumtum
851 1328 897 1383 est
924 1336 962 1382 ex
991 1317 1088 1382 Isaiae
1110 1319 1186 1406 Cap.
1214 1319 1297 1386 LV:
1317 1322 1350 1386 5.

178 1443 298 1507 -Pro
315 1434 555 1523 ὁσιαΔαβιδτα
571 1464 687 1521 crore,
713 1454 747 1509 ut
770 1453 800 1508 ει
823 1443 854 1507 in
876 1441 1073 1529 Septuaginta
1099 1441 1186 1507 virali
1211 1443 1354 1509 versione

178 1564 218 1630 ibi
238 1564 364 1651 legitur,
387 1564 541 1631 Hebraice
562 1576 608 1631 est
631 1579 758 1648 huppen
789 1576 836 1646 *¹72¹
851 1563 962 1650 stupu,
988 1563 1020 1630 h.
1049 1585 1077 1629 ε.
1102 1568 1224 1648 pratias
1248 1566 1354 1650 (bene-

178 1687 262 1774 ficia).
283 1689 415 1753 Daoidis
438 1688 610 1766 (Genitivns
635 1687 782 1769 Obiecti),
803 1685 824 1751 i.
844 1706 872 1752 ε.
897 1687 1008 1754 Davidi
1035 1688 1204 1776 promissas
1228 1688 1266 1756 de
1288 1690 1355 1756 eius

179 1811 242 1878 filio
266 1813 379 1878 Massia
402 1811 558 1899 huiusque
587 1830 679 1898 regno
705 1809 881 1898 perpetuo¹,
911 1811 1040 1894 firmae,
1072 1820 1246 1877 constantes
1273 1830 1355 1877 sern-

180 1956 298 2024 perque
314 1935 488 2003 duratnras.
508 1975 551 1985 -
567 1936 661 2024 Atqui
686 1929 746 2000 nnn
768 1933 899 2001 fuissent
913 1939 1033 2019 pratiac
1055 1938 1129 2002 illae
1143 1937 1258 2019 firmae
1282 1956 1356 2003 con·

180 2069 373 2147 stantesque,
405 2059 464 2126 nisi
492 2060 623 2126 Messias
650 2057 751 2124 statim
780 2077 797 2124 a
825 2070 923 2125 morte
947 2060 1134 2126 surrexisset
1158 2061 1353 2126 immortalis

180 2183 261 2269 Ergo
280 2181 340 2249 boc
356 2182 483 2249 oraculo
503 2182 652 2271 implicite
672 2180 888 2247 continebatur
913 2181 1081 2269 praedictio
1099 2182 1137 2249 de
1154 2183 1268 2249 Messio
1285 2203 1358 2249 mox

180 2316 313 2372 amunte
330 2307 418 2395 (lsai.
437 2309 514 2395 Cap.
534 2306 593 2394 55)
616 2304 789 2372 revocando
813 2305 851 2371 ad
876 2307 967 2372 vitam
992 2326 1170 2394 perennem.
1198 2308 1301 2393 Atque
1317 2306 1359 2371 ita

180 2443 274 2520 patet,
294 2454 385 2520 quana
413 2445 496 2500 recte
519 2432 596 2499 illud
621 2433 780 2499 oraculum
797 2432 835 2498 ad
856 2433 1050 2520 propositam
1066 2434 1154 2499 Pauli
1171 2432 1273 2500 iaciat.
1291 2434 1357 2499 Neo

180 2555 284 2622 minus
302 2559 338 2622 eb
355 2556 434 2623 valet
449 2557 599 2636 ειιεεειε,
619 2556 702 2644 quod
719 2556 756 2623 ad
773 2554 855 2622 idern
872 2556 1046 2623 docendum
1064 2557 1152 2623 affert
1168 2548 1327 2623 oraculum
1348 2583 1355 2624 :

179 2681 255 2747 Non
281 2681 369 2745 dabis
401 2680 554 2745 Sanctam
584 2691 671 2744 laam
698 2681 805 2744 cidere
833 2684 1081 2763 corruptionem.
1113 2679 1209 2746 Cuius
1242 2679 1360 2747 oraculi

180 2810 275 2876 verba
292 2809 483 2897 interpretati
502 2810 563 2875 iarn
579 2829 687 2875 sarnus
704 2827 800 2896 supra
815 2806 854 2872 ad
870 2808 947 2897 Cep.
967 2808 988 2874 ll
1008 2829 1015 2869 :
1036 2811 1092 2876 27.

226 2933 319 3019 Quod
344 2935 375 2999 in
392 2932 693 3022 Septuaginta-virali
718 2933 860 2998 versione
880 2944 909 2998 ει
928 2933 1001 2999 lrinc
1018 2933 1100 3022 apud
1118 2934 1234 3000 Lucam
1252 2934 1362 3022 iegitur

180 3082 220 3122 τα
237 3062 306 3120 doro.
323 3054 426 3144 Δαβιδ
449 3058 570 3136 (coacto
595 3055 759 3144 Decidio),
778 3056 808 3123 id
835 3077 896 3123 non
913 3057 1099 3124 turbotenus
1118 3058 1284 3146 respondet
1301 3061 1362 3125 lle-

182 3182 289 3249 braico
321 3198 370 3268 ἰι-,ι
396 3200 490 3270 *ppt-1,
531 3183 586 3250 sed
625 3183 738 3249 horunr
774 3182 940 3248 verborum
978 3203 1103 3250 sensura
1143 3183 1248 3249 refert.
1282 3185 1363 3246 «Τα

183 3309 267 3382 ὁσια,
285 3306 328 3372 ait
339 3306 497 3371 Tittmann
514 3305 577 3394 (De
593 3307 791 3391 Synonpmio
803 3309 836 3369 in
850 3307 939 3372 Novo
954 3309 1161 3390 Testamenta,
1178 3328 1210 3395 p.
1226 3310 1282 3377 25,
1297 3304 1365 3394 sq.)

184 3440 255 3495 sunt
276 3429 324 3495 vel
349 3449 426 3517 quae
444 3430 489 3495 las
505 3441 551 3496 est
567 3429 681 3508 lacere,
700 3428 748 3494 vel
765 3449 845 3516 quae
868 3450 929 3495 nnn
955 3429 1056 3496 lacere
1080 3430 1165 3496 nelas
1181 3442 1227 3496 est
1243 3430 1365 3518 pietatis

186 3554 297 3620 officia.
328 3554 388 3621 Sed
416 3555 562 3642 singulari
593 3575 686 3622 sensu
714 3554 851 3620 occurrit
882 3555 952 3620 Act.
983 3554 1049 3622 Xlll
1076 3557 1171 3633 zat,
1201 3559 1245 3617 ὁτι
1274 3549 1364 3617 donn

187 3679 256 3763 ὑμιν
279 3702 318 3740 τα
346 3675 415 3740 ὅσια
438 3674 538 3741 Anici
559 3703 597 3742 τα
618 3702 726 3741 aiore.
759 3677 904 3766 Plerique
932 3678 1116 3767 interpretes
1141 3689 1307 3745 recurrunt
1327 3677 1366 3744 ad

187 3801 376 3867 Hebraicunr
400 3817 490 3887 Meu,
519 3803 601 3889 quod
628 3822 699 3868 cum
724 3799 761 3866 ab
786 3800 1004 3868 Alexandrinis
1028 3802 1193 3891 aliquoties
1221 3801 1367 3869 reddatur

219 4031 238 4096 ¹)
256 4029 350 4080 Psalm.
378 4030 419 4089 88,
447 4043 486 4079 vs.
515 4029 613 4080 36-38
638 4045 643 4079 :
669 4029 755 4080 Semel
799 4043 839 4080 vs.
861 4028 886 4092 l,
908 4031 1165 4082 5:1oraniaavia
1189 4043 1266 4080 seruo
1289 4043 1367 4080 mec:

186 4113 321 4163 iurantia
338 4118 431 4162 santolo
449 4126 517 4173 mco,
535 4114 559 4163 si
579 4113 665 4163 Dauid
678 4127 754 4163 mco·
799 4126 880 4178 usqae
896 4113 925 4162 in
937 4120 1073 4164 aeternam
1090 4113 1260 4178 praeparabo
1274 4111 1367 4178 (stabi-

186 4195 259 4245 lior:
273 4207 358 4244 semen
371 4195 425 4244 eins
436 4196 465 4244 ia
480 4201 616 4244 aeternam
629 4195 754 4246 marcebit.
800 4193 871 4258 liam)
883 4201 1060 4247 concentuum.
1076 4195 1110 4246 Ει
1125 4195 1268 4260 aedificabo
1280 4195 1309 4244 ic
1321 4207 1368 4258 pe-

188 4276 221 4328 Ει
235 4277 348 4329 tbrcnus
361 4277 493 4328 classiani
511 4277 550 4328 sol
568 4278 597 4327 ia
614 4283 755 4341 conspecta
801 4276 965 4327 cierationem
1001 4279 1086 4328 sedem
1124 4283 1196 4327 taam
1228 4274 1368 4340 (thronum

187 4372 257 4422 mco,
280 4365 303 4409 et
320 4360 386 4409 sicat
405 4357 471 4408 luna
491 4360 611 4423 perfecta
625 4361 653 4408 ic
665 4366 755 4409 acter—
803 4357 897 4423 tuum).
909 4357 947 4410 Cl.
962 4358 1144 4421 nicetiana,
1157 4370 1225 4424 quae
1244 4356 1369 4421 leguntur

188 4454 251 4490 num
270 4453 278 4488 .·
297 4446 320 4489 cl
341 4440 412 4490 testis
434 4441 463 4489 in
483 4439 553 4490 coelo
574 4439 667 4505 fidelis.
690 4438 754 4490 lbid.
803 4438 893 4502 2Reg.
909 4437 970 4503 Cap.
982 4438 1036 4490 Vll.
