<?xml version="1.0" encoding="UTF-8"?>
<!DOCTYPE html PUBLIC "-//W3C//DTD XHTML 1.0 Transitional//EN"
    "http://www.w3.org/TR/xhtml1/DTD/xhtml1-transitional.dtd">
<html xmlns="http://www.w3.org/1999/xhtml" xml:lang="en" lang="en">
 <head>
  <title>
</title>
<meta http-equiv="Content-Type" content="text/html;charset=utf-8" />
  <meta name='ocr-system' content='tesseract 3.04.00' />
  <meta name='ocr-capabilities' content='ocr_page ocr_carea ocr_par ocr_line ocrx_word'/>
</head>
<body>
  <div class='ocr_page' id='page_1' title='image "./commentariusina00beelgoog/commentariusina00beelgoog_0597.png"; bbox 0 0 3074 5054; ppageno 0'>
   <div class='ocr_carea' id='block_1_1' title="bbox 263 383 1112 465">
    <p class='ocr_par' dir='ltr' id='par_1_1' title="bbox 263 383 1112 465">
     <span class='ocr_line' id='line_1_1' title="bbox 263 383 1112 465; baseline -0.004 -12"><span class='ocrx_word' id='word_1_1' title='bbox 263 386 328 453; x_wconf 75' lang='lat'>558</span> <span class='ocrx_word' id='word_1_2' title='bbox 607 383 740 451; x_wconf 75' lang='lat' dir='ltr'>actos</span> <span class='ocrx_word' id='word_1_3' title='bbox 777 383 1112 465; x_wconf 82' lang='lat' dir='ltr'><strong>APOSTOLORUM,</strong></span> 
     </span>
    </p>
   </div>
   <div class='ocr_carea' id='block_1_2' title="bbox 261 571 1457 1409">
    <p class='ocr_par' dir='ltr' id='par_1_2' title="bbox 261 571 1457 1409">
     <span class='ocr_line' id='line_1_2' title="bbox 264 571 1457 663; baseline 0.006 -27"><span class='ocrx_word' id='word_1_4' title='bbox 264 597 366 654; x_wconf 83' lang='grc' dir='ltr'><strong>ισασι,</strong></span> <span class='ocrx_word' id='word_1_5' title='bbox 391 571 483 639; x_wconf 90' lang='lat' dir='ltr'>veluti</span> <span class='ocrx_word' id='word_1_6' title='bbox 507 573 532 639; x_wconf 91' lang='lat' dir='ltr'>si</span> <span class='ocrx_word' id='word_1_7' title='bbox 554 573 678 661; x_wconf 90' lang='lat' dir='ltr'>Belgice</span> <span class='ocrx_word' id='word_1_8' title='bbox 700 572 786 640; x_wconf 85' lang='lat' dir='ltr'>dicas</span> <span class='ocrx_word' id='word_1_9' title='bbox 806 599 813 640; x_wconf 91' lang='lat'>:</span> <span class='ocrx_word' id='word_1_10' title='bbox 832 577 874 662; x_wconf 76' lang='lat' dir='ltr'>aij</span> <span class='ocrx_word' id='word_1_11' title='bbox 891 575 1011 639; x_wconf 75' lang='lat' dir='ltr'>lenirem</span> <span class='ocrx_word' id='word_1_12' title='bbox 1028 578 1106 654; x_wconf 76' lang='lat' dir='ltr'>majo</span> <span class='ocrx_word' id='word_1_13' title='bbox 1119 576 1207 640; x_wconf 80' lang='lat' dir='ltr'>terea</span> <span class='ocrx_word' id='word_1_14' title='bbox 1219 572 1310 663; x_wconf 92' lang='lat' dir='ltr'>(mijn</span> <span class='ocrx_word' id='word_1_15' title='bbox 1329 575 1457 643; x_wconf 82' lang='lat' dir='ltr'>lenens·</span> 
     </span>
     <span class='ocr_line' id='line_1_3' title="bbox 261 697 1457 786; baseline -0.002 -20"><span class='ocrx_word' id='word_1_16' title='bbox 261 697 376 786; x_wconf 76' lang='lat' dir='ltr'>wijzel,</span> <span class='ocrx_word' id='word_1_17' title='bbox 396 702 451 764; x_wconf 86' lang='lat' dir='ltr'>dat</span> <span class='ocrx_word' id='word_1_18' title='bbox 466 697 541 786; x_wconf 77' lang='grc' dir='ltr'>(ὁτι)</span> <span class='ocrx_word' id='word_1_19' title='bbox 555 701 586 765; x_wconf 79' lang='lat' dir='ltr'>ilc</span> <span class='ocrx_word' id='word_1_20' title='bbox 602 701 767 783; x_wconf 67' lang='lat' dir='ltr'>oametp&#39;lc,</span> <span class='ocrx_word' id='word_1_21' title='bbox 787 709 847 767; x_wconf 91' lang='lat' dir='ltr'>etc.</span> <span class='ocrx_word' id='word_1_22' title='bbox 864 700 983 768; x_wconf 88' lang='lat' dir='ltr'>Graeca</span> <span class='ocrx_word' id='word_1_23' title='bbox 995 698 1182 766; x_wconf 76' lang='lat' dir='ltr'><strong>verbotenus</strong></span> <span class='ocrx_word' id='word_1_24' title='bbox 1198 709 1309 766; x_wconf 88' lang='lat' dir='ltr'>sonant</span> <span class='ocrx_word' id='word_1_25' title='bbox 1329 724 1337 766; x_wconf 93' lang='lat'><strong>:</strong></span> <span class='ocrx_word' id='word_1_26' title='bbox 1360 699 1457 779; x_wconf 78' lang='lat' dir='ltr'>Quod</span> 
     </span>
     <span class='ocr_line' id='line_1_4' title="bbox 261 803 1457 907; baseline -0.002 -19"><span class='ocrx_word' id='word_1_27' title='bbox 261 825 433 889; x_wconf 81' lang='lat' dir='ltr'>secondom</span> <span class='ocrx_word' id='word_1_28' title='bbox 450 826 686 889; x_wconf 73' lang='lat' dir='ltr'><em>exactissimam</em></span> <span class='ocrx_word' id='word_1_29' title='bbox 705 834 821 890; x_wconf 86' lang='lat' dir='ltr'>sectam</span> <span class='ocrx_word' id='word_1_30' title='bbox 838 834 966 890; x_wconf 81' lang='lat' dir='ltr'>nostroe</span> <span class='ocrx_word' id='word_1_31' title='bbox 983 803 1152 907; x_wconf 70' lang='lat' dir='ltr'>religionis</span> <span class='ocrx_word' id='word_1_32' title='bbox 1177 825 1312 888; x_wconf 78' lang='lat' dir='ltr'>tricarim</span> <span class='ocrx_word' id='word_1_33' title='bbox 1329 823 1457 889; x_wconf 77' lang='lat' dir='ltr'>Pinari-</span> 
     </span>
     <span class='ocr_line' id='line_1_5' title="bbox 261 945 1456 1027; baseline 0 -15"><span class='ocrx_word' id='word_1_34' title='bbox 261 969 430 1015; x_wconf 59' lang='grc'><strong>11118.-</strong></span> <span class='ocrx_word' id='word_1_35' title='bbox 458 948 506 1013; x_wconf 91' lang='lat' dir='ltr'>De</span> <span class='ocrx_word' id='word_1_36' title='bbox 534 946 732 1015; x_wconf 87' lang='lat' dir='ltr'>Pharisaicae</span> <span class='ocrx_word' id='word_1_37' title='bbox 760 957 880 1027; x_wconf 89' lang='lat' dir='ltr'>sectae,</span> <span class='ocrx_word' id='word_1_38' title='bbox 911 948 976 1014; x_wconf 87' lang='lat' dir='ltr'>sive</span> <span class='ocrx_word' id='word_1_39' title='bbox 1005 945 1151 1025; x_wconf 87' lang='lat' dir='ltr'>scholae,</span> <span class='ocrx_word' id='word_1_40' title='bbox 1185 946 1251 1013; x_wconf 86' lang='lat' dir='ltr'>sire</span> <span class='ocrx_word' id='word_1_41' title='bbox 1279 945 1456 1014; x_wconf 86' lang='lat' dir='ltr'>haereseos</span> 
     </span>
     <span class='ocr_line' id='line_1_6' title="bbox 261 1067 1455 1162; baseline 0.002 -28"><span class='ocrx_word' id='word_1_42' title='bbox 261 1071 390 1161; x_wconf 81' lang='grc' dir='ltr'>(αἱρεσις</span> <span class='ocrx_word' id='word_1_43' title='bbox 419 1071 500 1139; x_wconf 92' lang='lat' dir='ltr'>hono</span> <span class='ocrx_word' id='word_1_44' title='bbox 529 1071 638 1161; x_wconf 89' lang='lat' dir='ltr'>sensu)</span> <span class='ocrx_word' id='word_1_45' title='bbox 663 1067 819 1162; x_wconf 65' lang='grc' dir='ltr'>ακριὸειᾳ,</span> <span class='ocrx_word' id='word_1_46' title='bbox 848 1071 919 1139; x_wconf 88' lang='lat' dir='ltr'>vide</span> <span class='ocrx_word' id='word_1_47' title='bbox 943 1072 1075 1137; x_wconf 86' lang='lat' dir='ltr'>Serorii</span> <span class='ocrx_word' id='word_1_48' title='bbox 1101 1073 1284 1138; x_wconf 79' lang='lat' dir='ltr'>Trilraeres.</span> <span class='ocrx_word' id='word_1_49' title='bbox 1304 1071 1378 1138; x_wconf 87' lang='lat' dir='ltr'><strong>Lib.</strong></span> <span class='ocrx_word' id='word_1_50' title='bbox 1403 1072 1455 1152; x_wconf 88' lang='lat' dir='ltr'>H,</span> 
     </span>
     <span class='ocr_line' id='line_1_7' title="bbox 263 1193 1457 1285; baseline -0.002 -23"><span class='ocrx_word' id='word_1_51' title='bbox 263 1197 339 1284; x_wconf 88' lang='lat' dir='ltr'>Cap.</span> <span class='ocrx_word' id='word_1_52' title='bbox 360 1198 393 1264; x_wconf 78' lang='lat' dir='ltr'>d.</span> <span class='ocrx_word' id='word_1_53' title='bbox 413 1196 482 1264; x_wconf 91' lang='lat' dir='ltr'>Vox</span> <span class='ocrx_word' id='word_1_54' title='bbox 499 1194 641 1285; x_wconf 80' lang='grc' dir='ltr'>θρησκεια</span> <span class='ocrx_word' id='word_1_55' title='bbox 657 1193 785 1282; x_wconf 90' lang='lat' dir='ltr'>proprie</span> <span class='ocrx_word' id='word_1_56' title='bbox 802 1193 840 1261; x_wconf 92' lang='lat' dir='ltr'>de</span> <span class='ocrx_word' id='word_1_57' title='bbox 857 1198 943 1261; x_wconf 81' lang='lat' dir='ltr'>cotta</span> <span class='ocrx_word' id='word_1_58' title='bbox 960 1194 1106 1282; x_wconf 88' lang='lat' dir='ltr'>religioso</span> <span class='ocrx_word' id='word_1_59' title='bbox 1123 1193 1253 1273; x_wconf 84' lang='lat' dir='ltr'>dicitur3</span> <span class='ocrx_word' id='word_1_60' title='bbox 1275 1205 1306 1260; x_wconf 90' lang='lat' dir='ltr'>et</span> <span class='ocrx_word' id='word_1_61' title='bbox 1322 1214 1398 1262; x_wconf 88' lang='lat' dir='ltr'>mox</span> <span class='ocrx_word' id='word_1_62' title='bbox 1416 1194 1457 1261; x_wconf 91' lang='lat' dir='ltr'>de</span> 
     </span>
     <span class='ocr_line' id='line_1_8' title="bbox 263 1313 1453 1409; baseline -0.004 -24"><span class='ocrx_word' id='word_1_63' title='bbox 263 1322 415 1402; x_wconf 70' lang='lat' dir='ltr'>religione</span> <span class='ocrx_word' id='word_1_64' title='bbox 432 1322 513 1403; x_wconf 80' lang='lat' dir='ltr'>ipso.</span> <span class='ocrx_word' id='word_1_65' title='bbox 533 1317 645 1385; x_wconf 82' lang='lat' dir='ltr'>Saldas</span> <span class='ocrx_word' id='word_1_66' title='bbox 664 1343 672 1384; x_wconf 76' lang='grc' dir='ltr'><strong><em>ε</em></strong></span> <span class='ocrx_word' id='word_1_67' title='bbox 693 1314 861 1406; x_wconf 85' lang='grc' dir='ltr'>Θρησκεια·</span> <span class='ocrx_word' id='word_1_68' title='bbox 883 1319 900 1392; x_wconf 83' lang='grc' dir='ltr'><strong><em>ἡ</em></strong></span> <span class='ocrx_word' id='word_1_69' title='bbox 919 1315 1053 1409; x_wconf 67' lang='lat' dir='ltr'>deiopeia·</span> <span class='ocrx_word' id='word_1_70' title='bbox 1074 1319 1137 1381; x_wconf 73' lang='lat' dir='ltr'>oder</span> <span class='ocrx_word' id='word_1_71' title='bbox 1156 1341 1207 1380; x_wconf 81' lang='grc' dir='ltr'>και</span> <span class='ocrx_word' id='word_1_72' title='bbox 1225 1313 1453 1408; x_wconf 80' lang='grc' dir='ltr'>ἑτεροθρησκος·</span> 
     </span>
    </p>
   </div>
   <div class='ocr_carea' id='block_1_3' title="bbox 265 1438 441 1532">
    <p class='ocr_par' dir='ltr' id='par_1_3' title="bbox 265 1438 441 1532">
     <span class='ocr_line' id='line_1_9' title="bbox 265 1438 441 1532; baseline -0.006 -25"><span class='ocrx_word' id='word_1_73' title='bbox 265 1438 441 1532; x_wconf 77' lang='grc' dir='ltr'><strong>ἑτεροδοξος.</strong></span> 
     </span>
    </p>
   </div>
   <div class='ocr_carea' id='block_1_4' title="bbox 187 1684 1488 4511">
    <p class='ocr_par' dir='ltr' id='par_1_4' title="bbox 187 1684 1457 3143">
     <span class='ocr_line' id='line_1_10' title="bbox 307 1684 1457 1777; baseline 0.001 -23"><span class='ocrx_word' id='word_1_74' title='bbox 307 1689 409 1754; x_wconf 90' lang='grc'><strong>6-7.</strong></span> <span class='ocrx_word' id='word_1_75' title='bbox 436 1689 479 1752; x_wconf 85' lang='lat' dir='ltr'>Et</span> <span class='ocrx_word' id='word_1_76' title='bbox 500 1707 585 1752; x_wconf 81' lang='lat' dir='ltr'>orror</span> <span class='ocrx_word' id='word_1_77' title='bbox 606 1689 640 1751; x_wconf 82' lang='lat' dir='ltr'>io</span> <span class='ocrx_word' id='word_1_78' title='bbox 661 1707 736 1769; x_wconf 81' lang='lat' dir='ltr'>ape,</span> <span class='ocrx_word' id='word_1_79' title='bbox 761 1684 854 1774; x_wconf 78' lang='lat' dir='ltr'>eto).</span> <span class='ocrx_word' id='word_1_80' title='bbox 878 1686 985 1754; x_wconf 81' lang='lat' dir='ltr'>Naxus</span> <span class='ocrx_word' id='word_1_81' title='bbox 1004 1685 1073 1753; x_wconf 88' lang='lat' dir='ltr'>talis</span> <span class='ocrx_word' id='word_1_82' title='bbox 1089 1697 1136 1753; x_wconf 89' lang='lat' dir='ltr'>est</span> <span class='ocrx_word' id='word_1_83' title='bbox 1156 1709 1163 1752; x_wconf 91' lang='lat'>:</span> <span class='ocrx_word' id='word_1_84' title='bbox 1183 1686 1380 1775; x_wconf 83' lang='lat' dir='ltr'>Religionem</span> <span class='ocrx_word' id='word_1_85' title='bbox 1399 1707 1457 1777; x_wconf 90' lang='lat' dir='ltr'>pa·</span> 
     </span>
     <span class='ocr_line' id='line_1_11' title="bbox 187 1809 1456 1900; baseline 0.002 -26"><span class='ocrx_word' id='word_1_86' title='bbox 187 1871 188 1874; x_wconf 74' lang='grc'>,</span> <span class='ocrx_word' id='word_1_87' title='bbox 262 1822 342 1877; x_wconf 92' lang='lat' dir='ltr'>trum</span> <span class='ocrx_word' id='word_1_88' title='bbox 360 1821 538 1877; x_wconf 82' lang='lat' dir='ltr'>nostrornm</span> <span class='ocrx_word' id='word_1_89' title='bbox 556 1809 704 1876; x_wconf 89' lang='lat' dir='ltr'>hactenus</span> <span class='ocrx_word' id='word_1_90' title='bbox 721 1809 881 1877; x_wconf 78' lang='lat' dir='ltr'>observavi</span> <span class='ocrx_word' id='word_1_91' title='bbox 900 1829 993 1898; x_wconf 88' lang='lat' dir='ltr'>quam</span> <span class='ocrx_word' id='word_1_92' title='bbox 1008 1810 1259 1898; x_wconf 89' lang='lat' dir='ltr'>religiosissime;</span> <span class='ocrx_word' id='word_1_93' title='bbox 1279 1809 1335 1879; x_wconf 91' lang='lat' dir='ltr'>sed</span> <span class='ocrx_word' id='word_1_94' title='bbox 1348 1831 1456 1900; x_wconf 86' lang='lat' dir='ltr'>neque</span> 
     </span>
     <span class='ocr_line' id='line_1_12' title="bbox 262 1933 1455 2024; baseline 0.003 -24"><span class='ocrx_word' id='word_1_95' title='bbox 262 1954 344 2000; x_wconf 84' lang='lat' dir='ltr'>rrunc</span> <span class='ocrx_word' id='word_1_96' title='bbox 360 1934 398 2001; x_wconf 92' lang='lat' dir='ltr'>ab</span> <span class='ocrx_word' id='word_1_97' title='bbox 419 1935 498 2001; x_wconf 76' lang='lat' dir='ltr'>avita</span> <span class='ocrx_word' id='word_1_98' title='bbox 518 1933 667 2021; x_wconf 79' lang='lat' dir='ltr'>religione</span> <span class='ocrx_word' id='word_1_99' title='bbox 684 1935 816 2019; x_wconf 82' lang='lat' dir='ltr'>recessi,</span> <span class='ocrx_word' id='word_1_100' title='bbox 843 1935 960 2023; x_wconf 88' lang='lat' dir='ltr'>quippe</span> <span class='ocrx_word' id='word_1_101' title='bbox 980 1934 1032 2022; x_wconf 88' lang='lat' dir='ltr'>qui</span> <span class='ocrx_word' id='word_1_102' title='bbox 1053 1934 1093 2002; x_wconf 92' lang='lat' dir='ltr'>ob</span> <span class='ocrx_word' id='word_1_103' title='bbox 1110 1933 1141 2002; x_wconf 93' lang='lat' dir='ltr'>id</span> <span class='ocrx_word' id='word_1_104' title='bbox 1162 1955 1233 2002; x_wconf 87' lang='lat' dir='ltr'>reus</span> <span class='ocrx_word' id='word_1_105' title='bbox 1255 1955 1345 2017; x_wconf 89' lang='lat' dir='ltr'>sum,</span> <span class='ocrx_word' id='word_1_106' title='bbox 1364 1935 1455 2024; x_wconf 75' lang='lat' dir='ltr'>quiid</span> 
     </span>
     <span class='ocr_line' id='line_1_13' title="bbox 263 2058 1455 2150; baseline 0.003 -24"><span class='ocrx_word' id='word_1_107' title='bbox 263 2059 520 2150; x_wconf 80' lang='lat' dir='ltr'>praedicaverim,</span> <span class='ocrx_word' id='word_1_108' title='bbox 538 2058 736 2147; x_wconf 78' lang='lat' dir='ltr'>adimpletam</span> <span class='ocrx_word' id='word_1_109' title='bbox 752 2079 822 2126; x_wconf 90' lang='lat' dir='ltr'>esse</span> <span class='ocrx_word' id='word_1_110' title='bbox 844 2059 1085 2148; x_wconf 89' lang='lat' dir='ltr'>promissionem</span> <span class='ocrx_word' id='word_1_111' title='bbox 1105 2060 1143 2127; x_wconf 88' lang='lat' dir='ltr'>de</span> <span class='ocrx_word' id='word_1_112' title='bbox 1163 2058 1312 2127; x_wconf 86' lang='lat' dir='ltr'>mittendo</span> <span class='ocrx_word' id='word_1_113' title='bbox 1334 2062 1455 2130; x_wconf 84' lang='lat' dir='ltr'>Massia</span> 
     </span>
     <span class='ocr_line' id='line_1_14' title="bbox 263 2182 1457 2272; baseline -0.002 -20"><span class='ocrx_word' id='word_1_114' title='bbox 263 2185 408 2252; x_wconf 90' lang='lat' dir='ltr'>Patribus</span> <span class='ocrx_word' id='word_1_115' title='bbox 425 2185 539 2252; x_wconf 91' lang='lat' dir='ltr'>nostris</span> <span class='ocrx_word' id='word_1_116' title='bbox 552 2204 569 2250; x_wconf 89' lang='lat' dir='ltr'>a</span> <span class='ocrx_word' id='word_1_117' title='bbox 582 2185 649 2249; x_wconf 90' lang='lat' dir='ltr'>Deo</span> <span class='ocrx_word' id='word_1_118' title='bbox 663 2182 785 2251; x_wconf 87' lang='lat' dir='ltr'>iactam.</span> <span class='ocrx_word' id='word_1_119' title='bbox 805 2184 910 2271; x_wconf 78' lang='lat' dir='ltr'>Pergit</span> <span class='ocrx_word' id='word_1_120' title='bbox 926 2203 998 2272; x_wconf 89' lang='lat' dir='ltr'>ergo</span> <span class='ocrx_word' id='word_1_121' title='bbox 1015 2182 1121 2250; x_wconf 83' lang='lat' dir='ltr'>dicere</span> <span class='ocrx_word' id='word_1_122' title='bbox 1137 2207 1144 2248; x_wconf 92' lang='lat'><strong>:</strong></span> <span class='ocrx_word' id='word_1_123' title='bbox 1162 2186 1203 2249; x_wconf 85' lang='lat' dir='ltr'>m</span> <span class='ocrx_word' id='word_1_124' title='bbox 1219 2204 1305 2250; x_wconf 76' lang='lat' dir='ltr'>occec</span> <span class='ocrx_word' id='word_1_125' title='bbox 1314 2197 1457 2269; x_wconf 85' lang='lat' dir='ltr'>propter</span> 
     </span>
     <span class='ocr_line' id='line_1_15' title="bbox 262 2305 1453 2402; baseline -0.002 -26"><span class='ocrx_word' id='word_1_126' title='bbox 262 2330 350 2394; x_wconf 81' lang='lat' dir='ltr'>spem</span> <span class='ocrx_word' id='word_1_127' title='bbox 363 2314 419 2402; x_wconf 80' lang='lat' dir='ltr'>(err’</span> <span class='ocrx_word' id='word_1_128' title='bbox 441 2305 552 2398; x_wconf 71' lang='lat' dir='ltr'>alardo)</span> <span class='ocrx_word' id='word_1_129' title='bbox 570 2311 793 2393; x_wconf 76' lang='lat' dir='ltr'>promissionis</span> <span class='ocrx_word' id='word_1_130' title='bbox 814 2310 963 2393; x_wconf 78' lang='lat' dir='ltr'>patribus</span> <span class='ocrx_word' id='word_1_131' title='bbox 984 2311 1106 2374; x_wconf 81' lang='lat' dir='ltr'>nostris</span> <span class='ocrx_word' id='word_1_132' title='bbox 1129 2330 1149 2373; x_wconf 89' lang='lat' dir='ltr'>a</span> <span class='ocrx_word' id='word_1_133' title='bbox 1172 2310 1237 2374; x_wconf 86' lang='lat' dir='ltr'>Deo</span> <span class='ocrx_word' id='word_1_134' title='bbox 1258 2313 1363 2394; x_wconf 84' lang='lat' dir='ltr'>sactae</span> <span class='ocrx_word' id='word_1_135' title='bbox 1383 2309 1453 2400; x_wconf 80' lang='grc' dir='ltr'>(της</span> 
     </span>
     <span class='ocr_line' id='line_1_16' title="bbox 263 2431 1454 2525; baseline 0.003 -26"><span class='ocrx_word' id='word_1_136' title='bbox 263 2458 336 2525; x_wconf 80' lang='grc' dir='ltr'>προς</span> <span class='ocrx_word' id='word_1_137' title='bbox 352 2451 420 2510; x_wconf 80' lang='grc' dir='ltr'><strong>τους</strong></span> <span class='ocrx_word' id='word_1_138' title='bbox 438 2457 568 2525; x_wconf 80' lang='grc' dir='ltr'><em>πατερας</em></span> <span class='ocrx_word' id='word_1_139' title='bbox 589 2435 676 2520; x_wconf 77' lang='grc' dir='ltr'>ἡμων</span> <span class='ocrx_word' id='word_1_140' title='bbox 693 2431 873 2524; x_wconf 72' lang='grc' dir='ltr'>επαγγελιας</span> <span class='ocrx_word' id='word_1_141' title='bbox 888 2455 1046 2522; x_wconf 58' lang='lat' dir='ltr'>pelopem</span> <span class='ocrx_word' id='word_1_142' title='bbox 1059 2435 1116 2497; x_wconf 75' lang='grc' dir='ltr'>ὑπο</span> <span class='ocrx_word' id='word_1_143' title='bbox 1129 2457 1182 2497; x_wconf 83' lang='grc' dir='ltr'>του</span> <span class='ocrx_word' id='word_1_144' title='bbox 1197 2431 1292 2522; x_wconf 82' lang='grc' dir='ltr'>Θεου)</span> <span class='ocrx_word' id='word_1_145' title='bbox 1309 2456 1385 2502; x_wconf 82' lang='lat' dir='ltr'>reus</span> <span class='ocrx_word' id='word_1_146' title='bbox 1401 2438 1454 2502; x_wconf 79' lang='lat' dir='ltr'>iric</span> 
     </span>
     <span class='ocr_line' id='line_1_17' title="bbox 263 2557 1455 2647; baseline -0.003 -20"><span class='ocrx_word' id='word_1_147' title='bbox 263 2564 370 2642; x_wconf 82' lang='lat' dir='ltr'>odsto;</span> <span class='ocrx_word' id='word_1_148' title='bbox 395 2564 436 2627; x_wconf 88' lang='lat' dir='ltr'>cd</span> <span class='ocrx_word' id='word_1_149' title='bbox 462 2582 557 2645; x_wconf 81' lang='lat' dir='ltr'>quom</span> <span class='ocrx_word' id='word_1_150' title='bbox 575 2558 627 2642; x_wconf 84' lang='grc' dir='ltr'>(εις</span> <span class='ocrx_word' id='word_1_151' title='bbox 653 2559 698 2643; x_wconf 80' lang='grc' dir='ltr'>ἠν)</span> <span class='ocrx_word' id='word_1_152' title='bbox 727 2557 967 2647; x_wconf 89' lang='lat' dir='ltr'>promissionem</span> <span class='ocrx_word' id='word_1_153' title='bbox 996 2560 1161 2624; x_wconf 74' lang='lat' dir='ltr'>duodecim</span> <span class='ocrx_word' id='word_1_154' title='bbox 1193 2558 1294 2623; x_wconf 81' lang='lat' dir='ltr'>tribua</span> <span class='ocrx_word' id='word_1_155' title='bbox 1323 2569 1455 2626; x_wconf 78' lang='lat' dir='ltr'>costroe</span> 
     </span>
     <span class='ocr_line' id='line_1_18' title="bbox 263 2680 1450 2776; baseline 0.002 -26"><span class='ocrx_word' id='word_1_156' title='bbox 263 2688 311 2774; x_wconf 78' lang='lat' dir='ltr'>(ro</span> <span class='ocrx_word' id='word_1_157' title='bbox 335 2681 550 2776; x_wconf 77' lang='lat' dir='ltr'>dodcaapolor</span> <span class='ocrx_word' id='word_1_158' title='bbox 576 2682 678 2770; x_wconf 79' lang='grc' dir='ltr'>ἡμων)</span> <span class='ocrx_word' id='word_1_159' title='bbox 706 2684 827 2749; x_wconf 77' lang='lat' dir='ltr'>intenti</span> <span class='ocrx_word' id='word_1_160' title='bbox 850 2682 892 2771; x_wconf 81' lang='lat' dir='ltr'>(er</span> <span class='ocrx_word' id='word_1_161' title='bbox 921 2680 1067 2772; x_wconf 79' lang='grc' dir='ltr'>εκτενειᾳ)</span> <span class='ocrx_word' id='word_1_162' title='bbox 1093 2686 1143 2748; x_wconf 86' lang='lat' dir='ltr'>die</span> <span class='ocrx_word' id='word_1_163' title='bbox 1167 2693 1316 2768; x_wconf 78' lang='lat' dir='ltr'>nocteque</span> <span class='ocrx_word' id='word_1_164' title='bbox 1343 2684 1450 2752; x_wconf 87' lang='lat' dir='ltr'>Deum</span> 
     </span>
     <span class='ocr_line' id='line_1_19' title="bbox 229 2779 1453 2899; baseline -0.004 -22"><span class='ocrx_word' id='word_1_165' title='bbox 229 2873 233 2877; x_wconf 79' lang='lat'><strong>.</strong></span> <span class='ocrx_word' id='word_1_166' title='bbox 263 2812 396 2876; x_wconf 85' lang='lat' dir='ltr'>colenter</span> <span class='ocrx_word' id='word_1_167' title='bbox 416 2805 583 2899; x_wconf 78' lang='grc' dir='ltr'>(λατρευον)</span> <span class='ocrx_word' id='word_1_168' title='bbox 603 2810 786 2891; x_wconf 67' lang='lat' dir='ltr'>pertingere</span> <span class='ocrx_word' id='word_1_169' title='bbox 807 2779 956 2891; x_wconf 57' lang='lat' dir='ltr'>spercrrtg</span> <span class='ocrx_word' id='word_1_170' title='bbox 974 2819 1110 2891; x_wconf 82' lang='lat' dir='ltr'>propter</span> <span class='ocrx_word' id='word_1_171' title='bbox 1133 2804 1232 2897; x_wconf 82' lang='grc' dir='ltr'>(περι)</span> <span class='ocrx_word' id='word_1_172' title='bbox 1256 2807 1339 2871; x_wconf 81' lang='lat' dir='ltr'>donc</span> <span class='ocrx_word' id='word_1_173' title='bbox 1361 2828 1453 2890; x_wconf 81' lang='lat' dir='ltr'>spem</span> 
     </span>
     <span class='ocr_line' id='line_1_20' title="bbox 263 2930 1453 3028; baseline 0 -27"><span class='ocrx_word' id='word_1_174' title='bbox 263 2955 406 3017; x_wconf 81' lang='lat' dir='ltr'>accusor,</span> <span class='ocrx_word' id='word_1_175' title='bbox 431 2955 490 2999; x_wconf 85' lang='lat' dir='ltr'>reor</span> <span class='ocrx_word' id='word_1_176' title='bbox 519 2933 685 3028; x_wconf 74' lang='lat' dir='ltr'>Aprippp,</span> <span class='ocrx_word' id='word_1_177' title='bbox 717 2936 850 3017; x_wconf 82' lang='lat' dir='ltr'>idquae</span> <span class='ocrx_word' id='word_1_178' title='bbox 874 2933 1026 3000; x_wconf 81' lang='lat' dir='ltr'>Indaeis!</span> <span class='ocrx_word' id='word_1_179' title='bbox 1051 2933 1159 3011; x_wconf 77' lang='lat' dir='ltr'>(lirare</span> <span class='ocrx_word' id='word_1_180' title='bbox 1183 2930 1242 3021; x_wconf 88' lang='grc' dir='ltr'>(τι)</span> <span class='ocrx_word' id='word_1_181' title='bbox 1267 2934 1453 3001; x_wconf 81' lang='lat' dir='ltr'>incredibile</span> 
     </span>
     <span class='ocr_line' id='line_1_21' title="bbox 264 3040 1099 3143; baseline -0.007 -17"><span class='ocrx_word' id='word_1_182' title='bbox 264 3062 424 3127; x_wconf 82' lang='lat' dir='ltr'>iudicatur</span> <span class='ocrx_word' id='word_1_183' title='bbox 436 3060 522 3143; x_wconf 83' lang='lat' dir='ltr'>apud</span> <span class='ocrx_word' id='word_1_184' title='bbox 537 3078 608 3134; x_wconf 82' lang='lat' dir='ltr'>ooo,</span> <span class='ocrx_word' id='word_1_185' title='bbox 628 3079 670 3122; x_wconf 82' lang='lat' dir='ltr'>oc</span> <span class='ocrx_word' id='word_1_186' title='bbox 688 3059 772 3122; x_wconf 76' lang='lat' dir='ltr'>Deera</span> <span class='ocrx_word' id='word_1_187' title='bbox 789 3040 929 3123; x_wconf 79' lang='lat' dir='ltr'>mortnoa</span> <span class='ocrx_word' id='word_1_188' title='bbox 941 3056 1099 3123; x_wconf 80' lang='lat' dir='ltr'>suscitet?</span> 
     </span>
    </p>

    <p class='ocr_par' dir='ltr' id='par_1_5' title="bbox 257 3179 1488 4511">
     <span class='ocr_line' id='line_1_22' title="bbox 307 3179 1448 3273; baseline 0.001 -22"><span class='ocrx_word' id='word_1_189' title='bbox 307 3185 389 3252; x_wconf 88' lang='lat' dir='ltr'>lnlra</span> <span class='ocrx_word' id='word_1_190' title='bbox 409 3184 502 3273; x_wconf 84' lang='lat' dir='ltr'>(Cap.</span> <span class='ocrx_word' id='word_1_191' title='bbox 527 3182 697 3252; x_wconf 87' lang='lat' dir='ltr'>XXVlll:</span> <span class='ocrx_word' id='word_1_192' title='bbox 724 3179 784 3269; x_wconf 70' lang='grc'>10)</span> <span class='ocrx_word' id='word_1_193' title='bbox 803 3183 977 3270; x_wconf 88' lang='lat' dir='ltr'>promissus</span> <span class='ocrx_word' id='word_1_194' title='bbox 1002 3181 1190 3248; x_wconf 88' lang='lat' dir='ltr'>lsraeliticae</span> <span class='ocrx_word' id='word_1_195' title='bbox 1209 3182 1292 3269; x_wconf 87' lang='lat' dir='ltr'>genti</span> <span class='ocrx_word' id='word_1_196' title='bbox 1315 3184 1448 3252; x_wconf 87' lang='lat' dir='ltr'>Messias</span> 
     </span>
     <span class='ocr_line' id='line_1_23' title="bbox 261 3302 1447 3398; baseline -0.003 -21"><span class='ocrx_word' id='word_1_197' title='bbox 261 3320 388 3377; x_wconf 89' lang='lat' dir='ltr'>vocatur</span> <span class='ocrx_word' id='word_1_198' title='bbox 402 3330 471 3393; x_wconf 80' lang='lat' dir='ltr'>spes</span> <span class='ocrx_word' id='word_1_199' title='bbox 488 3308 634 3390; x_wconf 70' lang='lat' dir='ltr'>Israelis,</span> <span class='ocrx_word' id='word_1_200' title='bbox 653 3306 671 3380; x_wconf 80' lang='grc' dir='ltr'>ἡ</span> <span class='ocrx_word' id='word_1_201' title='bbox 688 3302 772 3380; x_wconf 82' lang='grc' dir='ltr'>ελπις</span> <span class='ocrx_word' id='word_1_202' title='bbox 788 3330 841 3370; x_wconf 83' lang='grc' dir='ltr'>του</span> <span class='ocrx_word' id='word_1_203' title='bbox 855 3305 981 3398; x_wconf 68' lang='lat' dir='ltr'>Iope-nl,</span> <span class='ocrx_word' id='word_1_204' title='bbox 1000 3306 1083 3396; x_wconf 92' lang='lat' dir='ltr'>quod</span> <span class='ocrx_word' id='word_1_205' title='bbox 1096 3327 1132 3373; x_wconf 85' lang='lat' dir='ltr'>ex</span> <span class='ocrx_word' id='word_1_206' title='bbox 1145 3317 1288 3375; x_wconf 85' lang='lat' dir='ltr'>contexta</span> <span class='ocrx_word' id='word_1_207' title='bbox 1304 3307 1447 3376; x_wconf 89' lang='lat' dir='ltr'>oratione</span> 
     </span>
     <span class='ocr_line' id='line_1_24' title="bbox 260 3428 1488 3530; baseline -0.001 -32"><span class='ocrx_word' id='word_1_208' title='bbox 260 3433 323 3523; x_wconf 78' lang='lat' dir='ltr'>(vs,</span> <span class='ocrx_word' id='word_1_209' title='bbox 346 3433 401 3500; x_wconf 70' lang='lat'>22.</span> <span class='ocrx_word' id='word_1_210' title='bbox 421 3438 485 3520; x_wconf 74' lang='lat' dir='ltr'>sq.)</span> <span class='ocrx_word' id='word_1_211' title='bbox 502 3441 639 3511; x_wconf 89' lang='lat' dir='ltr'>constat;</span> <span class='ocrx_word' id='word_1_212' title='bbox 669 3428 809 3518; x_wconf 86' lang='lat' dir='ltr'>adeoque</span> <span class='ocrx_word' id='word_1_213' title='bbox 833 3452 901 3514; x_wconf 79' lang='lat' dir='ltr'>sper</span> <span class='ocrx_word' id='word_1_214' title='bbox 926 3430 969 3498; x_wconf 89' lang='lat' dir='ltr'>ibi</span> <span class='ocrx_word' id='word_1_215' title='bbox 990 3451 1047 3520; x_wconf 92' lang='lat' dir='ltr'>per</span> <span class='ocrx_word' id='word_1_216' title='bbox 1070 3431 1293 3517; x_wconf 89' lang='lat' dir='ltr'>Metonymiam</span> <span class='ocrx_word' id='word_1_217' title='bbox 1318 3443 1448 3501; x_wconf 88' lang='lat' dir='ltr'>vocatur</span> <span class='ocrx_word' id='word_1_218' title='bbox 1484 3523 1488 3530; x_wconf 22' lang='lat'>¹</span> 
     </span>
     <span class='ocr_line' id='line_1_25' title="bbox 262 3551 1444 3644; baseline 0.002 -24"><span class='ocrx_word' id='word_1_219' title='bbox 262 3555 329 3644; x_wconf 91' lang='lat' dir='ltr'>ipse</span> <span class='ocrx_word' id='word_1_220' title='bbox 355 3554 425 3635; x_wconf 90' lang='lat' dir='ltr'>ille,</span> <span class='ocrx_word' id='word_1_221' title='bbox 455 3554 507 3643; x_wconf 90' lang='lat' dir='ltr'>qui</span> <span class='ocrx_word' id='word_1_222' title='bbox 525 3553 564 3621; x_wconf 91' lang='lat' dir='ltr'>ab</span> <span class='ocrx_word' id='word_1_223' title='bbox 586 3551 701 3620; x_wconf 76' lang='lat' dir='ltr'>lsraele</span> <span class='ocrx_word' id='word_1_224' title='bbox 718 3551 901 3642; x_wconf 89' lang='lat' dir='ltr'>sperabatur</span> <span class='ocrx_word' id='word_1_225' title='bbox 917 3553 981 3621; x_wconf 88' lang='lat' dir='ltr'>sive</span> <span class='ocrx_word' id='word_1_226' title='bbox 997 3553 1246 3643; x_wconf 74' lang='lat' dir='ltr'>exspectabatur.</span> <span class='ocrx_word' id='word_1_227' title='bbox 1268 3555 1444 3623; x_wconf 87' lang='lat' dir='ltr'>Putaverim</span> 
     </span>
     <span class='ocr_line' id='line_1_26' title="bbox 259 3676 1444 3766; baseline 0.002 -21"><span class='ocrx_word' id='word_1_228' title='bbox 259 3689 377 3759; x_wconf 90' lang='lat' dir='ltr'>autem,</span> <span class='ocrx_word' id='word_1_229' title='bbox 397 3698 503 3746; x_wconf 89' lang='lat' dir='ltr'>vocem</span> <span class='ocrx_word' id='word_1_230' title='bbox 521 3676 605 3752; x_wconf 83' lang='grc' dir='ltr'>ελπις</span> <span class='ocrx_word' id='word_1_231' title='bbox 622 3678 652 3744; x_wconf 90' lang='lat' dir='ltr'>in</span> <span class='ocrx_word' id='word_1_232' title='bbox 675 3676 829 3765; x_wconf 89' lang='lat' dir='ltr'>praesenti</span> <span class='ocrx_word' id='word_1_233' title='bbox 847 3676 915 3744; x_wconf 89' lang='lat' dir='ltr'>loco</span> <span class='ocrx_word' id='word_1_234' title='bbox 936 3677 1052 3766; x_wconf 89' lang='lat' dir='ltr'>pariter</span> <span class='ocrx_word' id='word_1_235' title='bbox 1073 3677 1282 3763; x_wconf 87' lang='lat' dir='ltr'>metonymice</span> <span class='ocrx_word' id='word_1_236' title='bbox 1306 3698 1377 3746; x_wconf 86' lang='lat' dir='ltr'>esse</span> <span class='ocrx_word' id='word_1_237' title='bbox 1393 3699 1444 3747; x_wconf 88' lang='lat' dir='ltr'>su-</span> 
     </span>
     <span class='ocr_line' id='line_1_27' title="bbox 260 3799 1444 3892; baseline -0.008 -20"><span class='ocrx_word' id='word_1_238' title='bbox 260 3804 419 3883; x_wconf 88' lang='lat' dir='ltr'>mendam,</span> <span class='ocrx_word' id='word_1_239' title='bbox 450 3815 479 3870; x_wconf 89' lang='lat' dir='ltr'>et</span> <span class='ocrx_word' id='word_1_240' title='bbox 502 3801 535 3870; x_wconf 95' lang='lat' dir='ltr'>id</span> <span class='ocrx_word' id='word_1_241' title='bbox 563 3802 646 3892; x_wconf 92' lang='lat' dir='ltr'>quod</span> <span class='ocrx_word' id='word_1_242' title='bbox 674 3802 816 3891; x_wconf 90' lang='lat' dir='ltr'>sequitur</span> <span class='ocrx_word' id='word_1_243' title='bbox 843 3801 1075 3869; x_wconf 87' lang='lat' dir='ltr'>Substantivum</span> <span class='ocrx_word' id='word_1_244' title='bbox 1105 3821 1237 3877; x_wconf 88' lang='lat' dir='ltr'>nomen,</span> <span class='ocrx_word' id='word_1_245' title='bbox 1264 3799 1444 3892; x_wconf 70' lang='grc' dir='ltr'><em>επαγγελιας</em></span> 
     </span>
     <span class='ocr_line' id='line_1_28' title="bbox 258 3922 1441 4017; baseline -0.003 -24"><span class='ocrx_word' id='word_1_246' title='bbox 258 3928 401 4016; x_wconf 81' lang='lat' dir='ltr'>inquam,</span> <span class='ocrx_word' id='word_1_247' title='bbox 432 3928 567 4017; x_wconf 87' lang='lat' dir='ltr'>positum</span> <span class='ocrx_word' id='word_1_248' title='bbox 591 3927 633 3994; x_wconf 91' lang='lat' dir='ltr'>ibi</span> <span class='ocrx_word' id='word_1_249' title='bbox 653 3947 739 4007; x_wconf 88' lang='lat' dir='ltr'>esse,</span> <span class='ocrx_word' id='word_1_250' title='bbox 771 3947 810 3992; x_wconf 85' lang='lat' dir='ltr'>ex</span> <span class='ocrx_word' id='word_1_251' title='bbox 839 3936 911 3993; x_wconf 90' lang='lat' dir='ltr'>noto</span> <span class='ocrx_word' id='word_1_252' title='bbox 940 3925 1145 4003; x_wconf 87' lang='lat' dir='ltr'>Hebraismo,</span> <span class='ocrx_word' id='word_1_253' title='bbox 1176 3944 1233 4012; x_wconf 92' lang='lat' dir='ltr'>pro</span> <span class='ocrx_word' id='word_1_254' title='bbox 1265 3922 1441 3992; x_wconf 81' lang='lat' dir='ltr'>Adiectiro.</span> 
     </span>
     <span class='ocr_line' id='line_1_29' title="bbox 258 4049 1441 4141; baseline -0.005 -23"><span class='ocrx_word' id='word_1_255' title='bbox 258 4052 358 4119; x_wconf 90' lang='lat' dir='ltr'>Simili</span> <span class='ocrx_word' id='word_1_256' title='bbox 376 4051 467 4119; x_wconf 93' lang='lat' dir='ltr'>modo</span> <span class='ocrx_word' id='word_1_257' title='bbox 484 4051 647 4120; x_wconf 89' lang='lat' dir='ltr'>Genitivns</span> <span class='ocrx_word' id='word_1_258' title='bbox 663 4076 714 4125; x_wconf 80' lang='grc' dir='ltr'>της</span> <span class='ocrx_word' id='word_1_259' title='bbox 732 4049 912 4141; x_wconf 73' lang='grc' dir='ltr'>επαγγελιας</span> <span class='ocrx_word' id='word_1_260' title='bbox 935 4049 1085 4118; x_wconf 84' lang='lat' dir='ltr'>Adiectivi</span> <span class='ocrx_word' id='word_1_261' title='bbox 1109 4049 1211 4116; x_wconf 91' lang='lat' dir='ltr'>loonm</span> <span class='ocrx_word' id='word_1_262' title='bbox 1228 4059 1314 4116; x_wconf 88' lang='lat' dir='ltr'>tenet</span> <span class='ocrx_word' id='word_1_263' title='bbox 1333 4050 1365 4116; x_wconf 93' lang='lat' dir='ltr'>in</span> <span class='ocrx_word' id='word_1_264' title='bbox 1382 4049 1441 4138; x_wconf 84' lang='lat' dir='ltr'>Ep.</span> 
     </span>
     <span class='ocr_line' id='line_1_30' title="bbox 257 4171 1443 4264; baseline -0.003 -25"><span class='ocrx_word' id='word_1_265' title='bbox 257 4172 295 4240; x_wconf 86' lang='lat' dir='ltr'>ad</span> <span class='ocrx_word' id='word_1_266' title='bbox 308 4171 425 4262; x_wconf 88' lang='lat' dir='ltr'>Ephes.</span> <span class='ocrx_word' id='word_1_267' title='bbox 444 4174 520 4262; x_wconf 89' lang='lat' dir='ltr'>Cap.</span> <span class='ocrx_word' id='word_1_268' title='bbox 536 4174 549 4238; x_wconf 96' lang='lat' dir='ltr'>l</span> <span class='ocrx_word' id='word_1_269' title='bbox 566 4198 574 4239; x_wconf 74' lang='grc' dir='ltr'><strong><em>ε</em></strong></span> <span class='ocrx_word' id='word_1_270' title='bbox 593 4175 634 4240; x_wconf 75' lang='lat' dir='ltr'>ta</span> <span class='ocrx_word' id='word_1_271' title='bbox 652 4185 681 4240; x_wconf 86' lang='lat' dir='ltr'>et</span> <span class='ocrx_word' id='word_1_272' title='bbox 700 4173 739 4240; x_wconf 92' lang='lat' dir='ltr'>ad</span> <span class='ocrx_word' id='word_1_273' title='bbox 756 4173 855 4241; x_wconf 80' lang='lat' dir='ltr'>Helm.</span> <span class='ocrx_word' id='word_1_274' title='bbox 875 4175 952 4263; x_wconf 87' lang='lat' dir='ltr'>Cap.</span> <span class='ocrx_word' id='word_1_275' title='bbox 968 4175 1014 4240; x_wconf 92' lang='lat' dir='ltr'>Xl</span> <span class='ocrx_word' id='word_1_276' title='bbox 1032 4198 1039 4239; x_wconf 92' lang='lat'>:</span> <span class='ocrx_word' id='word_1_277' title='bbox 1055 4176 1088 4240; x_wconf 84' lang='lat'>9.</span> <span class='ocrx_word' id='word_1_278' title='bbox 1104 4212 1147 4221; x_wconf 93' lang='lat'><em>-</em></span> <span class='ocrx_word' id='word_1_279' title='bbox 1165 4175 1269 4242; x_wconf 90' lang='lat' dir='ltr'>Voces</span> <span class='ocrx_word' id='word_1_280' title='bbox 1287 4197 1362 4264; x_wconf 84' lang='grc' dir='ltr'><strong>προς</strong></span> <span class='ocrx_word' id='word_1_281' title='bbox 1377 4196 1443 4246; x_wconf 81' lang='grc' dir='ltr'><strong>τους</strong></span> 
     </span>
     <span class='ocr_line' id='line_1_31' title="bbox 257 4291 1443 4387; baseline -0.003 -26"><span class='ocrx_word' id='word_1_282' title='bbox 257 4318 388 4385; x_wconf 56' lang='lat' dir='ltr'>accepera</span> <span class='ocrx_word' id='word_1_283' title='bbox 420 4295 553 4386; x_wconf 88' lang='lat' dir='ltr'>pendent</span> <span class='ocrx_word' id='word_1_284' title='bbox 573 4316 591 4363; x_wconf 88' lang='lat' dir='ltr'>a</span> <span class='ocrx_word' id='word_1_285' title='bbox 615 4316 690 4364; x_wconf 89' lang='lat' dir='ltr'>voce</span> <span class='ocrx_word' id='word_1_286' title='bbox 717 4319 887 4387; x_wconf 76' lang='grc' dir='ltr'><strong>γενομενης.</strong></span> <span class='ocrx_word' id='word_1_287' title='bbox 918 4296 1080 4364; x_wconf 72' lang='lat' dir='ltr'>articulus</span> <span class='ocrx_word' id='word_1_288' title='bbox 1107 4306 1177 4363; x_wconf 88' lang='lat' dir='ltr'>ante</span> <span class='ocrx_word' id='word_1_289' title='bbox 1206 4316 1314 4364; x_wconf 88' lang='lat' dir='ltr'>rocem</span> <span class='ocrx_word' id='word_1_290' title='bbox 1344 4291 1443 4361; x_wconf 76' lang='grc' dir='ltr'>ελπιδι</span> 
     </span>
     <span class='ocr_line' id='line_1_32' title="bbox 257 4418 1443 4511; baseline -0.003 -24"><span class='ocrx_word' id='word_1_291' title='bbox 257 4418 365 4487; x_wconf 89' lang='lat' dir='ltr'>obesse</span> <span class='ocrx_word' id='word_1_292' title='bbox 393 4430 522 4508; x_wconf 87' lang='lat' dir='ltr'>poterat.</span> <span class='ocrx_word' id='word_1_293' title='bbox 547 4418 629 4489; x_wconf 86' lang='lat' dir='ltr'>Vide</span> <span class='ocrx_word' id='word_1_294' title='bbox 650 4420 708 4487; x_wconf 87' lang='lat' dir='ltr'>Gr.</span> <span class='ocrx_word' id='word_1_295' title='bbox 728 4440 798 4508; x_wconf 88' lang='lat' dir='ltr'>pag.</span> <span class='ocrx_word' id='word_1_296' title='bbox 827 4423 901 4487; x_wconf 82' lang='lat'><strong>115.</strong></span> <span class='ocrx_word' id='word_1_297' title='bbox 934 4421 1042 4510; x_wconf 87' lang='lat' dir='ltr'>ltaque</span> <span class='ocrx_word' id='word_1_298' title='bbox 1070 4418 1154 4494; x_wconf 76' lang='grc' dir='ltr'>ελπις</span> <span class='ocrx_word' id='word_1_299' title='bbox 1182 4445 1233 4495; x_wconf 83' lang='grc' dir='ltr'>της</span> <span class='ocrx_word' id='word_1_300' title='bbox 1263 4418 1443 4511; x_wconf 60' lang='lat' dir='ltr'>coappelletur</span> 
     </span>
    </p>
   </div>
   <div class='ocr_carea' id='block_1_5' title="bbox 0 0 1542 5054">
    <p class='ocr_par' dir='ltr' id='par_1_6' title="bbox 0 0 1542 5054">
     <span class='ocr_line' id='line_1_33' title="bbox 0 0 1542 5054; baseline 0 0"><span class='ocrx_word' id='word_1_301' title='bbox 0 0 1542 5054; x_wconf 95' lang='lat' dir='ltr'> </span> 
     </span>
    </p>
   </div>
  </div>
 </body>
</html>
