3074 5054
489 411 626 478 CAPUT
660 413 757 493 Xlll,
794 413 915 482 VERS.
954 415 1053 481 5-7.
1294 416 1358 481 529

185 600 296 666 trinam
315 599 591 690 praedicantes—
603 602 712 669 Sermo
729 613 830 669 autem
848 601 900 669 hio
911 610 958 668 est
970 601 1008 668 de
1020 622 1101 668 novo
1113 602 1225 685 Papbo
1240 598 1358 691 (Παφῳ

180 723 250 813 aeg)
277 725 434 813 sexaginta
460 725 568 793 stadiis
595 726 726 794 distante
753 746 771 794 a
795 728 905 811 Popbo
932 737 1036 792 vetere
1063 725 1181 816 (Παφῳ
1210 721 1356 809 uoluta).

180 849 320 938 Utraque
343 848 419 917 urbs
443 850 541 918 dicata
568 852 626 919 luit
649 852 755 919 infami
778 852 912 922 Veneris
936 851 1050 930 cultui,
1081 850 1219 938 haecque
1249 851 1357 918 Venus

178 973 309 1064 Παφια,
326 975 448 1058 Paphio
463 974 501 1041 ab
518 995 553 1041 ea
570 976 856 1063 cognominabatur.
879 977 912 1041 ln
929 995 1008 1040 nova
1025 973 1152 1062 Papbo,
1171 993 1249 1060 quae
1265 973 1358 1039 totius

177 1095 298 1161 insulae
320 1096 502 1184 Metropolis
526 1109 609 1178 erat,
627 1097 733 1165 sedem
753 1118 839 1164 suam
860 1096 1033 1164 Prooonsul
1060 1094 1203 1163 babebat.
1221 1094 1270 1161 Cl.
1289 1094 1358 1163 Cel-

177 1219 248 1286 larii
265 1220 422 1286 Notitiam
439 1222 523 1286 orbis
540 1225 668 1307 antiqui
677 1273 686 1303 ,
705 1221 776 1288 Lib.
795 1223 860 1302 lll,
878 1223 954 1310 Cap.
973 1221 1053 1300 Vll,
1072 1220 1090 1308 S
1106 1219 1229 1286 XXVI.

225 1346 416 1410 invenerunt
443 1344 654 1433 (offenderunt
683 1346 742 1437 ibi)
770 1349 935 1431 quemdam
961 1348 1065 1410 virum
1088 1363 1239 1427 inopum,
1269 1340 1356 1421 elo).

176 1468 301 1536 Graeca
320 1491 328 1534 ε
346 1463 443 1556 orodpa
469 1490 539 1530 τινα
569 1491 686 1557 papan,
717 1468 751 1536 lt.
770 1489 799 1535 e.
829 1489 958 1553 ntupum
985 1469 1179 1552 quemadmad,
1204 1486 1276 1533 nam
1299 1486 1359 1532 vox

177 1612 253 1680 ανηρ
276 1608 315 1655 ex
336 1589 521 1657 Hebraismo
538 1591 589 1658 bio
605 1591 773 1672 redundat,
791 1603 824 1658 ut
841 1612 935 1681 supra
952 1594 1028 1680 Cap.
1049 1593 1094 1658 lll
1114 1617 1122 1658 :
1143 1593 1203 1669 ld3
1221 1591 1253 1656 X
1272 1611 1281 1651 ι
1300 1591 1356 1657 28.

176 1714 324 1779 Ceterum
339 1735 450 1798 oropus
469 1718 599 1799 quidum
622 1715 809 1783 tantumdem
833 1715 886 1783 bio
902 1726 949 1783 est
966 1736 1002 1782 ao
1027 1719 1260 1801 praestigiator
1287 1719 1358 1801 prri-

176 1841 266 1904 dnm.
286 1839 367 1906 Vide
383 1859 477 1927 supra
493 1840 532 1907 ad
548 1842 624 1930 Cap.
643 1841 721 1908 Vlll
742 1866 750 1907 ι
768 1844 802 1908 9.
823 1842 897 1907 Erat
912 1840 965 1907 hio
980 1852 1070 1929 gente
1086 1840 1237 1920 Iudaeus,
1256 1850 1286 1905 et
1301 1861 1358 1928 pro

177 1962 279 2049 legato
311 1962 415 2051 aliquo
449 1963 552 2030 divino
586 1984 620 2030 se
654 1965 840 2033 venditabat.
871 1966 991 2032 Nomen
1024 1965 1068 2032 illi
1102 1975 1168 2031 erat
1199 1964 1360 2029 Bar-Iesu

176 2087 272 2175 (³2th
298 2085 356 2175 os)
373 2086 433 2154 hoo
451 2099 498 2155 est
518 2091 607 2172 filius
632 2092 726 2170 Iesu‚·
743 2092 790 2158 sio
813 2111 925 2180 nempe
945 2090 1111 2157 vocabatur
1139 2111 1195 2179 per
1221 2090 1360 2157 denomi-

177 2209 336 2275 nationem
357 2229 374 2275 a
395 2221 481 2297 patre
501 2231 569 2277 suo.
596 2213 714 2279 Nomen
736 2216 828 2294 Iesu,
848 2226 880 2281 ut
902 2227 1008 2282 notum
1031 2225 1095 2291 est,
1115 2234 1279 2280 eoromuoe
1295 2226 1360 2279 erat

176 2333 261 2398 inter
277 2331 424 2414 ludaeos3
445 2334 560 2422 quade
577 2355 610 2401 re
631 2336 701 2402 vide
724 2358 803 2425 quae
826 2339 1003 2405 monuimus
1024 2339 1056 2404 in
1078 2338 1308 2404 Commentario
1326 2338 1356 2402 in

177 2458 241 2545 Ep.
260 2457 297 2523 ad
313 2456 543 2546 Philippenses,
563 2480 631 2548 pag.
652 2464 798 2541 66-67,
817 2463 891 2530 edit.
911 2466 970 2531 Ψ.

227 2709 259 2772 7.
278 2713 333 2793 qui
357 2721 426 2774 erut
446 2733 517 2776 cum
541 2713 736 2777 Proconsule
757 2710 885 2794 serpo,
904 2709 990 2791 eta).
1015 2712 1170 2799 Impuslor
1192 2708 1261 2788 hio,
1285 2720 1357 2797 puta

178 2844 214 2900 ut
242 2832 290 2897 vir
320 2831 476 2900 dootriuae
504 2834 683 2913 cuiusdam,
718 2833 925 2900 insinuaverat
957 2853 1025 2900 sese
1061 2834 1091 2899 io
1121 2831 1358 2899 familiaritatem

177 2958 228 3044 (ην
252 2953 322 3040 συν)
344 2956 443 3045 Sergii
472 2959 579 3037 Pauli,
598 2957 682 3024 illius
705 2958 824 3024 insulae
845 2958 1059 3024 Proconsulis.
1079 2997 1122 3006 -
1151 2987 1165 3025 a
1187 2957 1356 3033 Consulem

178 3078 265 3168 quod
281 3078 333 3146 lrio
348 3091 431 3148 notat
443 3082 639 3160 Kuinoelius‚
655 3088 724 3171 quia
738 3085 855 3150 Romae
868 3094 955 3149 eraut
967 3082 1161 3170 magistratus
1177 3101 1356 3169 supremus,

177 3222 198 3268 a
215 3202 345 3270 Graecis
361 3202 434 3268 dieti
452 3214 523 3270 suot
540 3206 667 3282 ὑπατοι,
687 3205 768 3292 quod
794 3205 876 3271 idem
893 3216 939 3271 ast
955 3224 992 3271 ao
1009 3206 1187 3294 ὑπερτατοι,
1205 3208 1356 3288 supremi,

178 3326 349 3400 ανθυπατος
377 3329 569 3410 Proconsul,
595 3348 633 3393 ex
661 3352 728 3392 αντι
755 3340 785 3395 et
808 3329 939 3407 ὑπατος,
964 3327 1045 3394 idem
1072 3327 1153 3417 quod
1182 3329 1356 3417 ὑπερτατος.

179 3451 300 3519 Verum
323 3452 459 3540 CypruS,
477 3472 494 3518 a
511 3454 658 3520 Romanis
675 3463 776 3542 capta,
794 3464 859 3519 erat
879 3454 1038 3541 provincia
1055 3475 1254 3542 στρατηγικη,
1274 3452 1306 3519 h.
1327 3474 1354 3519 e.

176 3575 366 3659 praetoria,
396 3593 456 3640 noo
484 3575 633 3653 ὑπατικη,
659 3573 692 3640 b.
723 3595 752 3640 e.
783 3577 979 3654 consularis5
1003 3594 1103 3662 neque
1130 3573 1207 3640 adeo
1231 3574 1263 3639 in
1292 3593 1357 3640 eam

180 3698 380 3766 mittebantur
402 3701 626 3783 Proconsulos,
646 3700 700 3767 sed
724 3702 973 3784 Propruetores;
991 3698 1140 3766 dicendus
1163 3720 1235 3786 ergo
1258 3700 1359 3788 potius

180 3823 291 3889 fuisset
314 3823 439 3910 Sergius
462 3846 715 3914 αντιστρατηγος,
736 3823 770 3890 h.
789 3844 817 3891 e.
837 3825 1047 3908 Propruelor.
1066 3823 1176 3891 Strabo
1194 3825 1263 3892 lV:
1283 3827 1359 3888 Ῥω-

184 3968 273 4031 μαιοι
289 3968 438 4030 κατεσχον
453 3970 506 4019 την
523 3969 611 4019 aunon
633 3946 808 4036 (Cyprum),
833 3972 885 4010 και
906 3971 1006 4038 pepone
1028 3969 1208 4036 στρατηγικη
1228 3968 1359 4034 επαρχια

181 4067 248 4131 καθ’
268 4085 372 4142 aaron.
396 4069 541 4150 Scilicet,
568 4069 665 4136 libera
690 4070 880 4158 Republica,
904 4071 1080 4160 provinciae
1103 4080 1189 4135 eraut
1213 4069 1259 4134 vel
1288 4090 1360 4134 oon-

181 4195 317 4275 sulores,
337 4194 384 4260 vel
398 4197 595 4277 praetoriae.
615 4195 649 4260 ln
663 4197 857 4278 consulares,
875 4215 953 4282 quae
970 4196 1153 4284 plerumque
1169 4193 1280 4261 ceteris
1296 4213 1360 4258 ma-

218 4457 235 4517 Ιι
255 4457 284 4508 lo
310 4457 390 4508 Codd.
418 4458 517 4520 ABCD,
540 4458 670 4525 variisque
693 4457 846 4510 Minusculis
872 4457 982 4523 legitur,
1011 4463 1040 4511 ut
1066 4460 1093 4511 in
1117 4459 1244 4525 Vulgata,
1263 4439 1359 4533 ανὸρα

183 4555 251 4599 τινα
275 4557 386 4623 papan,
505 4612 507 4615 Ι
