3074 5054
185 385 251 452 aaa
523 385 657 454 ACTUS
695 384 1030 466 apostatantur,

184 574 277 640 batur
290 570 510 665 (uuprsseareuau
528 571 612 650 ειδως
627 600 666 640 τα
687 599 753 666 περι
774 600 825 651 της
842 573 942 655 tacu),
963 575 1093 642 Paulum
1113 596 1174 642 nou
1191 575 1366 656 damnavit,

182 699 237 767 sed
255 698 407 767 iudicium
432 719 543 767 causae
568 699 598 765 iu
621 699 705 767 aliud
730 712 852 790 tempus
877 700 996 768 distulit
1024 697 1196 786 (curialem
1221 708 1366 787 αυτους),

180 825 287 891 diceus
303 827 412 917 (ειπας)
428 823 581 909 :Quando
599 824 708 912 Lysias
724 825 884 892 Tribunus
900 823 962 893 lruc
979 824 1193 906 descenderit,
1214 829 1252 891 cle
1269 847 1367 892 causa

181 962 283 1018 aestro
299 959 349 1042 (τα
372 951 436 1014 καθ’
453 949 548 1038 aanor)
570 954 754 1018 accuratius
772 972 952 1036 coquoscam
969 948 1219 1044 (irayuaaouam
1239 956 1368 1038 ursaque

180 1079 344 1144 mandauit
359 1072 589 1162 (ὃιαταξαμενος
604 1084 647 1168 τε)
666 1075 858 1142 Centuriaai
873 1086 927 1169 (τῳ
944 1074 1175 1170 ἑκατονταρχῃ),
1195 1088 1228 1145 ul
1248 1077 1368 1146 Paulus

180 1203 394 1266 custodiretur
418 1199 581 1289 (τηρεισθαι
605 1199 739 1284 Passio.)
762 1211 792 1265 et
813 1201 940 1267 liaberet
962 1203 1193 1268 relaxationem
1221 1204 1318 1292 (εχειν
1335 1225 1366 1266 τε

180 1328 294 1411 ancara)
317 1323 503 1402 avinculis,
533 1322 566 1390 ln.
586 1345 614 1391 e.
640 1335 674 1390 ut
689 1335 771 1391 esset
799 1325 830 1390 iu
858 1324 998 1393 custodia
1025 1324 1140 1404 libera,
1170 1337 1198 1391 et
1218 1338 1253 1392 ut
1273 1325 1367 1415 (Ceu-

180 1447 278 1536 lut‘io)
297 1447 451 1514 neminem
475 1449 691 1532 familiarium
713 1450 801 1514 illius
824 1449 897 1536 (των
925 1444 1008 1512 tiator
1030 1448 1139 1537 aaron)
1161 1447 1365 1538 prohibeam,

179 1571 348 1660 quominus
365 1569 465 1637 eidem
483 1570 686 1638 ministraret.

225 1692 394 1760 Avessuitero
418 1696 506 1778 (Aac.
527 1697 547 1764 2
570 1696 668 1787 Med.)
686 1695 724 1763 ab
748 1692 980 1784 αναῧαλλομαι,
1010 1701 1159 1782 differam
1176 1697 1207 1763 in
1228 1717 1263 1763 aa
1288 1697 1367 1764 iuri·

179 1820 247 1890 dica
267 1847 274 1889 :
294 1825 424 1906 differre
447 1825 482 1888 in
504 1826 604 1888 alium
621 1825 704 1889 diem
727 1826 863 1906 alicujus
880 1845 992 1889 currsue
1013 1826 1214 1890 senteutiam.
1237 1824 1367 1891 Latino-

179 1968 247 2014 rum
272 1947 399 2014 verbum
422 1946 545 2015 forense
568 1947 626 2015 hac
649 1948 679 2014 iu
705 1968 739 2014 re
763 1959 828 2014 erat
851 1950 1020 2032 ampliare.
1047 1951 1139 2015 Auel.
1158 1947 1196 2014 ad
1221 1949 1364 2015 llerenu.

178 2073 223 2141 tv
243 2097 251 2138 ε
271 2075 313 2140 56
334 2099 341 2140 :
362 2073 547 2157 Ouidium,
562 2076 708 2158 judices,
727 2095 825 2158 quare
843 2077 877 2140 iu
894 2075 1062 2140 sententiis
1078 2076 1221 2158 serendis
1236 2075 1366 2141 coatra-

177 2199 305 2275 oeritis,
336 2208 392 2263 aut
425 2200 521 2263 istum
557 2198 715 2262 homiuem
751 2199 914 2282 rresarium
954 2197 1214 2280 amplr'oueritis?
1255 2197 1365 2284 ltaque

176 2315 336 2384 aosssalcro
350 2343 458 2395 aurona
472 2321 557 2388 reddi
572 2332 674 2411 potest
689 2343 696 2384 :
713 2324 880 2406 ampliavit
895 2323 980 2400 illos,
995 2321 1064 2388 soil.
1080 2321 1211 2388 Paulum
1225 2304 1363 2389 et'aocu·

177 2455 294 2512 satores
311 2445 389 2512 eius.
406 2485 449 2493 —
466 2442 683 2535 Auprsssarapao
708 2466 764 2534 pro
783 2444 937 2513 Aduerbio
960 2440 1195 2535 ακριὸεστερως,
1214 2455 1364 2533 utsupra

176 2571 252 2658 Cap.
287 2571 411 2638 XXlll.
449 2573 505 2651 153
539 2569 670 2637 altarum
704 2569 877 2637 membrum
907 2569 1154 2658 Comparationis
1186 2567 1293 2647 abest,
1329 2580 1363 2636 ιιι

175 2693 309 2776 ibidem3
334 2693 520 2785 putaverim,
539 2693 688 2780 integram
706 2693 887 2760 senteutiam
909 2713 977 2759 esse
994 2691 1074 2758 hauc
1093 2717 1100 2757 :
1120 2690 1229 2777 religio
1248 2689 1362 2758 Chris-

176 2819 255 2886 tiana
273 2820 373 2908 qualis
393 2831 492 2897 esset,
511 2819 686 2887 accuratius
702 2818 906 2906 cognoscebat
922 2840 1018 2904 queam
1035 2830 1070 2884 at
1087 2819 1182 2902 facile
1198 2819 1358 2901 erederet,

175 2943 327 3027 Paulum,
360 2947 497 3010 eiusdem
525 2936 724 3027 piraecoueru,
756 2965 821 3009 esse
851 2946 959 3009 virum
987 2945 1213 3024 cetariorum,
1233 2944 1359 3027 attalem

176 3071 357 3135 adversarii
372 3075 441 3154 rjus
458 3091 529 3136 erem
549 3071 741 3138 exhibebant.
757 3107 801 3118 —-
817 3065 1044 3155 Διαταξαμενος
1068 3066 1180 3157 pendet
1196 3064 1235 3134 ab
1253 3062 1360 3130 araia-

176 3188 260 3271 ltero,
279 3194 368 3280 isque
390 3190 467 3259 adeo
489 3193 632 3260 Aoristus
649 3193 701 3260 hic
717 3191 874 3260 adhibitus
898 3203 944 3258 est
960 3191 998 3258 de
1021 3203 1302 3276 cointemporalem,
1328 3200 1359 3254 ut

176 3332 271 3400 supra
289 3335 321 3402 p.
342 3316 419 3381 tta.

219 3560 365 3627 ut-ua
390 3560 466 3624 Post
485 3562 607 3645 aliquot
629 3569 733 3624 autem
748 3561 836 3642 alies,
858 3558 948 3643 eta).
973 3560 1048 3626 Post
1067 3557 1234 3634 uonuullos
1255 3570 1356 3626 autern

174 3681 241 3750 dies
270 3683 353 3749 venii
379 3681 468 3772 (puta
492 3707 531 3758 εις
553 3708 587 3748 το
612 3706 822 3773 ακροατηριον.
847 3682 918 3749 vide
935 3685 1011 3772 Cap.
1038 3683 1133 3750 XXV
1153 3706 1161 3748 ι
1181 3683 1242 3771 25)
1270 3684 1356 3750 Felix

175 3825 246 3872 cum
275 3805 413 3872 Drusilla
442 3827 558 3887 uxore,
589 3826 667 3895 quae
694 3805 811 3874 iudaea
839 3815 922 3885 erat,
952 3805 1198 3893 arcessitumque
1225 3805 1356 3872 Paulum

174 3927 291 3995 audivit
318 3931 577 3996 sermocinantem
606 3934 644 3996 cle
671 3933 734 4014 liele
763 3931 952 3996 Christiana
968 3929 1046 4020 (περι
1073 3954 1124 4004 της
1151 3952 1192 4004 εις
1223 3930 1356 4021 Χριστον

175 4053 282 4126 [aaron
310 4049 470 4137 πιστεως).
501 4054 579 4120 Cum
607 4065 709 4119 autem
737 4052 854 4120 Paulus
881 4053 917 4118 eir
946 4063 1028 4118 asset
1050 4050 1210 4140 dilapsus,
1240 4063 1274 4119 ιιι
1297 4053 1357 4119 iam

173 4181 342 4245 dissereret
358 4173 598 4268 (διαλεγομενου)
611 4177 649 4245 de
661 4177 777 4244 iustitia
790 4189 820 4244 et
836 4177 986 4258 castitate,
1001 4176 1101 4266 deque
1117 4176 1235 4245 iudicio
1246 4180 1357 4262 futuro

174 4304 242 4395 (rou
275 4300 436 4388 μελλοντος
467 4300 615 4392 caeciae),
651 4306 852 4388 tremefactus
882 4297 1021 4393 (εμφοῧος
1051 4302 1219 4393 γινομενας)
1251 4303 1356 4383 Felix,

175 4447 273 4516 quum
300 4427 501 4496 concionator
528 4427 572 4495 illi
601 4427 728 4496 minime
752 4425 904 4516 placentia
927 4425 1120 4515 loqueretur,
1147 4425 1250 4494 eidem
1274 4428 1359 4493 dicit
