3074 5054
179 381 244 447 562
520 376 654 443 nctus
690 378 1026 459 APOSTOLORUM,

179 587 309 655 quarum
335 587 396 635 una
420 565 518 634 stabat
541 586 558 633 a
582 567 704 635 Iudaeis
725 568 911 649 incredulis,
926 568 1022 637 altena
1046 569 1167 638 favebat
1186 572 1363 660 ApostoliS.

178 731 221 741 —
238 691 299 758 Ubi
316 711 418 758 sermo
436 702 482 757 est
498 690 536 758 de
552 690 656 779 aliquo
672 691 821 770 dissidio,
841 690 884 759 ibi
906 714 982 756 ειναι
1006 716 1136 759 onorat
1154 705 1237 763 notat
1249 710 1365 781 portes

177 818 311 882 alicuius
326 817 428 899 sequi.

223 1058 323 1123 5-6.
352 1056 457 1134 Qotum
481 1065 586 1122 autom
610 1058 714 1139 sactus
737 1067 817 1121 esset
841 1060 996 1141 impetus,
1022 1059 1109 1142 ete).
1135 1061 1198 1126 Pto
1226 1063 1364 1144 impetus

178 1181 297 1249 Graece
313 1191 359 1246 est
382 1200 443 1247 vox
459 1184 548 1270 ὁρμη.
570 1179 654 1244 Haec
671 1176 743 1245 alibi
762 1177 888 1267 quidem
905 1179 944 1247 tle
961 1184 1080 1266 impetu
1097 1183 1162 1249 sive
1178 1186 1365 1250 incursione

177 1313 363 1390 usurpatur,
393 1301 446 1368 hio
472 1321 564 1380 veno,
595 1300 679 1390 quod
707 1311 849 1368 contexta
873 1303 971 1369 oratio
999 1302 1062 1392 (vs.
1088 1305 1119 1385 6)
1143 1305 1296 1394 postulat,
1321 1311 1366 1372 od

177 1429 322 1492 animum
343 1424 503 1492 reserenda
524 1435 588 1504 est,
607 1424 783 1513 diciturque
802 1424 841 1491 de
863 1430 1057 1510 oppetitione
1080 1428 1192 1509 animi,
1207 1429 1246 1497 de
1261 1433 1367 1498 (inimi

173 1554 349 1636 proposito,
368 1551 507 1639 inquam,
521 1549 587 1615 sive
603 1547 642 1614 de
658 1552 805 1626 oonsilio,
820 1549 898 1616 utin
913 1549 973 1617 hoe
990 1551 1094 1618 lucebi
1111 1549 1204 1640 (Cap.
1220 1554 1267 1619 lll
1283 1578 1292 1620 τ
1308 1557 1362 1646 l):

175 1676 221 1738 Τα
249 1672 385 1740 πλοισι...
417 1696 580 1764 μεταγεται
608 1674 665 1738 ὑπο
692 1671 856 1760 ελαχιστου
884 1671 1051 1754 eulaliae,
1080 1679 1155 1739 ὁπου
1179 1698 1216 1738 αν
1238 1677 1258 1750 ἡ
1282 1682 1365 1768 ὁρμη

175 1822 229 1862 του
244 1799 414 1872 ευθυνοντος
434 1793 591 1882 [laniarat.
615 1796 773 1885 Vulgata:
794 1799 941 1865 Nanos...
960 1801 1231 1886 circumferuntur
1252 1823 1271 1866 a
1295 1823 1364 1867 mo-

175 1925 245 1989 dico
271 1924 496 2006 yuberooouto,
527 1922 581 1986 ott
608 1923 743 2005 impetus
772 1924 986 2013 (quocumque
1010 1922 1163 2006 voluntas)
1188 1926 1365 2008 dioiqeutis

176 2041 323 2113 ootoe'ri't.
343 2044 521 2133 Hesychius
541 2069 548 2111 :
567 2051 657 2135 ὃρμη·
683 2043 798 2132 tinnitu,
820 2047 974 2134 επιθυμια.
995 2087 1038 2097 -
1055 2045 1195 2142 Ὑβρισαι
1219 2062 1265 2118 est
1288 2072 1364 2118 cott-

178 2173 341 2236 tometo'oso
371 2181 529 2253 tractore,
560 2169 661 2259 qnod,
685 2171 757 2259 quia
787 2170 839 2239 hie
872 2172 1009 2260 iungitur
1042 2193 1113 2239 enm
1142 2170 1362 2258 λιθοβολησαι,

179 2294 364 2362 sumendum
389 2305 435 2361 est
459 2294 498 2361 de
522 2294 707 2361 contumelia
732 2317 793 2363 non
817 2307 878 2362 tani
900 2296 1004 2363 verbis
1028 2316 1119 2385 qnam
1144 2298 1247 2385 potins
1272 2298 1364 2367 iactis

104 2431 106 2436 ’
178 2418 354 2499 inserenda,
377 2430 410 2485 ut
437 2416 548 2486 Matth.
573 2419 670 2484 XXII
691 2443 699 2485 :
724 2421 758 2486 6.
784 2418 1013 2486 Demosthenes
1040 2420 1086 2486 sio
1110 2419 1223 2487 alieubi
1252 2419 1359 2490 dixit:

179 2539 305 2631 Πληγας
332 2539 459 2633 ειληφως
486 2565 536 2604 και
564 2538 758 2632 ὑβρισμενος.
782 2543 967 2610 -Sensus
995 2563 1067 2630 engo
1095 2554 1141 2609 est
1168 2569 1176 2608 ε
1201 2544 1262 2612 Ubi
1284 2566 1362 2613 veno

179 2665 318 2734 Gentiles
336 2675 365 2731 et
381 2664 486 2732 Iudaei
503 2685 575 2732 cum
591 2664 782 2754 primoribus
803 2666 868 2732 suis
884 2667 1048 2733 eonsilium
1066 2667 1238 2755 cepissent,
1257 2670 1362 2758 Apes

178 2788 257 2855 telos
280 2789 502 2855 contumeliose
521 2799 652 2856 tractare
668 2799 760 2877 atque
777 2788 932 2877 lapidare,
951 2811 987 2854 oe
1003 2795 1126 2873 coquito
1141 2786 1360 2881 (συνιὸοντες),

179 2912 381 3000 profugerunt
396 2912 427 2978 in
448 2912 542 2979 urbes
563 2913 756 3000 Lycaoniae,
772 2914 915 3001 Lystnam
932 2924 961 2980 et
976 2913 1119 2994 Derben,
1139 2914 1362 3006 regionemque

149 3047 151 3052 ’
178 3036 468 3115 circumuentae,
487 3037 594 3127 ibique
610 3037 811 3126 Evangeliutn
829 3037 1056 3127 praedicarunt.

222 3284 256 3349 7.
282 3284 327 3349 Et
342 3284 473 3368 qooiotom
488 3281 702 3370 oirdLaJstris,
718 3278 805 3359 ete).
826 3284 900 3348 Erat
917 3280 968 3348 hie
985 3292 1118 3369 utroque
1134 3280 1212 3370 pede
1228 3280 1361 3349 claudus

177 3401 339 3492 (αδυνατος
359 3428 421 3478 τοις
443 3426 551 3481 anona,
570 3426 602 3494 q.
622 3403 653 3471 d.
671 3407 804 3488 petitos
827 3407 1017 3490 invalidus),
1038 3403 1132 3492 idque
1154 3403 1227 3470 inde
1247 3424 1265 3470 a
1282 3407 1362 3472 nati-

177 3530 268 3597 vitate
284 3530 328 3612 (εκ
344 3526 459 3603 notitae
477 3552 599 3618 μητρος.
615 3568 659 3577 -
676 3552 707 3592 εκ
725 3528 763 3596 de
777 3538 914 3618 tempore
930 3550 969 3593 ooo
984 3525 1073 3615 ooo),
1093 3546 1193 3614 neque
1209 3547 1361 3616 nmquam

176 3672 376 3736 peromnem
404 3652 497 3718 vitam
526 3652 643 3739 ingredi
673 3651 805 3740 pedibus
828 3652 975 3718 valuerat.
1002 3650 1137 3717 Claudus
1159 3632 1212 3716 ille
1236 3654 1362 3719 sedebat

175 3774 326 3860 (εκαθητο,
340 3776 386 3855 1ιῇ
399 3787 452 3840 zat
468 3777 566 3854 claun·
586 3774 762 3863 ltupet'l'ttet.
778 3775 876 3842 Verb.
893 3776 1018 3863 Deponi.
1033 3772 1196 3860 καθημαι),
1212 3786 1286 3862 puta
1303 3776 1360 3843 ali-

176 3897 246 3964 nubi
265 3898 296 3962 in
314 3895 413 3986 platea
428 3897 466 3964 ad
483 3898 725 3985 eleemosynam.
745 3899 869 3966 Dioitun
885 3898 1028 3988 Λυστρα,
1043 3923 1090 3978 ας,
1106 3897 1289 3993 ettennon,
1304 3923 1357 3964 ων.

222 4143 292 4210 8-9.
311 4144 371 4209 Hic
387 4144 526 4210 Pontum
543 4145 717 4226 loquentem
739 4144 884 4225 audivit,
904 4141 994 4231 ete).
1013 4144 1075 4210 Pto
1092 4142 1217 4209 Aonisto
1236 4149 1356 4216 anonae

180 4306 376 4317 ...—

209 4407 226 4470 ¹)
237 4405 301 4457 vna.
316 4421 388 4459 nncn.
400 4406 449 4462 Pro
462 4414 549 4466 ηκουε
573 4416 612 4464 est
639 4413 765 4466 ηκουσεν
782 4408 808 4458 in
831 4405 910 4458 codd.
937 4405 1016 4468 ΑΒΕ,
1041 4406 1172 4472 variisque
1195 4406 1355 4460 Minuseutis.
