3074 5054
368 380 370 384 ’
472 405 937 486 servannensis.
976 409 1076 474 s-o.
1296 401 1361 468 vso

176 603 355 693 (epasmo),
381 622 454 689 rogo
479 610 720 687 le,ulear1ua
745 603 824 665 soles
847 601 1045 664 humanitate
1071 600 1121 686 (τῃ
1146 621 1185 685 σῃ
1210 617 1358 677 euastata,

178 725 308 793 Dativus
324 721 465 803 mamae)
482 723 616 791 breviter
633 742 689 791 nos
705 722 825 790 audias.

221 850 270 916 De
284 846 686 917 locutionecacalanvvide
699 866 778 937 quae
791 846 1065 933 notavimussupra
1078 843 1200 931 adCap.
1215 841 1307 908 ΧΙΧ.
1325 841 1358 906 8.

146 1067 151 1071 ἢ
176 973 340 1062 Εγκοπτειν
364 982 411 1040 est
428 974 584 1054 incidere,
607 982 638 1037 et
655 968 868 1059 metaphorice
888 970 1061 1052 impedire,
1082 969 1239 1048 delinere,
1258 984 1361 1028 remo-

178 1101 259 1166 rari.
274 1098 469 1165 phavorinus
480 1124 487 1165 :
497 1097 643 1186 ενεκοψεν·
659 1092 840 1161 ενεποδισεν.
856 1094 961 1164 Gloss.
972 1096 1044 1164 Vel.
1060 1091 1143 1181 apud
1156 1089 1333 1157 Lablsaeum
1350 1112 1357 1154 :

177 1244 311 1311 syncera
318 1272 330 1305 ,
355 1222 479 1304 incido,
506 1223 655 1304 impedio.
674 1256 717 1269 -
737 1218 913 1304 Συντομως,
935 1219 1074 1293 concise,
1092 1214 1239 1279 breviter.
1259 1212 1360 1298 Hesy-

179 1344 268 1413 chius
283 1372 291 1411 τ
307 1338 480 1432 Συντὸμως·
501 1340 553 1409 δια
566 1341 719 1434 βραχεων.

223 1593 324 1659 5-9.
347 1592 537 1657 Invenimus
553 1593 637 1657 dunc
652 1594 831 1674 dorninenr,
850 1593 933 1674 ele).
957 1588 1007 1655 Aa
1031 1589 1131 1677 ipsam
1149 1587 1210 1652 iam
1234 1604 1361 1650 aecusa-

180 1714 292 1782 tiouem
305 1714 432 1780 veniens
443 1714 603 1782 Tertullus
615 1715 656 1781 ita
670 1715 769 1803 pergit
784 1739 792 1781 ε
807 1714 935 1780 Scilicet
947 1711 1031 1803 (γαρ)
1048 1733 1145 1797 parvm
1163 1711 1362 1792 comperisse-

180 1858 248 1902 nrus
263 1834 424 1926 (εὑροντες)
440 1840 547 1903 vinem
566 1839 649 1903 latre
666 1859 731 1903 esse
745 1847 865 1921 pestem
883 1834 1054 1916 (homiaem
1073 1853 1143 1899 esse
1164 1829 1362 1921 pestiferum)

179 1973 270 2046 alatae
281 1962 367 2045 apud
378 1962 400 2026 Ι
400 1963 513 2027 udaeos
524 1983 632 2028 omnes
644 1964 732 2047 (aava
745 1984 807 2035 τοις
818 1956 1045 2043 Ιουδαιοις)ρον
1057 1959 1163 2023 orbem
1177 1958 1361 2023 Romanum

180 2084 356 2150 habitantes
369 2083 440 2166 (τοις
456 2107 536 2147 κατα
549 2108 599 2158 την
613 2089 800 2171 οικουμενην)
813 2103 1007 2150 commovere
1020 2084 1227 2160 seditionem,
1241 2102 1361 2166 esseque

179 2214 419 2295 antesipnannm
450 2212 704 2302 (sponsaturum)
720 2220 818 2277 sectae
833 2211 1096 2287 Nazarenoram,
1116 2210 1210 2274 talem
1226 2209 1362 2292 denique

180 2337 235 2419 qui
251 2337 346 2400 etiam
361 2339 565 2402 attentaverit
581 2329 741 2426 (cnevpace)
757 2337 934 2419 profanare
952 2335 1102 2416 tetraplam
1111 2383 1123 2414 ,
1143 2352 1201 2396 nos
1220 2331 1364 2394 eumdem

180 2463 469 2545 comprehendimus
480 2473 573 2546 atqve
585 2463 757 2527 secundnm
771 2463 867 2543 lepem
881 2468 1021 2524 nostram
1031 2458 1188 2522 voluimus
1203 2455 1360 2519 iudicare.

179 2582 279 2650 Nobis
300 2595 403 2650 autem
431 2583 462 2650 id
486 2584 647 2671 agentibus
673 2587 857 2668 supervenit
879 2583 992 2668 Lysias
1025 2580 1201 2657 Tribunus,
1233 2597 1363 2662 eamque

180 2727 296 2788 mapua
311 2709 344 2771 vi
362 2706 495 2772 miiitum
513 2728 528 2770 e
545 2708 691 2772 manitus
707 2710 824 2773 nostris
840 2708 959 2790 eripuit
975 2714 1005 2769 et
1021 2706 1112 2768 misit
1129 2704 1170 2768 od
1187 2712 1235 2784 te,
1262 2703 1364 2765 iussus

178 2849 299 2915 quoqne
311 2820 543 2896 accusatoribus
559 2835 628 2914 ejas
641 2832 682 2895 ad
698 2840 727 2894 te
739 2831 875 2896 veniri.
896 2830 920 2894 A
938 2851 998 2914 queo
1013 2825 1128 2915 (Lysia)
1139 2826 1262 2911 poteris
1277 2827 1341 2909 ipse
1348 2874 1360 2907 ,

180 2956 392 3020 enanvinando
409 2953 622 3043 (ανακρινας),
648 2976 829 3039 capnoseere
845 2958 882 3021 de
901 2956 1043 3021 omnibus
1063 2956 1114 3018 lais
1140 2953 1222 3040 (περι
1243 2971 1363 3013 παντων

178 3073 320 3161 τουτων),
338 3080 375 3142 de
389 3081 502 3165 quibas
520 3101 575 3144 nos
588 3101 659 3145 evam
672 3100 865 3145 accusamus.
889 3079 1024 3146 Ananias
1038 3088 1139 3144 aulem
1157 3084 1188 3141 et
1199 3073 1293 3140 ceteri
1308 3073 1361 3160 qui

179 3197 306 3266 aderant
318 3201 434 3266 Iudaei
439 3198 639 3289 (alleviarat)
647 3202 772 3269 rabulae
784 3203 831 3269 sui
846 3202 938 3269 dictis
950 3203 1073 3268 assensi
1084 3193 1362 3287 surtl(avvedevro),

182 3321 320 3390 dieentes
337 3343 401 3391 rem
420 3344 453 3390 se
470 3323 585 3391 habere
598 3325 639 3392 ita
660 3335 693 3392 ut
708 3325 868 3391 Tertullus
882 3324 1013 3392 dixerat.

226 3445 431 3534 Partioipium
456 3448 590 3536 εὑροντες
615 3467 710 3536 qaum
734 3466 795 3514 aon
824 3445 935 3513 habeat
958 3446 1087 3513 verbum
1112 3442 1250 3510 Finitum
1269 3460 1285 3507 a
1303 3460 1365 3530 quo

180 3566 330 3657 pendeat,
356 3569 454 3636 oratio
479 3569 521 3637 ibi
547 3582 594 3637 est
616 3569 847 3648 anacoluthiea3
874 3579 908 3637 ul
925 3570 993 3637 talis
1010 3589 1071 3636 uon
1088 3579 1187 3647 esset,
1210 3565 1364 3633 versiculo

182 3713 368 3729 ——p————

217 3791 237 3852 ¹)
256 3788 321 3840 Vua.
348 3805 419 3843 vaca.
442 3793 503 3845 Post
527 3807 616 3846 vocem
634 3802 750 3870 aporo-
797 3792 896 3854 omitti,
917 3793 953 3844 ita
971 3788 1062 3844 contra
1080 3792 1231 3842 acoatexta
1251 3787 1367 3841 oratione

181 3888 296 3940 otnant
313 3881 411 3948 legitur
432 3884 671 3936 voxsedttioaisin
684 3883 750 3934 Vul-
797 3877 980 3942 postulautar;
1003 3888 1063 3925 nam
1086 3875 1107 3924 si
1130 3888 1159 3924 ea
1185 3872 1277 3934 tollas,
1302 3871 1367 3923 illud

180 3971 251 4034 gala,
265 3968 311 4020 sed
324 3968 423 4034 absque
435 3967 487 4019 utto
501 3966 598 4020 Graeco
611 3969 684 4018 testo.
798 3947 868 4033 παρ’
884 3944 918 4007 eit
937 3958 985 4024 (vs.
997 3957 1022 4024 8)
1035 3956 1202 4010 referendum
1219 3954 1315 4008 evilad
1333 3941 1367 4003 οὐ

797 4042 846 4109 (vs.
867 4043 891 4108 ss)
911 4038 1029 4107 adeoque
1051 4040 1083 4092 ad
1105 4039 1231 4101 Paulum;
1253 4038 1366 4106 quodsi

214 4117 234 4183 'l
253 4117 318 4193 Vsu.
333 4132 405 4170 vtes.
417 4118 519 4179 Verba,
539 4130 607 4183 quae
626 4117 752 4182 leguntur
797 4125 855 4188 hoo,
877 4125 1018 4177 dicendam
1037 4124 1087 4176 ortt
1108 4127 1270 4175 accusatores
1281 4121 1323 4174 hic
1334 4123 1367 4174 ad

180 4199 326 4268 indcalvs.
336 4201 362 4268 6)
375 4210 427 4250 και
440 4209 519 4249 κατα
533 4200 657 4267 usquead
669 4201 717 4267 (vs-
727 4199 751 4265 8)
797 4209 959 4277 probandam
990 4208 1181 4261 accusationem
1214 4220 1367 4274 provocasse

181 4281 253 4366 παρ’
270 4278 319 4358 οὐ,
339 4292 436 4344 absunt
452 4305 468 4343 a
487 4290 568 4344 Codd.
582 4290 671 4342 ABGH
689 4292 752 4356 plu·
796 4292 830 4344 ad
844 4293 926 4358 ipsias
945 4292 1058 4345 accasati
1079 4291 1274 4354 testimonium
1296 4290 1367 4358 quod

181 4375 308 4442 rimisque
326 4375 488 4428 Minuscalis.
509 4373 561 4426 Sed
574 4377 667 4426 utnon
681 4373 754 4426 deest
797 4376 818 4426 si
840 4374 977 4438 acciderit,
1001 4387 1049 4439 ego
1070 4373 1178 4442 quidem
1199 4373 1368 4430 vehementes

183 4470 230 4509 cur
250 4457 390 4527 suspiceris
410 4470 439 4510 ea
459 4458 575 4527 potuisse
595 4471 609 4515 a
630 4457 753 4513 Librarlis
799 4457 886 4510 mirer.
