3074 5054
486 375 624 442 CAPUT
653 376 702 456 ll,
739 374 860 443 VERS.
898 375 1022 443 8-tt.
1298 379 1341 444 te

177 563 329 646 oriundos,
348 563 537 652 Babylonica
553 575 582 632 et
598 564 879 654 Hiircsolymitana
895 564 1025 633 dialecto
1048 565 1219 655 loquentes.
1243 566 1343 632 Porro

176 688 295 754 veniunt
315 686 435 755 incolae
457 688 690 777 Cappadociae,
716 688 824 769 Ponti,
849 688 967 768 Asiae,
991 687 1165 778 Phrygiae,
1187 688 1345 778 Pamphy-

177 809 247 890 liae,
265 810 317 898 qui
336 811 456 880 Graece
472 811 676 900 loquebantur
697 832 824 891 omnes,
843 811 900 878 etsi
921 810 980 878 alia
1004 821 1096 901 atque
1119 812 1177 879 alia
1200 811 1343 880 dialecto.

176 932 347 1022 Sequuntur
372 934 491 1002 incolae
514 935 665 1024 Aegypti,
684 944 713 1001 ct
730 935 750 1000 ii
773 933 825 1022 qui
848 932 1061 1003 inhabitabant
1082 937 1201 1021 Lybiae
1218 947 1345 1021 portem

178 1058 391 1143 Cyrenaicum.
418 1060 603 1148 lntelligitur
619 1059 671 1128 hic
692 1059 790 1145 Lybie
813 1058 1001 1146 Cyrenaica3
1024 1059 1101 1129 baec
1125 1062 1217 1128 etiam
1233 1063 1345 1128 Penta-

177 1183 303 1270 politana
330 1184 500 1252 uocabatur
526 1184 565 1252 ab
592 1185 659 1252 eius
687 1183 817 1252 urbibus
845 1184 983 1273 quinque
1016 1186 1213 1275 praecipuis,
1242 1184 1345 1252 Ptole-

177 1307 288 1385 maide,
306 1307 492 1398 Apollonia,
513 1309 665 1389 Arsinoe,
681 1307 848 1388 Berenice,
869 1317 899 1374 et
922 1309 1064 1395 Cyrene,
1086 1329 1166 1398 quae
1182 1318 1248 1374 erat
1263 1307 1348 1376 illius

178 1434 304 1520 regionis
317 1435 510 1523 metropolis
526 1436 560 1501 ln
569 1437 709 1523 Aegypto
723 1446 889 1525 quoquest
901 1434 1197 1521 inbibyaCraecam
1211 1432 1347 1521 linguam

177 1555 312 1623 existimo
341 1556 395 1624 illo
422 1568 562 1645 tempore
589 1555 746 1644 vulgarem
771 1558 886 1636 luisse,
911 1558 952 1624 ita
981 1567 1082 1624 tamen
1110 1567 1144 1624 ut
1171 1566 1201 1623 et
1228 1556 1347 1645 patrius

178 1698 273 1746 sermo
297 1679 340 1747 ibi
364 1692 446 1749 esset
466 1682 498 1748 in
520 1701 591 1755 usu.
615 1683 691 1748 Post
713 1680 774 1749 hoc
797 1692 998 1749 recensentur
1021 1683 1158 1747 advenae
1185 1680 1345 1764 Romani,

179 1823 296 1890 graece,
321 1810 348 1869 οἱ
375 1802 587 1893 επιδημουντες
614 1807 772 1893 Peperci,
803 1806 864 1874 hoc
891 1818 953 1889 est,
979 1806 1085 1874 ludaei
1114 1807 1246 1874 Romani
1275 1817 1348 1873 tunc

180 1928 321 2016 temporis
343 1929 579 2017 Hierosolymae
604 1940 758 2019 tamquam
782 1932 937 2020 peregrini
961 1941 1201 2000 commorantes.
1221 1931 1279 1996 llis
1296 1949 1351 2019 pa-

181 2051 267 2120 trium
283 2072 460 2121 sermonem
476 2055 573 2122 luisse
589 2056 752 2138 Latinum,
771 2066 861 2145 patet.
879 2056 972 2144 Quod
995 2056 1149 2144 sequitur,
1167 2051 1302 2120 lcodcrcz
1318 2078 1349 2119 τε

181 2199 226 2237 και
240 2174 447 2264 apenninum,
472 2177 667 2246 referendum
689 2177 750 2246 hoc
774 2179 894 2247 videtur
913 2200 974 2247 non
998 2189 1114 2247 tantum
1146 2178 1186 2245 ad
1217 2181 1354 2245 odoenus

181 2300 334 2367 decennos
346 2304 404 2385 (us.
420 2306 487 2391 to),
501 2305 556 2372 sed
567 2315 597 2371 et
609 2305 648 2372 ad
658 2315 795 2387 ceteros,
810 2307 861 2395 qui
874 2305 976 2373 adhuc
989 2314 1061 2371 sunt
1072 2304 1275 2384 adnumerati,
1292 2304 1355 2370 imo

182 2434 208 2489 et
226 2424 262 2491 ad
280 2425 443 2493 Cretenses
459 2436 489 2492 et
504 2427 638 2506 Arabes,
660 2428 713 2516 qui
736 2448 830 2517 porro
850 2438 1073 2495 memorantur.
1097 2463 1141 2474 -
1163 2427 1351 2494 ludaeorum

182 2548 228 2614 alii
252 2561 339 2616 erant
363 2553 436 2615 noti
457 2548 551 2629 tales,
577 2550 628 2617 alii
657 2571 696 2618 ex
718 2551 897 2639 parentibus
920 2550 1085 2638 gentilibus
1110 2549 1253 2630 oriundi,
1279 2548 1353 2628 sed,

182 2668 323 2760 deinceps
347 2673 481 2761 amplexi
508 2674 675 2741 Mosaicam
698 2674 909 2762 Religionem,
936 2674 1041 2741 ludaei
1065 2683 1151 2740 erant
1166 2675 1266 2756 sacti,-
1283 2691 1355 2761 pos·

184 2793 308 2861 teriones
325 2793 357 2862 hi
375 2798 535 2880 Proselyti
558 2769 766 2864 dicebantur².
785 2797 903 2864 Dicunt
918 2817 991 2885 ergo
1009 2797 1062 2886 qui
1079 2796 1132 2864 bic
1155 2796 1326 2885 loquuntur
1345 2819 1354 2862 :

183 2917 243 2984 Nos
266 2919 419 2986 variarum
443 2920 600 3007 regionem
623 2920 746 3001 ludaei,
770 2931 831 2987 tam
855 2921 908 3009 qui
932 2921 1008 2987 tales
1028 2941 1094 2986 unm
1116 2939 1244 3000 sumus,
1263 2938 1355 3008 quam

185 3041 252 3127 qui,
276 3043 332 3109 etsi
355 3043 484 3130 gentiles
499 3045 581 3125 nati,
596 3044 700 3112 ludaei
724 3056 826 3111 tamen
849 3043 997 3132 deinceps
1020 3063 1101 3109 rnorr
1121 3018 1250 3119 snmus,
1269 3040 1357 3108 audi·

184 3165 280 3232 rimus
296 3185 349 3233 eos
366 3167 526 3255 loquentes
544 3168 637 3234 variis
654 3168 768 3235 nostris
785 3165 899 3254 linguis
916 3167 1068 3255 magnalia
1083 3166 1155 3233 Dei.
1171 3204 1215 3215 -
1232 3168 1356 3245 Fateor,

184 3289 412 3391 concinniorem
435 3289 531 3356 luisse
554 3290 746 3372 orationem,
769 3290 794 3356 si
829 3310 941 3371 vacce,
967 3286 1100 3354 Icodmcr
1124 3311 1155 3352 τε
1175 3312 1225 3351 και
1247 3309 1359 3376 προση-

184 3406 287 3490 λυται,
310 3414 428 3502 positae
449 3413 581 3481 luissent
604 3414 746 3503 proxime
776 3423 846 3480 ante
869 3413 963 3480 verba
988 3434 1136 3498 ακουομεν
1160 3407 1354 3487 λαλουντων,

185 3535 236 3605 sed
262 3536 300 3604 ab
324 3537 502 3606 bominibus
530 3537 671 3605 miraculi
696 3537 829 3605 novitate
852 3537 989 3605 attonitis
1011 3535 1266 3624 regulatissimam
1291 3553 1359 3599 ver-

186 3653 292 3725 borum
311 3660 454 3746 syntaxin
483 3679 572 3726 nemo
594 3660 662 3726 iure
686 3658 899 3748 postulaverit.
926 3657 1099 3725 Particulas
1121 3679 1153 3719 τε
1177 3680 1228 3718 και
1253 3653 1356 3721 malim
1438 3714 1441 3722 .

187 3777 236 3847 bic
259 3780 388 3850 reddere
412 3780 612 3868 tam-poem&
634 3783 725 3869 Quod
749 3782 881 3870 Vulgata
902 3779 955 3849 bic
975 3780 1083 3862 babet,
1102 3782 1219 3846 lodoci
1240 3798 1360 3854 cucone

188 3915 217 3969 et
238 3907 415 3992 Proselyti,
441 3927 502 3974 non
525 3908 599 3974 satis
620 3906 683 3975 rim
709 3907 832 3975 illarum
852 3906 1079 3974 Particularum
1101 3903 1162 3973 hoc
1190 3903 1258 3972 loco
1281 3901 1359 3972 mibi
1464 3994 1466 3999 y
1491 3990 1494 3995 Ι

220 4173 238 4240 ¹)
250 4171 419 4238 Intelligenda
427 4171 490 4223 mibi
500 4171 604 4224 videtur
612 4171 672 4223 Asia
680 4185 747 4237 pro·
793 4169 874 4222 classe
885 4169 944 4221 vide
953 4165 1128 4221 Ackermanni
1140 4160 1276 4216 drcbaeol.
1291 4159 1356 4212 bibl.

187 4255 350 4318 consularis,
363 4254 451 4306 demta
463 4259 550 4305 tamen
566 4254 693 4319 Phrygia;
704 4255 749 4305 ita·
793 4251 808 4317 ἕ
821 4251 879 4302 3⁴3.

189 4352 238 4404 que
248 4337 341 4402 Mysia,
356 4336 451 4400 Lydia,
463 4339 490 4387 et
500 4335 583 4386 Caria.
827 4335 846 4398 ὅ)
863 4333 927 4385 Vide
944 4333 1030 4397 vigeo.
1050 4332 1112 4398 Cap.
1131 4329 1199 4381 Vlll.
1218 4329 1288 4381 Sect.
1303 4327 1358 4379 Vll.

220 4422 239 4487 ¹)
256 4421 292 4472 Dc
327 4417 466 4483 proselytis
499 4431 642 4483 eorumque
678 4418 749 4468 varia

1199 4514 1218 4571 r,
