3074 5054
408 417 547 484 CAPUT
587 417 639 494 X,
680 412 802 484 VERS.
845 412 991 479 tt-ttt.
1231 406 1296 474 297

158 609 214 676 ts.
239 611 285 674 Et
312 611 405 673 iussit
429 628 480 671 ees
509 607 667 689 baptizari
687 607 722 669 in
746 607 873 669 nemine
901 605 1032 668 Domini
1052 603 1128 666 Iesu
1150 599 1291 684 Christe).

110 737 182 803 Neu
199 734 315 802 dicitur
330 753 349 800 a
364 753 426 822 que
451 732 593 821 baptizati
618 731 749 813 fuerint;
768 731 823 798 sed
847 729 1017 819 probabilis
1037 729 1215 796 coniectura
1231 738 1293 804 est,

114 859 214 926 fuisse
237 859 388 924 intereos
405 856 457 946 qui
476 858 603 922 Petrum
628 856 867 935 comitarentur,
886 854 1051 922 diaconum
1075 852 1228 941 aliquem,
1247 851 1296 917 cni

109 985 227 1049 Petrus
250 980 311 1048 hec
335 979 471 1046 cilicium
493 980 687 1046 committere
710 980 857 1068 potnerit.
884 975 1123 1066 Baptizahantur
1144 977 1297 1041 antemio

110 1108 240 1170 nemine
264 1102 310 1191 (εν
325 1127 369 1188 τῳ
386 1101 530 1191 erepere)
550 1104 624 1167 Iestt
649 1101 786 1185 Christi,
811 1103 833 1167 i.
856 1122 884 1168 e.
909 1102 1076 1183 Beptt'sme
1100 1097 1295 1164 Christiane.

110 1225 229 1294 Confer
251 1225 304 1292 hic
327 1245 406 1313 quae
427 1226 601 1292 notavimus
625 1245 719 1314 snpra
741 1225 779 1293 ad
802 1226 879 1314 Cap.
907 1226 983 1294 Vlll
1011 1247 1018 1288 :
1048 1225 1102 1289 te.
1117 1261 1162 1270 -
1176 1220 1297 1289 Novelli

110 1350 159 1417 illi
174 1348 344 1416 Christiani
363 1351 490 1416 Petrum
509 1360 668 1436 rogarunt,
683 1360 716 1416 ut
728 1369 784 1438 per
795 1349 913 1438 aliquot
929 1347 995 1415 dies
1012 1344 1094 1434 apud
1111 1345 1196 1433 ipses
1213 1364 1298 1411 cem·

110 1484 305 1556 moraretur3
321 1475 372 1541 cui
390 1475 529 1563 petitioni
547 1473 600 1540 ille
617 1472 809 1542 hauddubie
826 1473 1020 1541 satisfecerit.

414 1763 589 1837 CAPUT
641 1764 993 1840 UNDECIMUM.

111 1931 310 1980 Aacunsuruu.
332 1927 430 1978 llnmor
448 1927 480 1978 de
500 1928 619 1981 Cornelio
639 1942 700 1980 cum
717 1929 772 1980 suis
788 1929 920 1993 baptizate
939 1927 1071 1994 perfertur
1090 1928 1122 1979 ad
1140 1926 1299 1978 Christianos

147 2010 404 2076 hierosolymitanos.
420 2011 470 2062 Sed
483 2025 513 2063 ea
531 2027 571 2063 res
584 2012 719 2064 nonnullis
732 2014 840 2063 minime
852 2013 945 2078 placet.
960 2011 1045 2073 Quare
1057 2025 1117 2063 cum
1129 2011 1222 2061 Petrus
1234 2011 1297 2061 Hi'e·

148 2094 305 2158 reselymam
325 2094 458 2157 rediisset,
476 2095 643 2160 expostulant
660 2109 721 2147 cum
737 2109 783 2157 ee,
804 2107 851 2146 eur
869 2094 1031 2145 familiariter
1048 2094 1142 2157 egisset
1156 2106 1216 2143 cum
1236 2092 1299 2142 viris

147 2176 352 2239 incircumcisis,
364 2190 402 2227 vs.
417 2177 490 2226 t-s.
508 2176 624 2238 Quorum
637 2178 811 2230 criminationi
826 2177 917 2227 Petrus
935 2178 970 2227 ita
988 2175 1145 2241 respondet,
1159 2179 1188 2226 ut
1200 2188 1254 2225 rem
1266 2173 1299 2224 ab

148 2257 250 2322 origine
262 2261 397 2322 repetens,
410 2257 502 2309 ordine
514 2259 565 2308 illis
579 2263 710 2325 exponat,
724 2243 858 2325 quactum
871 2259 920 2308 sibi
933 2261 989 2309 turn
1002 2257 1121 2309 Cornelio
1130 2256 1297 2316 accidissent;

149 2354 202 2408 qua
214 2342 380 2392 enarratione
399 2341 462 2391 viris
478 2340 529 2391 illis
546 2341 695 2407 plenissime
712 2341 850 2403 satisfacit,
868 2354 906 2390 vs.
921 2341 1011 2391 t-ts.
1025 2339 1152 2390 Narratur
1163 2352 1256 2404 porro,
1270 2344 1300 2391 ut

149 2424 289 2477 Christiani
302 2424 446 2490 aliquotas
463 2424 503 2475 his
514 2426 559 2490 qui
572 2424 604 2476 eb
617 2426 823 2490 persecutionem
839 2426 1018 2490 postmortem
1035 2422 1161 2487 Stephani
1175 2422 1298 2473 llierose-

143 2507 220 2572 lyma
232 2505 430 2568 exsulaverant,
442 2506 604 2573 peragrando
616 2511 642 2558 et
654 2507 826 2573 praedicande
839 2506 1010 2570 Evangelium
1022 2505 1203 2570 pervenissent
1216 2518 1298 2571 usque

148 2591 181 2643 ad
194 2591 341 2643 Phoenicen
354 2631 360 2652 ,
374 2594 401 2641 et
413 2591 439 2640 in
452 2590 567 2656 Cyprum
584 2591 712 2652 insulam,
726 2596 751 2642 et
767 2592 799 2643 ad
819 2591 909 2655 Syriae
928 2589 1107 2655 metropolim,
1123 2587 1297 2639 Antiochiam.

149 2673 181 2724 Et
192 2672 220 2723 hi
235 2671 361 2723 hacteuus
374 2672 480 2738 quidem
493 2673 593 2723 ludaeis
603 2676 706 2724 tantum
718 2673 849 2724 Christum
862 2673 1101 2733 annunciaverant;
1117 2670 1223 2736 qnidam
1235 2684 1297 2722 vere

151 2769 185 2806 ex
200 2753 259 2804 illis
271 2767 331 2804 cum
349 2754 512 2806 Antiochiam
532 2755 680 2816 uenissent,
693 2755 772 2806 ctiam
790 2754 918 2807 Gentibus
937 2754 1022 2805 lesum
1040 2752 1205 2819 praedicant,
1217 2753 1297 2819 idque

149 2839 218 2892 felici
228 2853 362 2901 sncmmu,
375 2853 414 2889 vs.
428 2840 535 2890 te-at.
548 2839 634 2900 Quare
646 2840 778 2891 Barnabas
791 2840 967 2905 Hierosolyma
979 2838 1009 2891 ab
1023 2840 1148 2902 mittitur;
1159 2839 1205 2904 qui
1217 2838 1297 2889 adiu-

150 2926 206 2973 tore
225 2920 320 2982 Paule,
340 2935 418 2986 quem
436 2921 514 2972 Tarse
533 2921 565 2972 ad
586 2936 614 2972 se
633 2923 753 2986 arcessit,
768 2924 976 2975 florentissimam
994 2924 1029 2973 ibi
1042 2921 1135 2973 fundat
1147 2922 1296 2981 ecclesiam,

150 3018 190 3054 vs.
204 3005 312 3054 na—at.
323 3004 372 3054 Per
383 3003 451 3054 idem
469 3008 573 3069 tempus
583 3004 688 3067 Agabus
701 3005 829 3070 propbeta
842 3005 936 3056 famem
954 3005 1092 3070 praedicit;
1108 3018 1186 3071 quam
1196 3004 1229 3054 eb
1242 3018 1295 3054 rem

150 3084 306 3137 antiocheni
330 3085 463 3136 collectam
484 3086 552 3136 inter
571 3100 598 3136 se
619 3087 757 3151 pecuniam
780 3086 934 3138 Christianis
955 3086 1134 3138 habitantibus
1151 3087 1177 3136 in
1202 3087 1296 3138 ludaea

150 3169 334 3220 transmittunt
348 3181 394 3232 per
407 3166 518 3218 Paulum
529 3172 555 3218 et
566 3168 726 3230 Barnabam,
738 3182 776 3218 ue.
791 3169 897 3218 hit-30.

162 3322 195 3385 l.
223 3319 405 3383 Audiernnt
430 3330 534 3383 eutem
550 3320 698 3401 Apostoli
720 3329 748 3381 et
767 3321 889 3402 scotres
910 3321 964 3402 qni
987 3328 1078 3381 erent
1104 3320 1139 3381 in
1155 3319 1295 3395 Iudaeo,

112 3440 207 3529 etc).
228 3443 321 3507 Fama
346 3440 384 3507 de
408 3441 552 3508 Cornelio
576 3442 691 3509 Gentili
716 3443 846 3530 eiusque
863 3442 1000 3529 cognatis
1017 3453 1047 3507 et
1062 3442 1172 3508 amicis
1189 3442 1220 3509 in
1238 3443 1298 3509 Ec·

112 3565 241 3633 clesiam
259 3564 373 3631 Christi
399 3565 437 3632 ab
455 3566 523 3653 ipse
541 3565 683 3654 principe
700 3565 921 3653 Apostolorum
937 3565 1100 3644 admissis,
1120 3565 1205 3631 brevi
1226 3587 1298 3655 per·-

113 3691 280 3759 crebuerat
309 3711 365 3779 per
395 3691 570 3757 universam
603 3689 761 3757 iudaeam.
791 3691 883 3753 Korn
917 3713 969 3764 την
1001 3686 1144 3753 teodorae
1173 3691 1298 3778 Belgica

112 3818 195 3885 ualet
214 3840 221 3879 :
242 3840 316 3882 coer
331 3820 445 3884 Jedeo.
462 3816 543 3884 Vide
560 3820 617 3887 Gr.
638 3837 707 3906 pag.
728 3820 805 3885 the.
827 3819 874 3882 Ex
898 3817 990 3883 mede
1014 3816 1180 3905 loquendi,
1206 3838 1298 3906 quem

113 3944 148 4012 S.
175 3945 278 4008 Lucas
301 3941 353 4009 hic
375 3941 519 4022 adhibet,
538 3940 640 4028 colligi
664 3961 754 4030 pesse
779 3941 912 4020 videtur,
931 3942 1099 4030 Apostolos
1124 3954 1198 4009 tunc
1222 3954 1298 4009 tem-

114 4067 202 4156 peris
227 4085 284 4155 per
308 4065 471 4146 Iudaeam,
489 4064 565 4131 alies
586 4065 646 4131 alib
670 4064 766 4132 fuisse
789 4066 961 4154 disperses.
988 4066 1101 4132 Confer
1119 4085 1197 4153 qnae
1219 4065 1299 4132 dixi-

115 4209 185 4256 mus
208 4208 303 4276 supra
325 4188 363 4254 ad
387 4191 463 4275 Cap.
491 4190 538 4254 lX
557 4209 564 4249 :
586 4191 641 4254 at.
661 4188 771 4256 Obiter
794 4187 846 4255 hic
871 4188 1038 4254 notandum
1062 4200 1125 4268 est,
1144 4191 1299 4277 recepisse

96 4313 245 4378 'eerhrtm
263 4312 354 4376 Daia
372 4313 455 4378 Luca
477 4312 537 4378 dici
564 4333 635 4390 ees,
656 4312 707 4398 qui
734 4312 947 4399 Euangelicam
966 4313 1139 4379 doctrinam
1156 4313 1217 4379 fide
1233 4333 1298 4380 am-

117 4434 217 4524 plexi,
243 4433 367 4502 Christe
393 4455 503 4501 nerrten
530 4434 688 4501 dederant.
716 4436 751 4501 ln
776 4435 920 4502 Cornelio
943 4456 1014 4502 cum
1037 4436 1101 4502 suis
1126 4435 1165 4502 ed
1184 4435 1300 4503 Christi
