3074 5054
488 382 626 450 CAPUT
661 380 776 458 XXV,
814 379 937 452 VERS.
976 379 1099 447 a—tt.
1299 379 1359 453 551

179 580 230 648 det
245 604 253 646 :
268 579 507 645 Studiosorum
521 573 593 657 (aar)
612 574 766 640 tribunati
780 572 953 652 Coesoris¹3
969 589 1086 649 meum,
1101 588 1197 658 quum
1212 568 1289 636 oivis
1301 569 1365 636 Ro·

180 721 288 769 manus
304 700 376 779 sim,
392 698 452 766 hoo
468 699 629 788 proprium
647 698 749 764 forum
767 706 825 777 est,
844 698 897 763 tobi
911 697 969 788 (οὑ)
987 717 1036 760 me
1052 705 1181 780 oportet·
1192 696 1362 774 iudicori²;

180 850 237 898 nee
253 829 292 897 ab
308 828 368 896 hoo
384 846 454 894 meo
472 826 540 893 iure
559 824 706 892 discedo!
729 825 864 893 Notium
883 827 916 889 io
936 825 1071 889 lardoeos
1084 822 1126 902 (in
1143 822 1241 909 legem
1255 841 1362 889 eorum

180 962 231 1020 aut
247 950 409 1040 ternplum)
429 952 577 1015 delictum
594 950 730 1026 admisi,
748 957 784 1013 ut
806 960 839 1014 tu
859 969 978 1032 quoque
994 967 1105 1029 reapse
1123 948 1236 1011 medias
1256 950 1361 1023 nosti,

180 1097 272 1166 quam
291 1094 420 1142 noscere
437 1073 540 1161 fingis.
560 1073 626 1141 Neo
645 1072 764 1160 refugio
783 1065 914 1140 istorum
935 1072 1068 1140 tribunal
1088 1071 1170 1161 qudd
1189 1073 1269 1140 male
1285 1073 1362 1140 mihi

179 1201 324 1268 eonsoius
347 1199 426 1277 sim,
450 1197 584 1285 ideoque
609 1198 724 1264 iustum
742 1196 893 1265 iudicium
918 1196 1131 1265 reformidem.
1158 1199 1244 1266 Nom
1271 1201 1302 1263 si
1325 1197 1361 1279 (ει

181 1345 234 1410 μεν
249 1326 348 1413 your),
366 1333 396 1389 te
412 1320 532 1401 iudice,
553 1325 589 1387 ia
605 1326 782 1405 culpassem
799 1318 918 1406 (αδικώ)
932 1335 961 1388 ot
976 1333 1076 1388 morte
1092 1325 1225 1406 dirorum
1243 1324 1364 1408 aliquid

180 1450 344 1531 commisi,
364 1469 427 1512 reon
450 1467 560 1512 recuso
580 1450 683 1530 mori;
699 1451 728 1512 si
743 1466 815 1512 oero
839 1449 922 1513 ottit
945 1457 1114 1513 astrorum
1132 1445 1268 1535 (sivana
1292 1458 1364 1514 sunt

181 1570 299 1661 omnia)
317 1575 355 1638 de
373 1575 484 1658 quibus
504 1573 561 1637 isti
578 1593 629 1638 me
647 1583 810 1652 accersam,
828 1571 1035 1640 absolvendus
1054 1592 1140 1651 sum;
1160 1580 1190 1637 et
1206 1592 1297 1636 uerno
1313 1592 1362 1635 me

180 1695 263 1763 saiva
278 1694 394 1761 iustitia
407 1704 511 1778 potest
528 1696 594 1758 iltis
610 1696 802 1764 condonare.
817 1733 860 1743 -
880 1694 979 1762 Sentit
994 1693 1126 1779 PauluS,
1146 1713 1179 1761 se
1197 1693 1227 1759 iu
1246 1703 1361 1760 certam

179 1829 311 1885 mortem
328 1816 424 1898 tradi,
446 1817 471 1883 si
496 1815 640 1903 Synedrii
664 1815 781 1884 iudicio
803 1817 1015 1906 permittatur3
1040 1836 1110 1883 nam
1129 1815 1249 1883 etiamsi
1269 1835 1362 1883 eausa

179 1961 235 2009 sua
252 1939 294 2007 ibi
308 1951 450 2029 ageretur
472 1943 564 2008 Festo
583 1929 744 2029 praesente
757 1947 814 2027 (vs.
830 1944 874 2022 9),
894 1940 947 2008 hie
966 1951 1068 2007 tamen
1081 1939 1220 2029 iniquam
1236 1948 1359 2005 senten-

180 2067 271 2146 tiam,
290 2086 382 2156 quam
402 2065 589 2153 synedrium
609 2066 748 2146 tulisset,
762 2065 891 2132 minime
909 2065 1018 2132 suisset
1035 2065 1243 2141 remissurus,
1263 2083 1360 2151 quan-

179 2190 345 2281 doquidem
359 2191 419 2258 iam
438 2191 468 2256 in
483 2190 549 2279 ipsa
564 2188 622 2256 hae
638 2209 730 2256 eausa
743 2190 884 2278 iniquum
898 2189 1033 2256 iudicem
1051 2209 1084 2256 se
1099 2188 1358 2266 demonstrasset,

180 2335 276 2403 quum
300 2313 415 2382 nullius
440 2313 580 2380 oriminis
605 2312 781 2379 convictum
806 2332 865 2379 non
890 2312 993 2378 statim
1017 2311 1200 2379 absolvisset
1224 2314 1282 2393 (us,
1310 2312 1356 2393 7).

179 2439 283 2524 Quare
299 2459 359 2505 non
373 2437 440 2505 sine
458 2437 576 2503 ratione
592 2438 703 2504 timens
716 2437 843 2514 Paulus,
859 2457 897 2502 ne
910 2436 988 2503 iorte
1004 2436 1159 2503 nolentem
1172 2433 1211 2503 ad
1225 2434 1358 2502 tribunal

179 2560 324 2648 Synedrii
349 2559 545 2642 amandaret,
565 2562 632 2628 iure
651 2581 708 2628 suo
728 2572 818 2628 utens
835 2560 920 2627 addit
939 2584 947 2627 t
967 2560 1117 2650 Καισαρα
1134 2557 1359 2645 serratorum,

181 2685 506 2770 Commemoratis,
529 2709 560 2775 q.
580 2684 613 2752 d.
635 2689 665 2752 si
680 2708 729 2751 me
745 2689 793 2752 vis
814 2687 970 2770 Syrtedm'o
988 2686 1197 2751 iudicandum
1214 2686 1359 2764 tradere,

177 2813 219 2875 od
236 2809 397 2877 Cursorem
418 2814 552 2895 appatio.
572 2847 615 2860 -
641 2841 654 2872 r
677 2811 803 2879 Licebat
819 2811 895 2890 hoo,
916 2811 1017 2899 inquit
1033 2810 1082 2896 (ad
1100 2809 1133 2876 h.
1152 2808 1193 2898 Ι.)
1209 2809 1357 2889 Grotius,

179 2935 327 3001 Romanis
341 2934 460 3022 legibus
479 2935 509 3001 in
528 2936 578 3002 tali
597 2956 686 3016 easu3
709 2956 779 3002 nam
797 2946 867 3002 onte
880 2936 1063 3003 sententiam
1076 2933 1225 3024 appellari
1239 2942 1356 3022 potest,

112 3075 117 3082 ·
178 3059 203 3124 si
224 3060 435 3147 quaestionem
456 3059 586 3126 incivili
613 3060 734 3146 negotio
752 3059 924 3127 habendam
949 3059 1043 3127 iudex
1061 3061 1279 3126 interlocutus⁴
1297 3061 1355 3140 sit,

178 3183 225 3249 rel
243 3183 273 3248 in
291 3183 442 3250 criminali
461 3194 566 3250 eontra
585 3183 667 3270 leges
685 3183 745 3250 hoo
762 3183 863 3250 faeiat.
888 3185 924 3250 t.
944 3197 1028 3250 onte.
1047 3185 1089 3250 D.
1110 3185 1155 3248 lte
1174 3184 1359 3265 appeliatio-

177 3307 270 3373 m‘imo
287 3311 488 3393 recipiendis.
508 3310 583 3375 Erat
605 3319 706 3375 autem
723 3318 831 3375 eontra
854 3309 936 3396 leges
953 3311 1109 3376 Romanas
1125 3308 1224 3375 oivem
1245 3310 1359 3375 Roma-

179 3451 251 3499 num
267 3431 510 3521 provincialibus
524 3432 703 3500 hominibus
717 3432 914 3500 iudicandum
930 3431 1103 3512 tradere,et
1115 3432 1146 3500 id
1161 3432 1351 3498 nolentem.»

212 3686 229 3752 ¹)
250 3705 262 3734 e
282 3686 361 3740 Recte
381 3689 501 3740 tribunat
523 3689 650 3741 Caesaris
671 3693 746 3741 vocat
791 3688 871 3741 uodo.
892 3688 976 3740 ABCE
997 3690 1024 3738 et
1042 3685 1162 3752 plurimis
1186 3683 1356 3745 Minusculis3

177 3768 202 3819 id
216 3768 286 3835 quod
299 3769 454 3822 Procurator
471 3770 583 3823 habebnt
597 3772 703 3824 nomine
715 3785 745 3824 ao
790 3771 866 3823 lectio
884 3779 935 3820 our
953 3769 1027 3822 alteri
1047 3767 1217 3836 praeferenda
1235 3766 1298 3818 mihi
1315 3766 1358 3816 vi-

178 3852 300 3903 mandato
320 3852 444 3903 Caesaris.
465 3852 594 3919 Ulpianus
614 3854 657 3920 (L.
674 3855 695 3906 l.
712 3855 743 3905 D.
790 3853 875 3906 detur.
1377 3864 1379 3867 ·

175 3934 497 3986 DeofficioProouratoris
513 3935 636 4002 Caesaris)
652 3954 657 3988 :
672 3935 745 3998 Quae
823 3938 843 4004 ⁴)
862 3937 1031 3989 Intertooutio
1059 3935 1130 4003 apud
1156 3933 1358 3986 iurisconsultos
1463 3948 1465 3951 ¹

176 4023 239 4068 aeto
272 4024 396 4084 oretaque
429 4025 491 4070 sunt
519 4033 537 4070 o
566 4019 745 4071 Proomotore
790 4024 830 4073 est
841 4019 1023 4086 pronunciatio
1037 4017 1132 4082 judicis
1150 4017 1224 4070 initio
1240 4016 1358 4068 mediove

178 4099 321 4160 caesoris,
353 4101 391 4150 sio
414 4101 448 4152 ab
471 4115 500 4152 eo
523 4102 743 4167 commodantur,
790 4102 859 4164 litis,
881 4114 948 4167 quae
969 4103 1051 4152 totam
1069 4113 1173 4151 oausam
1187 4111 1239 4151 non
1252 4098 1359 4164 perimit

176 4187 255 4247 atque
264 4183 288 4232 si
297 4196 315 4232 a
325 4182 594 4250 Corsoreqestasiot.
605 4204 616 4229 o
629 4183 742 4236 Grotius.
792 4185 918 4250 finitque,
938 4183 983 4235 sed
996 4197 1026 4235 ex
1039 4186 1112 4249 parte
1126 4183 1210 4234 solnm
1228 4180 1321 4233 definit
1331 4184 1358 4232 et

209 4264 229 4330 ¹)
247 4265 312 4315 Nam
325 4263 358 4315 de
375 4265 436 4317 Cive
457 4265 573 4318 Romano
594 4265 744 4317 Praesidum
788 4267 907 4332 judicat:
922 4281 989 4333 quae
1008 4267 1137 4318 sententio
1156 4264 1356 4317 interlocutorio

177 4347 354 4398 Romanorum
367 4350 423 4398 erat
436 4360 599 4412 cognoscere.
616 4349 693 4400 idern.
791 4350 866 4402 hodie
894 4351 920 4400 in
953 4349 1053 4402 Schoiis
1085 4347 1243 4415 appellatur.
1277 4346 1354 4398 Porri.

209 4431 227 4494 ⁶)
247 4431 311 4483 Vsu.
333 4447 402 4483 tuor.
426 4432 475 4484 Pro
499 4443 556 4510 γαρ
586 4437 625 4485 est
647 4441 697 4481 ουν
717 4429 743 4480 in
790 4435 846 4500 Dig.
861 4435 870 4485 l
886 4450 891 4485 :
906 4436 945 4486 ts.
960 4435 984 4484 3.
