<?xml version="1.0" encoding="UTF-8"?>
<!DOCTYPE html PUBLIC "-//W3C//DTD XHTML 1.0 Transitional//EN"
    "http://www.w3.org/TR/xhtml1/DTD/xhtml1-transitional.dtd">
<html xmlns="http://www.w3.org/1999/xhtml" xml:lang="en" lang="en">
 <head>
  <title>
</title>
<meta http-equiv="Content-Type" content="text/html;charset=utf-8" />
  <meta name='ocr-system' content='tesseract 3.04.00' />
  <meta name='ocr-capabilities' content='ocr_page ocr_carea ocr_par ocr_line ocrx_word'/>
</head>
<body>
  <div class='ocr_page' id='page_1' title='image "./commentariusina00beelgoog/commentariusina00beelgoog_0257.png"; bbox 0 0 3074 5054; ppageno 0'>
   <div class='ocr_carea' id='block_1_1' title="bbox 189 382 1059 465">
    <p class='ocr_par' dir='ltr' id='par_1_1' title="bbox 189 382 1059 465">
     <span class='ocr_line' id='line_1_1' title="bbox 189 382 1059 465; baseline 0.006 -17"><span class='ocrx_word' id='word_1_1' title='bbox 189 383 254 449; x_wconf 66' lang='lat'><strong>228</strong></span> <span class='ocrx_word' id='word_1_2' title='bbox 540 382 675 451; x_wconf 83' lang='lat' dir='ltr'><strong>AGTUS</strong></span> <span class='ocrx_word' id='word_1_3' title='bbox 704 383 1022 453; x_wconf 84' lang='lat' dir='ltr'>APOSTOLORUM</span> <span class='ocrx_word' id='word_1_4' title='bbox 1034 404 1059 465; x_wconf 47' lang='lat'><strong>,³</strong></span> 
     </span>
    </p>
   </div>
   <div class='ocr_carea' id='block_1_2' title="bbox 181 569 1375 2146">
    <p class='ocr_par' dir='ltr' id='par_1_2' title="bbox 181 569 1375 2146">
     <span class='ocr_line' id='line_1_2' title="bbox 188 569 1373 666; baseline 0.008 -31"><span class='ocrx_word' id='word_1_5' title='bbox 188 569 290 637; x_wconf 92' lang='lat' dir='ltr'><strong>liticae</strong></span> <span class='ocrx_word' id='word_1_6' title='bbox 314 572 475 640; x_wconf 72' lang='lat' dir='ltr'><strong>australes.</strong></span> <span class='ocrx_word' id='word_1_7' title='bbox 504 575 619 640; x_wconf 87' lang='lat' dir='ltr'><strong>Eversa</strong></span> <span class='ocrx_word' id='word_1_8' title='bbox 646 574 703 641; x_wconf 89' lang='lat' dir='ltr'><strong>luit</strong></span> <span class='ocrx_word' id='word_1_9' title='bbox 727 575 766 642; x_wconf 90' lang='lat' dir='ltr'><strong>ah</strong></span> <span class='ocrx_word' id='word_1_10' title='bbox 791 576 966 643; x_wconf 83' lang='lat' dir='ltr'><strong>Alexandro</strong></span> <span class='ocrx_word' id='word_1_11' title='bbox 993 577 1124 644; x_wconf 92' lang='lat' dir='ltr'><strong>lannaeo</strong></span> <span class='ocrx_word' id='word_1_12' title='bbox 1149 577 1221 665; x_wconf 85' lang='lat' dir='ltr'><strong>(Fl.</strong></span> <span class='ocrx_word' id='word_1_13' title='bbox 1242 576 1373 666; x_wconf 89' lang='lat' dir='ltr'><strong>loseph.</strong></span> 
     </span>
     <span class='ocr_line' id='line_1_3' title="bbox 186 696 1375 787; baseline 0.004 -26"><span class='ocrx_word' id='word_1_14' title='bbox 186 696 317 784; x_wconf 84' lang='lat' dir='ltr'><strong>Autiqq.</strong></span> <span class='ocrx_word' id='word_1_15' title='bbox 343 699 453 765; x_wconf 91' lang='lat' dir='ltr'><strong>Xlll:</strong></span> <span class='ocrx_word' id='word_1_16' title='bbox 487 698 544 787; x_wconf 85' lang='grc'><strong>15)</strong></span> <span class='ocrx_word' id='word_1_17' title='bbox 567 699 652 766; x_wconf 88' lang='lat' dir='ltr'><strong>circa</strong></span> <span class='ocrx_word' id='word_1_18' title='bbox 674 719 788 767; x_wconf 94' lang='lat' dir='ltr'><strong>annum</strong></span> <span class='ocrx_word' id='word_1_19' title='bbox 814 703 857 768; x_wconf 84' lang='grc'><strong>96</strong></span> <span class='ocrx_word' id='word_1_20' title='bbox 880 711 950 767; x_wconf 91' lang='lat' dir='ltr'><strong>ante</strong></span> <span class='ocrx_word' id='word_1_21' title='bbox 978 700 1138 768; x_wconf 79' lang='lat' dir='ltr'><strong>Christum</strong></span> <span class='ocrx_word' id='word_1_22' title='bbox 1164 712 1288 780; x_wconf 87' lang='lat' dir='ltr'><strong>natum,</strong></span> <span class='ocrx_word' id='word_1_23' title='bbox 1317 699 1375 766; x_wconf 89' lang='lat' dir='ltr'><strong>sed</strong></span> 
     </span>
     <span class='ocr_line' id='line_1_4' title="bbox 185 818 1369 912; baseline 0.006 -27"><span class='ocrx_word' id='word_1_24' title='bbox 185 818 303 907; x_wconf 83' lang='lat' dir='ltr'>aliquot</span> <span class='ocrx_word' id='word_1_25' title='bbox 318 822 407 887; x_wconf 91' lang='lat' dir='ltr'><strong>annis</strong></span> <span class='ocrx_word' id='word_1_26' title='bbox 424 832 495 908; x_wconf 89' lang='lat' dir='ltr'><strong>post</strong></span> <span class='ocrx_word' id='word_1_27' title='bbox 509 841 527 887; x_wconf 88' lang='lat' dir='ltr'><strong>a</strong></span> <span class='ocrx_word' id='word_1_28' title='bbox 543 821 677 890; x_wconf 92' lang='lat' dir='ltr'><strong>Gabinio</strong></span> <span class='ocrx_word' id='word_1_29' title='bbox 695 824 863 890; x_wconf 88' lang='lat' dir='ltr'><strong>instaurata</strong></span> <span class='ocrx_word' id='word_1_30' title='bbox 878 823 943 911; x_wconf 86' lang='lat' dir='ltr'><strong>(Fl.</strong></span> <span class='ocrx_word' id='word_1_31' title='bbox 963 823 1089 912; x_wconf 87' lang='lat' dir='ltr'><strong>loseph.</strong></span> <span class='ocrx_word' id='word_1_32' title='bbox 1109 825 1240 912; x_wconf 81' lang='lat' dir='ltr'><strong>Antiqq.</strong></span> <span class='ocrx_word' id='word_1_33' title='bbox 1259 824 1340 891; x_wconf 86' lang='lat' dir='ltr'><strong>XIV</strong></span> <span class='ocrx_word' id='word_1_34' title='bbox 1361 851 1369 892; x_wconf 91' lang='lat'><strong>:</strong></span> 
     </span>
     <span class='ocr_line' id='line_1_5' title="bbox 187 941 1374 1037; baseline 0 -26"><span class='ocrx_word' id='word_1_35' title='bbox 187 942 234 1028; x_wconf 76' lang='lat'><strong>5).</strong></span> <span class='ocrx_word' id='word_1_36' title='bbox 262 947 321 1010; x_wconf 83' lang='lat' dir='ltr'><strong>Vto</strong></span> <span class='ocrx_word' id='word_1_37' title='bbox 342 941 441 1035; x_wconf 73' lang='grc' dir='ltr'>(ὁὸος)</span> <span class='ocrx_word' id='word_1_38' title='bbox 465 965 543 1033; x_wconf 84' lang='lat' dir='ltr'><strong>quae</strong></span> <span class='ocrx_word' id='word_1_39' title='bbox 568 945 619 1012; x_wconf 80' lang='lat' dir='ltr'><strong>hio</strong></span> <span class='ocrx_word' id='word_1_40' title='bbox 640 946 755 1013; x_wconf 83' lang='lat' dir='ltr'><strong>dicitur</strong></span> <span class='ocrx_word' id='word_1_41' title='bbox 777 944 1009 1032; x_wconf 80' lang='grc' dir='ltr'><strong>καταβαινουσα</strong></span> <span class='ocrx_word' id='word_1_42' title='bbox 1033 971 1092 1010; x_wconf 78' lang='lat' dir='ltr'><strong>cruc</strong></span> <span class='ocrx_word' id='word_1_43' title='bbox 1111 946 1310 1037; x_wconf 79' lang='grc' dir='ltr'>Ἱερουσαλημ</span> <span class='ocrx_word' id='word_1_44' title='bbox 1332 970 1374 1022; x_wconf 78' lang='grc' dir='ltr'><strong>εις</strong></span> 
     </span>
     <span class='ocr_line' id='line_1_6' title="bbox 185 1067 1374 1157; baseline 0.003 -26"><span class='ocrx_word' id='word_1_45' title='bbox 185 1067 305 1146; x_wconf 64' lang='lat' dir='ltr'><strong>Potor,</strong></span> <span class='ocrx_word' id='word_1_46' title='bbox 332 1069 422 1156; x_wconf 81' lang='lat' dir='ltr'><strong>vulgo</strong></span> <span class='ocrx_word' id='word_1_47' title='bbox 444 1069 581 1135; x_wconf 90' lang='lat' dir='ltr'><strong>creditur</strong></span> <span class='ocrx_word' id='word_1_48' title='bbox 603 1089 659 1157; x_wconf 93' lang='lat' dir='ltr'><strong>per</strong></span> <span class='ocrx_word' id='word_1_49' title='bbox 683 1069 862 1136; x_wconf 85' lang='lat' dir='ltr'><strong>Habronem</strong></span> <span class='ocrx_word' id='word_1_50' title='bbox 885 1069 980 1136; x_wconf 89' lang='lat' dir='ltr'><strong>foisse</strong></span> <span class='ocrx_word' id='word_1_51' title='bbox 1002 1069 1105 1137; x_wconf 90' lang='lat' dir='ltr'><strong>ducta.</strong></span> <span class='ocrx_word' id='word_1_52' title='bbox 1129 1070 1221 1155; x_wconf 81' lang='lat' dir='ltr'><strong>Quod</strong></span> <span class='ocrx_word' id='word_1_53' title='bbox 1246 1070 1374 1137; x_wconf 90' lang='lat' dir='ltr'><strong>additur</strong></span> 
     </span>
     <span class='ocr_line' id='line_1_7' title="bbox 184 1191 1373 1283; baseline 0.003 -28"><span class='ocrx_word' id='word_1_54' title='bbox 184 1216 260 1265; x_wconf 82' lang='grc' dir='ltr'><strong>αυτη</strong></span> <span class='ocrx_word' id='word_1_55' title='bbox 277 1216 358 1256; x_wconf 78' lang='grc' dir='ltr'><strong>εστιν</strong></span> <span class='ocrx_word' id='word_1_56' title='bbox 375 1217 482 1283; x_wconf 83' lang='grc' dir='ltr'>ερημος</span> <span class='ocrx_word' id='word_1_57' title='bbox 507 1194 619 1281; x_wconf 80' lang='lat' dir='ltr'><strong>(Vulg.</strong></span> <span class='ocrx_word' id='word_1_58' title='bbox 645 1196 719 1258; x_wconf 80' lang='lat' dir='ltr'><strong>hoec</strong></span> <span class='ocrx_word' id='word_1_59' title='bbox 742 1204 786 1259; x_wconf 83' lang='lat' dir='ltr'><strong>eal</strong></span> <span class='ocrx_word' id='word_1_60' title='bbox 810 1193 962 1282; x_wconf 80' lang='lat' dir='ltr'><strong>deserta),</strong></span> <span class='ocrx_word' id='word_1_61' title='bbox 990 1192 1021 1259; x_wconf 86' lang='lat' dir='ltr'><strong>id</strong></span> <span class='ocrx_word' id='word_1_62' title='bbox 1046 1192 1172 1281; x_wconf 85' lang='lat' dir='ltr'><strong>quidem</strong></span> <span class='ocrx_word' id='word_1_63' title='bbox 1197 1191 1296 1259; x_wconf 84' lang='lat' dir='ltr'><strong>habeo</strong></span> <span class='ocrx_word' id='word_1_64' title='bbox 1314 1213 1373 1282; x_wconf 81' lang='lat' dir='ltr'><strong>pro</strong></span> 
     </span>
     <span class='ocr_line' id='line_1_8' title="bbox 184 1314 1374 1405; baseline 0.002 -24"><span class='ocrx_word' id='word_1_65' title='bbox 184 1314 332 1382; x_wconf 89' lang='lat' dir='ltr'><strong>historica</strong></span> <span class='ocrx_word' id='word_1_66' title='bbox 346 1316 477 1404; x_wconf 86' lang='lat' dir='ltr'><strong>quadam</strong></span> <span class='ocrx_word' id='word_1_67' title='bbox 494 1315 684 1405; x_wconf 77' lang='lat' dir='ltr'><strong>parenthesi,</strong></span> <span class='ocrx_word' id='word_1_68' title='bbox 701 1317 804 1382; x_wconf 85' lang='lat' dir='ltr'><strong>Lucae</strong></span> <span class='ocrx_word' id='word_1_69' title='bbox 817 1315 992 1383; x_wconf 89' lang='lat' dir='ltr'><strong>tribuenda.</strong></span> <span class='ocrx_word' id='word_1_70' title='bbox 1008 1316 1164 1384; x_wconf 89' lang='lat' dir='ltr'><strong>Videntur</strong></span> <span class='ocrx_word' id='word_1_71' title='bbox 1176 1325 1279 1382; x_wconf 88' lang='lat' dir='ltr'><strong>autem</strong></span> <span class='ocrx_word' id='word_1_72' title='bbox 1293 1315 1374 1383; x_wconf 89' lang='lat' dir='ltr'><strong>haec</strong></span> 
     </span>
     <span class='ocr_line' id='line_1_9' title="bbox 183 1434 1372 1517; baseline 0.003 -14"><span class='ocrx_word' id='word_1_73' title='bbox 183 1437 276 1504; x_wconf 89' lang='lat' dir='ltr'><strong>verba</strong></span> <span class='ocrx_word' id='word_1_74' title='bbox 304 1438 464 1504; x_wconf 88' lang='lat' dir='ltr'><strong>referenda</strong></span> <span class='ocrx_word' id='word_1_75' title='bbox 488 1459 638 1515; x_wconf 89' lang='lat' dir='ltr'><strong>essenon</strong></span> <span class='ocrx_word' id='word_1_76' title='bbox 662 1438 700 1506; x_wconf 92' lang='lat' dir='ltr'><strong>ad</strong></span> <span class='ocrx_word' id='word_1_77' title='bbox 722 1439 872 1505; x_wconf 89' lang='lat' dir='ltr'><strong>remotius</strong></span> <span class='ocrx_word' id='word_1_78' title='bbox 900 1462 952 1512; x_wconf 79' lang='grc' dir='ltr'><strong>την</strong></span> <span class='ocrx_word' id='word_1_79' title='bbox 977 1434 1063 1517; x_wconf 74' lang='lat' dir='ltr'><strong>adon,</strong></span> <span class='ocrx_word' id='word_1_80' title='bbox 1091 1437 1145 1504; x_wconf 89' lang='lat' dir='ltr'><strong>sed</strong></span> <span class='ocrx_word' id='word_1_81' title='bbox 1168 1438 1207 1505; x_wconf 89' lang='lat' dir='ltr'><strong>ad</strong></span> <span class='ocrx_word' id='word_1_82' title='bbox 1235 1438 1372 1506; x_wconf 90' lang='lat' dir='ltr'><strong>vicinius</strong></span> 
     </span>
     <span class='ocr_line' id='line_1_10' title="bbox 181 1560 1371 1652; baseline 0.003 -29"><span class='ocrx_word' id='word_1_83' title='bbox 181 1562 294 1634; x_wconf 76' lang='grc' dir='ltr'><strong>Γαζαν.</strong></span> <span class='ocrx_word' id='word_1_84' title='bbox 313 1562 440 1628; x_wconf 81' lang='lat' dir='ltr'><strong>Scilicet</strong></span> <span class='ocrx_word' id='word_1_85' title='bbox 455 1562 547 1650; x_wconf 92' lang='lat' dir='ltr'><strong>paulo</strong></span> <span class='ocrx_word' id='word_1_86' title='bbox 563 1572 632 1628; x_wconf 88' lang='lat' dir='ltr'><strong>ante</strong></span> <span class='ocrx_word' id='word_1_87' title='bbox 648 1560 842 1628; x_wconf 92' lang='lat' dir='ltr'><strong>ohsidionem</strong></span> <span class='ocrx_word' id='word_1_88' title='bbox 860 1561 1151 1652; x_wconf 80' lang='lat' dir='ltr'><strong>Hierosolymorum</strong></span> <span class='ocrx_word' id='word_1_89' title='bbox 1165 1562 1248 1629; x_wconf 87' lang='lat' dir='ltr'><strong>Gaza</strong></span> <span class='ocrx_word' id='word_1_90' title='bbox 1265 1561 1371 1628; x_wconf 92' lang='lat' dir='ltr'><strong>denuo</strong></span> 
     </span>
     <span class='ocr_line' id='line_1_11' title="bbox 182 1681 1372 1773; baseline 0 -23"><span class='ocrx_word' id='word_1_91' title='bbox 182 1681 336 1752; x_wconf 89' lang='lat' dir='ltr'><strong>devastata</strong></span> <span class='ocrx_word' id='word_1_92' title='bbox 358 1684 487 1764; x_wconf 89' lang='lat' dir='ltr'><strong>fuerat¹;</strong></span> <span class='ocrx_word' id='word_1_93' title='bbox 514 1704 574 1773; x_wconf 86' lang='lat' dir='ltr'><strong>qua</strong></span> <span class='ocrx_word' id='word_1_94' title='bbox 596 1705 634 1752; x_wconf 86' lang='lat' dir='ltr'><strong>ex</strong></span> <span class='ocrx_word' id='word_1_95' title='bbox 660 1684 746 1751; x_wconf 90' lang='lat' dir='ltr'><strong>clade</strong></span> <span class='ocrx_word' id='word_1_96' title='bbox 768 1684 905 1751; x_wconf 92' lang='lat' dir='ltr'><strong>nondum</strong></span> <span class='ocrx_word' id='word_1_97' title='bbox 927 1684 1117 1764; x_wconf 85' lang='lat' dir='ltr'><strong>surrexerit,</strong></span> <span class='ocrx_word' id='word_1_98' title='bbox 1144 1704 1205 1770; x_wconf 87' lang='lat' dir='ltr'><strong>quo</strong></span> <span class='ocrx_word' id='word_1_99' title='bbox 1230 1697 1372 1772; x_wconf 86' lang='lat' dir='ltr'><strong>tempore</strong></span> 
     </span>
     <span class='ocr_line' id='line_1_12' title="bbox 182 1800 1371 1896; baseline -0.003 -22"><span class='ocrx_word' id='word_1_100' title='bbox 182 1808 338 1876; x_wconf 89' lang='lat' dir='ltr'><strong>scrihebat</strong></span> <span class='ocrx_word' id='word_1_101' title='bbox 353 1809 464 1875; x_wconf 86' lang='lat' dir='ltr'><strong>Lucas.</strong></span> <span class='ocrx_word' id='word_1_102' title='bbox 486 1809 546 1874; x_wconf 87' lang='lat' dir='ltr'><strong>llic</strong></span> <span class='ocrx_word' id='word_1_103' title='bbox 568 1808 642 1894; x_wconf 80' lang='lat' dir='ltr'><strong>ergo</strong></span> <span class='ocrx_word' id='word_1_104' title='bbox 666 1807 843 1896; x_wconf 84' lang='lat' dir='ltr'><strong>parenthesi</strong></span> <span class='ocrx_word' id='word_1_105' title='bbox 862 1800 1079 1873; x_wconf 77' lang='lat' dir='ltr'><strong>illa&#39;historica</strong></span> <span class='ocrx_word' id='word_1_106' title='bbox 1096 1807 1185 1893; x_wconf 80' lang='grc' dir='ltr'>(αυτη</span> <span class='ocrx_word' id='word_1_107' title='bbox 1203 1829 1285 1870; x_wconf 78' lang='grc' dir='ltr'><strong>εστιν</strong></span> <span class='ocrx_word' id='word_1_108' title='bbox 1303 1829 1371 1896; x_wconf 73' lang='lat' dir='ltr'><strong>spn-</strong></span> 
     </span>
     <span class='ocr_line' id='line_1_13' title="bbox 182 1932 1372 2021; baseline 0.002 -25"><span class='ocrx_word' id='word_1_109' title='bbox 182 1932 253 2020; x_wconf 85' lang='grc' dir='ltr'>μος)</span> <span class='ocrx_word' id='word_1_110' title='bbox 270 1932 370 2001; x_wconf 88' lang='lat' dir='ltr'><strong>obiter</strong></span> <span class='ocrx_word' id='word_1_111' title='bbox 394 1946 501 2002; x_wconf 87' lang='lat' dir='ltr'><strong>notare</strong></span> <span class='ocrx_word' id='word_1_112' title='bbox 517 1932 663 2014; x_wconf 91' lang='lat' dir='ltr'><strong>voluerit,</strong></span> <span class='ocrx_word' id='word_1_113' title='bbox 689 1934 805 2001; x_wconf 89' lang='lat' dir='ltr'><strong>Gazam</strong></span> <span class='ocrx_word' id='word_1_114' title='bbox 830 1934 933 2011; x_wconf 92' lang='lat' dir='ltr'><strong>illam,</strong></span> <span class='ocrx_word' id='word_1_115' title='bbox 953 1932 991 1999; x_wconf 91' lang='lat' dir='ltr'><strong>de</strong></span> <span class='ocrx_word' id='word_1_116' title='bbox 1009 1952 1069 2021; x_wconf 86' lang='lat' dir='ltr'><strong>qua</strong></span> <span class='ocrx_word' id='word_1_117' title='bbox 1087 1953 1190 2000; x_wconf 89' lang='lat' dir='ltr'><strong>sermo</strong></span> <span class='ocrx_word' id='word_1_118' title='bbox 1216 1943 1294 2010; x_wconf 84' lang='lat' dir='ltr'><strong>erat,</strong></span> <span class='ocrx_word' id='word_1_119' title='bbox 1313 1952 1372 1998; x_wconf 88' lang='lat' dir='ltr'><strong>suo</strong></span> 
     </span>
     <span class='ocr_line' id='line_1_14' title="bbox 182 2056 932 2146; baseline 0 -23"><span class='ocrx_word' id='word_1_120' title='bbox 182 2069 322 2146; x_wconf 89' lang='lat' dir='ltr'><strong>tempore</strong></span> <span class='ocrx_word' id='word_1_121' title='bbox 337 2056 434 2124; x_wconf 89' lang='lat' dir='ltr'><strong>luisse</strong></span> <span class='ocrx_word' id='word_1_122' title='bbox 450 2058 657 2138; x_wconf 88' lang='lat' dir='ltr'><strong>devastatam,</strong></span> <span class='ocrx_word' id='word_1_123' title='bbox 676 2079 734 2124; x_wconf 91' lang='lat' dir='ltr'><strong>neo</strong></span> <span class='ocrx_word' id='word_1_124' title='bbox 752 2057 932 2125; x_wconf 87' lang='lat' dir='ltr'><strong>habitatam.</strong></span> 
     </span>
    </p>
   </div>
   <div class='ocr_carea' id='block_1_3' title="bbox 176 2312 1368 3644">
    <p class='ocr_par' dir='ltr' id='par_1_3' title="bbox 178 2312 1368 2894">
     <span class='ocr_line' id='line_1_15' title="bbox 225 2312 1365 2402; baseline 0.003 -23"><span class='ocrx_word' id='word_1_125' title='bbox 225 2313 280 2379; x_wconf 74' lang='lat'><strong>27.</strong></span> <span class='ocrx_word' id='word_1_126' title='bbox 310 2314 354 2378; x_wconf 86' lang='grc' dir='ltr'><strong>Ει</strong></span> <span class='ocrx_word' id='word_1_127' title='bbox 381 2334 512 2397; x_wconf 74' lang='lat' dir='ltr'><strong>corpeus</strong></span> <span class='ocrx_word' id='word_1_128' title='bbox 539 2315 635 2395; x_wconf 81' lang='lat' dir='ltr'><strong>odiit,</strong></span> <span class='ocrx_word' id='word_1_129' title='bbox 666 2325 695 2379; x_wconf 88' lang='lat' dir='ltr'><strong>et</strong></span> <span class='ocrx_word' id='word_1_130' title='bbox 723 2336 806 2394; x_wconf 87' lang='lat' dir='ltr'><strong>ecce,</strong></span> <span class='ocrx_word' id='word_1_131' title='bbox 836 2312 927 2400; x_wconf 77' lang='lat' dir='ltr'><strong>etc).</strong></span> <span class='ocrx_word' id='word_1_132' title='bbox 960 2313 1121 2381; x_wconf 88' lang='lat' dir='ltr'><strong>Hebraeus</strong></span> <span class='ocrx_word' id='word_1_133' title='bbox 1149 2313 1365 2402; x_wconf 88' lang='lat' dir='ltr'><strong>scripsisset:</strong></span> 
     </span>
     <span class='ocr_line' id='line_1_16' title="bbox 182 2434 1368 2529; baseline -0.006 -16"><span class='ocrx_word' id='word_1_134' title='bbox 182 2447 265 2521; x_wconf 65' lang='grc' dir='ltr'><strong>«Πέῆέ</strong></span> <span class='ocrx_word' id='word_1_135' title='bbox 303 2434 366 2521; x_wconf 60' lang='lat' dir='ltr'><strong>tlt}</strong></span> <span class='ocrx_word' id='word_1_136' title='bbox 403 2452 484 2522; x_wconf 60' lang='lat' dir='ltr'><strong>hert.</strong></span> <span class='ocrx_word' id='word_1_137' title='bbox 514 2438 595 2507; x_wconf 90' lang='lat' dir='ltr'><strong>Vide</strong></span> <span class='ocrx_word' id='word_1_138' title='bbox 619 2459 714 2527; x_wconf 87' lang='lat' dir='ltr'><strong>supra</strong></span> <span class='ocrx_word' id='word_1_139' title='bbox 737 2439 776 2507; x_wconf 87' lang='lat' dir='ltr'><strong>ad</strong></span> <span class='ocrx_word' id='word_1_140' title='bbox 799 2460 846 2506; x_wconf 87' lang='lat' dir='ltr'><strong>rs.</strong></span> <span class='ocrx_word' id='word_1_141' title='bbox 873 2442 929 2507; x_wconf 67' lang='lat'><strong>26.</strong></span> <span class='ocrx_word' id='word_1_142' title='bbox 956 2441 1076 2509; x_wconf 89' lang='lat' dir='ltr'><strong>Vocem</strong></span> <span class='ocrx_word' id='word_1_143' title='bbox 1104 2435 1188 2516; x_wconf 70' lang='lat' dir='ltr'><strong>idco,</strong></span> <span class='ocrx_word' id='word_1_144' title='bbox 1215 2449 1368 2529; x_wconf 86' lang='lat' dir='ltr'><strong>sequente</strong></span> 
     </span>
     <span class='ocr_line' id='line_1_17' title="bbox 178 2559 1367 2652; baseline 0.002 -26"><span class='ocrx_word' id='word_1_145' title='bbox 178 2559 374 2626; x_wconf 87' lang='lat' dir='ltr'><strong>Nominativo</strong></span> <span class='ocrx_word' id='word_1_146' title='bbox 402 2560 519 2649; x_wconf 86' lang='lat' dir='ltr'><strong>absque</strong></span> <span class='ocrx_word' id='word_1_147' title='bbox 549 2564 653 2632; x_wconf 89' lang='lat' dir='ltr'><strong>Verbo</strong></span> <span class='ocrx_word' id='word_1_148' title='bbox 682 2564 805 2644; x_wconf 89' lang='lat' dir='ltr'><strong>Finito,</strong></span> <span class='ocrx_word' id='word_1_149' title='bbox 834 2563 971 2652; x_wconf 90' lang='lat' dir='ltr'><strong>elliptice</strong></span> <span class='ocrx_word' id='word_1_150' title='bbox 999 2565 1113 2632; x_wconf 89' lang='lat' dir='ltr'><strong>dictam</strong></span> <span class='ocrx_word' id='word_1_151' title='bbox 1134 2575 1206 2652; x_wconf 92' lang='lat' dir='ltr'><strong>puta</strong></span> <span class='ocrx_word' id='word_1_152' title='bbox 1224 2583 1281 2652; x_wconf 92' lang='lat' dir='ltr'><strong>pro</strong></span> <span class='ocrx_word' id='word_1_153' title='bbox 1300 2585 1367 2630; x_wconf 86' lang='lat' dir='ltr'><strong>ecce</strong></span> 
     </span>
     <span class='ocr_line' id='line_1_18' title="bbox 179 2687 1362 2777; baseline 0.003 -27"><span class='ocrx_word' id='word_1_154' title='bbox 179 2687 286 2765; x_wconf 77' lang='lat' dir='ltr'><strong>odeat,</strong></span> <span class='ocrx_word' id='word_1_155' title='bbox 301 2695 353 2751; x_wconf 89' lang='lat' dir='ltr'><strong>aot</strong></span> <span class='ocrx_word' id='word_1_156' title='bbox 376 2689 505 2771; x_wconf 75' lang='lat' dir='ltr'><strong>oderat,</strong></span> <span class='ocrx_word' id='word_1_157' title='bbox 534 2701 625 2776; x_wconf 89' lang='lat' dir='ltr'><strong>prout</strong></span> <span class='ocrx_word' id='word_1_158' title='bbox 648 2700 789 2756; x_wconf 87' lang='lat' dir='ltr'><strong>contexta</strong></span> <span class='ocrx_word' id='word_1_159' title='bbox 807 2689 905 2755; x_wconf 91' lang='lat' dir='ltr'><strong>oratio</strong></span> <span class='ocrx_word' id='word_1_160' title='bbox 922 2690 1069 2777; x_wconf 91' lang='lat' dir='ltr'><strong>postulat.</strong></span> <span class='ocrx_word' id='word_1_161' title='bbox 1088 2689 1136 2755; x_wconf 86' lang='lat' dir='ltr'><strong>Gs.</strong></span> <span class='ocrx_word' id='word_1_162' title='bbox 1156 2688 1268 2755; x_wconf 87' lang='lat' dir='ltr'><strong>Matth.</strong></span> <span class='ocrx_word' id='word_1_163' title='bbox 1288 2691 1335 2755; x_wconf 94' lang='lat' dir='ltr'><strong>lll</strong></span> <span class='ocrx_word' id='word_1_164' title='bbox 1355 2711 1362 2752; x_wconf 93' lang='lat'>:</span> 
     </span>
     <span class='ocr_line' id='line_1_19' title="bbox 181 2811 1167 2894; baseline 0.003 -19"><span class='ocrx_word' id='word_1_165' title='bbox 181 2811 234 2876; x_wconf 82' lang='lat' dir='ltr'><strong>ta.</strong></span> <span class='ocrx_word' id='word_1_166' title='bbox 255 2811 331 2877; x_wconf 91' lang='lat' dir='ltr'><strong>Luc.</strong></span> <span class='ocrx_word' id='word_1_167' title='bbox 352 2812 682 2894; x_wconf 57' lang='lat' dir='ltr'><strong>xtxmmxxu:</strong></span> <span class='ocrx_word' id='word_1_168' title='bbox 703 2815 1020 2894; x_wconf 72' lang='lat' dir='ltr'><strong>58‚l7‚et2Cor.</strong></span> <span class='ocrx_word' id='word_1_169' title='bbox 1040 2815 1085 2883; x_wconf 96' lang='lat' dir='ltr'><strong>Vl</strong></span> <span class='ocrx_word' id='word_1_170' title='bbox 1106 2833 1113 2875; x_wconf 91' lang='lat'><strong>:</strong></span> <span class='ocrx_word' id='word_1_171' title='bbox 1134 2817 1167 2880; x_wconf 69' lang='lat' dir='ltr'><strong>h.</strong></span> 
     </span>
    </p>

    <p class='ocr_par' dir='ltr' id='par_1_4' title="bbox 176 2936 1366 3644">
     <span class='ocr_line' id='line_1_20' title="bbox 223 2936 1366 3025; baseline 0.007 -26"><span class='ocrx_word' id='word_1_172' title='bbox 223 2937 275 2999; x_wconf 88' lang='lat' dir='ltr'><strong>vir</strong></span> <span class='ocrx_word' id='word_1_173' title='bbox 296 2936 469 3019; x_wconf 75' lang='lat' dir='ltr'><strong>Aethiops,</strong></span> <span class='ocrx_word' id='word_1_174' title='bbox 497 2941 657 3003; x_wconf 75' lang='lat' dir='ltr'><strong>cormachus</strong></span> <span class='ocrx_word' id='word_1_175' title='bbox 662 2989 674 3021; x_wconf 75' lang='grc'>,</span> <span class='ocrx_word' id='word_1_176' title='bbox 700 2949 812 3022; x_wconf 82' lang='lat' dir='ltr'><strong>potens</strong></span> <span class='ocrx_word' id='word_1_177' title='bbox 838 2938 1009 3016; x_wconf 78' lang='lat' dir='ltr'><strong>Caledonia,</strong></span> <span class='ocrx_word' id='word_1_178' title='bbox 1034 2937 1125 3025; x_wconf 70' lang='lat' dir='ltr'><strong>etc).</strong></span> <span class='ocrx_word' id='word_1_179' title='bbox 1158 2939 1279 3005; x_wconf 84' lang='lat' dir='ltr'><strong>Graeca</strong></span> <span class='ocrx_word' id='word_1_180' title='bbox 1305 2961 1366 3007; x_wconf 84' lang='lat' dir='ltr'><strong>vox</strong></span> 
     </span>
     <span class='ocr_line' id='line_1_21' title="bbox 176 3040 1366 3148; baseline 0.006 -25"><span class='ocrx_word' id='word_1_181' title='bbox 176 3061 336 3124; x_wconf 82' lang='lat' dir='ltr'><strong>ennachos</strong></span> <span class='ocrx_word' id='word_1_182' title='bbox 353 3059 535 3148; x_wconf 82' lang='grc' dir='ltr'>(ευνουχος),</span> <span class='ocrx_word' id='word_1_183' title='bbox 549 3059 588 3126; x_wconf 89' lang='lat' dir='ltr'><strong>ab</strong></span> <span class='ocrx_word' id='word_1_184' title='bbox 605 3083 672 3134; x_wconf 81' lang='grc' dir='ltr'>ευνη</span> <span class='ocrx_word' id='word_1_185' title='bbox 684 3040 786 3127; x_wconf 74' lang='lat' dir='ltr'><strong>¹arabile</strong></span> <span class='ocrx_word' id='word_1_186' title='bbox 802 3071 832 3126; x_wconf 94' lang='lat' dir='ltr'><strong>et</strong></span> <span class='ocrx_word' id='word_1_187' title='bbox 847 3069 921 3146; x_wconf 65' lang='grc' dir='ltr'><strong>εχωΞ</strong></span> <span class='ocrx_word' id='word_1_188' title='bbox 938 3060 1086 3140; x_wconf 86' lang='lat' dir='ltr'><strong>derivata,</strong></span> <span class='ocrx_word' id='word_1_189' title='bbox 1102 3060 1230 3148; x_wconf 93' lang='lat' dir='ltr'><strong>proprie</strong></span> <span class='ocrx_word' id='word_1_190' title='bbox 1247 3061 1366 3130; x_wconf 85' lang='lat' dir='ltr'><strong>dicitur</strong></span> 
     </span>
     <span class='ocr_line' id='line_1_22' title="bbox 177 3181 1363 3272; baseline 0.003 -23"><span class='ocrx_word' id='word_1_191' title='bbox 177 3181 215 3249; x_wconf 89' lang='lat' dir='ltr'><strong>de</strong></span> <span class='ocrx_word' id='word_1_192' title='bbox 239 3202 276 3248; x_wconf 92' lang='lat' dir='ltr'><strong>eo</strong></span> <span class='ocrx_word' id='word_1_193' title='bbox 301 3183 352 3270; x_wconf 87' lang='lat' dir='ltr'><strong>qui</strong></span> <span class='ocrx_word' id='word_1_194' title='bbox 378 3182 480 3249; x_wconf 89' lang='lat' dir='ltr'><strong>cubile</strong></span> <span class='ocrx_word' id='word_1_195' title='bbox 506 3194 594 3250; x_wconf 88' lang='lat' dir='ltr'><strong>curat</strong></span> <span class='ocrx_word' id='word_1_196' title='bbox 615 3183 662 3250; x_wconf 86' lang='lat' dir='ltr'><strong>vel</strong></span> <span class='ocrx_word' id='word_1_197' title='bbox 687 3183 841 3263; x_wconf 88' lang='lat' dir='ltr'><strong>custodit,</strong></span> <span class='ocrx_word' id='word_1_198' title='bbox 863 3184 916 3270; x_wconf 85' lang='lat' dir='ltr'><strong>qui</strong></span> <span class='ocrx_word' id='word_1_199' title='bbox 941 3182 1086 3249; x_wconf 89' lang='lat' dir='ltr'><strong>cubiculo</strong></span> <span class='ocrx_word' id='word_1_200' title='bbox 1104 3184 1278 3272; x_wconf 88' lang='lat' dir='ltr'><strong>praelectus</strong></span> <span class='ocrx_word' id='word_1_201' title='bbox 1296 3199 1363 3268; x_wconf 90' lang='lat' dir='ltr'><strong>est,</strong></span> 
     </span>
     <span class='ocr_line' id='line_1_23' title="bbox 177 3306 1363 3395; baseline 0.005 -23"><span class='ocrx_word' id='word_1_202' title='bbox 177 3307 387 3373; x_wconf 82' lang='lat' dir='ltr'><strong>cubicularias</strong></span> <span class='ocrx_word' id='word_1_203' title='bbox 403 3318 461 3374; x_wconf 91' lang='lat' dir='ltr'><strong>est.</strong></span> <span class='ocrx_word' id='word_1_204' title='bbox 480 3306 573 3392; x_wconf 81' lang='lat' dir='ltr'><strong>Quod</strong></span> <span class='ocrx_word' id='word_1_205' title='bbox 589 3306 724 3373; x_wconf 89' lang='lat' dir='ltr'><strong>ollicium</strong></span> <span class='ocrx_word' id='word_1_206' title='bbox 743 3327 839 3394; x_wconf 85' lang='lat' dir='ltr'><strong>quum</strong></span> <span class='ocrx_word' id='word_1_207' title='bbox 856 3306 894 3374; x_wconf 89' lang='lat' dir='ltr'><strong>ah</strong></span> <span class='ocrx_word' id='word_1_208' title='bbox 911 3307 1037 3374; x_wconf 87' lang='lat' dir='ltr'><strong>eviratis</strong></span> <span class='ocrx_word' id='word_1_209' title='bbox 1061 3308 1211 3395; x_wconf 90' lang='lat' dir='ltr'><strong>praestari</strong></span> <span class='ocrx_word' id='word_1_210' title='bbox 1228 3308 1363 3390; x_wconf 85' lang='lat' dir='ltr'><strong>soleret,</strong></span> 
     </span>
     <span class='ocr_line' id='line_1_24' title="bbox 178 3428 1365 3517; baseline 0.007 -25"><span class='ocrx_word' id='word_1_211' title='bbox 178 3451 317 3516; x_wconf 80' lang='grc' dir='ltr'>ευνουχος</span> <span class='ocrx_word' id='word_1_212' title='bbox 342 3429 506 3498; x_wconf 90' lang='lat' dir='ltr'><strong>denotabat</strong></span> <span class='ocrx_word' id='word_1_213' title='bbox 530 3430 622 3497; x_wconf 89' lang='lat' dir='ltr'><strong>etiam</strong></span> <span class='ocrx_word' id='word_1_214' title='bbox 647 3428 817 3517; x_wconf 89' lang='lat' dir='ltr'><strong>spadonem</strong></span> <span class='ocrx_word' id='word_1_215' title='bbox 845 3430 910 3495; x_wconf 87' lang='lat' dir='ltr'><strong>sive</strong></span> <span class='ocrx_word' id='word_1_216' title='bbox 938 3434 1114 3514; x_wconf 77' lang='lat' dir='ltr'><strong>eviratum,</strong></span> <span class='ocrx_word' id='word_1_217' title='bbox 1146 3450 1245 3517; x_wconf 85' lang='lat' dir='ltr'><strong>eoque</strong></span> <span class='ocrx_word' id='word_1_218' title='bbox 1268 3451 1365 3502; x_wconf 88' lang='lat' dir='ltr'><strong>sensu</strong></span> 
     </span>
     <span class='ocr_line' id='line_1_25' title="bbox 177 3554 1361 3644; baseline 0 -20"><span class='ocrx_word' id='word_1_219' title='bbox 177 3555 255 3624; x_wconf 89' lang='lat' dir='ltr'><strong>haec</strong></span> <span class='ocrx_word' id='word_1_220' title='bbox 282 3577 341 3624; x_wconf 87' lang='lat' dir='ltr'><strong>vox</strong></span> <span class='ocrx_word' id='word_1_221' title='bbox 370 3557 509 3624; x_wconf 88' lang='lat' dir='ltr'><strong>occurrit</strong></span> <span class='ocrx_word' id='word_1_222' title='bbox 535 3556 617 3644; x_wconf 91' lang='lat' dir='ltr'><strong>apud</strong></span> <span class='ocrx_word' id='word_1_223' title='bbox 645 3554 835 3622; x_wconf 88' lang='lat' dir='ltr'><strong>Matthaeum</strong></span> <span class='ocrx_word' id='word_1_224' title='bbox 864 3556 940 3644; x_wconf 89' lang='lat' dir='ltr'><strong>Cap.</strong></span> <span class='ocrx_word' id='word_1_225' title='bbox 972 3556 1165 3623; x_wconf 72' lang='lat' dir='ltr'>X1X212.</span> <span class='ocrx_word' id='word_1_226' title='bbox 1199 3585 1213 3615; x_wconf 76' lang='grc' dir='ltr'><strong>α</strong></span> <span class='ocrx_word' id='word_1_227' title='bbox 1242 3556 1361 3624; x_wconf 88' lang='lat' dir='ltr'><strong>Evirati</strong></span> 
     </span>
    </p>
   </div>
   <div class='ocr_carea' id='block_1_4' title="bbox 176 3837 1363 3992">
    <p class='ocr_par' dir='ltr' id='par_1_5' title="bbox 176 3837 1363 3992">
     <span class='ocr_line' id='line_1_26' title="bbox 209 3837 1363 3904; baseline 0.003 -14"><span class='ocrx_word' id='word_1_228' title='bbox 209 3839 228 3904; x_wconf 88' lang='lat'><strong>¹)</strong></span> <span class='ocrx_word' id='word_1_229' title='bbox 246 3840 317 3891; x_wconf 88' lang='lat' dir='ltr'><strong>Flnv.</strong></span> <span class='ocrx_word' id='word_1_230' title='bbox 332 3838 431 3904; x_wconf 87' lang='lat' dir='ltr'><strong>loseph.</strong></span> <span class='ocrx_word' id='word_1_231' title='bbox 450 3839 482 3889; x_wconf 91' lang='lat' dir='ltr'><strong>do</strong></span> <span class='ocrx_word' id='word_1_232' title='bbox 493 3840 519 3889; x_wconf 89' lang='lat' dir='ltr'><strong>B.</strong></span> <span class='ocrx_word' id='word_1_233' title='bbox 534 3842 557 3889; x_wconf 89' lang='lat' dir='ltr'><strong>J.</strong></span> <span class='ocrx_word' id='word_1_234' title='bbox 571 3838 627 3888; x_wconf 86' lang='lat' dir='ltr'><strong>Lib.</strong></span> <span class='ocrx_word' id='word_1_235' title='bbox 640 3839 670 3888; x_wconf 88' lang='lat' dir='ltr'><strong>ll.</strong></span> <span class='ocrx_word' id='word_1_236' title='bbox 682 3837 744 3903; x_wconf 84' lang='lat' dir='ltr'><strong>Cap.</strong></span> <span class='ocrx_word' id='word_1_237' title='bbox 791 3844 864 3902; x_wconf 86' lang='lat' dir='ltr'><strong>sent,</strong></span> <span class='ocrx_word' id='word_1_238' title='bbox 888 3839 1043 3891; x_wconf 80' lang='lat' dir='ltr'><strong>Anthedona</strong></span> <span class='ocrx_word' id='word_1_239' title='bbox 1068 3842 1093 3890; x_wconf 88' lang='lat' dir='ltr'><strong>el</strong></span> <span class='ocrx_word' id='word_1_240' title='bbox 1121 3839 1215 3891; x_wconf 87' lang='lat' dir='ltr'><strong>Gazam</strong></span> <span class='ocrx_word' id='word_1_241' title='bbox 1240 3839 1363 3893; x_wconf 81' lang='lat' dir='ltr'><strong>funditus</strong></span> 
     </span>
     <span class='ocr_line' id='line_1_27' title="bbox 176 3901 974 3992; baseline -0.006 -19"><span class='ocrx_word' id='word_1_242' title='bbox 176 3921 258 3973; x_wconf 81' lang='lat' dir='ltr'><strong>XVltl</strong></span> <span class='ocrx_word' id='word_1_243' title='bbox 273 3938 279 3973; x_wconf 89' lang='lat'>:</span> <span class='ocrx_word' id='word_1_244' title='bbox 293 3924 316 3971; x_wconf 89' lang='lat' dir='ltr'><strong>t.</strong></span> <span class='ocrx_word' id='word_1_245' title='bbox 328 3907 465 3991; x_wconf 79' lang='grc' dir='ltr'>Αντεσχε</span> <span class='ocrx_word' id='word_1_246' title='bbox 478 3901 510 3968; x_wconf 78' lang='lat' dir='ltr'><strong>de</strong></span> <span class='ocrx_word' id='word_1_247' title='bbox 523 3902 591 3969; x_wconf 78' lang='lat' dir='ltr'><strong>code</strong></span> <span class='ocrx_word' id='word_1_248' title='bbox 604 3902 745 3992; x_wconf 79' lang='grc' dir='ltr'>Σεβαστη</span> <span class='ocrx_word' id='word_1_249' title='bbox 790 3927 949 3974; x_wconf 83' lang='lat' dir='ltr'><strong>everterunt</strong></span> <span class='ocrx_word' id='word_1_250' title='bbox 963 3943 974 3968; x_wconf 72' lang='lat' dir='ltr'><strong>t</strong></span> 
     </span>
    </p>
   </div>
   <div class='ocr_carea' id='block_1_5' title="bbox 175 3992 1362 4500">
    <p class='ocr_par' dir='ltr' id='par_1_6' title="bbox 176 3992 740 4087">
     <span class='ocr_line' id='line_1_28' title="bbox 176 3992 740 4087; baseline 0.004 -29"><span class='ocrx_word' id='word_1_251' title='bbox 176 4020 243 4070; x_wconf 85' lang='grc' dir='ltr'><strong>ταις</strong></span> <span class='ocrx_word' id='word_1_252' title='bbox 255 4003 362 4087; x_wconf 77' lang='grc' dir='ltr'><strong>ὁρμαις</strong></span> <span class='ocrx_word' id='word_1_253' title='bbox 375 4020 486 4072; x_wconf 75' lang='lat' dir='ltr'><strong>aaron,</strong></span> <span class='ocrx_word' id='word_1_254' title='bbox 495 3992 564 4060; x_wconf 77' lang='lat' dir='ltr'><strong>coda</strong></span> <span class='ocrx_word' id='word_1_255' title='bbox 576 3994 740 4060; x_wconf 65' lang='lat' dir='ltr'><strong>Autolol·</strong></span> 
     </span>
    </p>

    <p class='ocr_par' dir='ltr' id='par_1_7' title="bbox 175 4083 1362 4500">
     <span class='ocr_line' id='line_1_29' title="bbox 176 4083 1362 4176; baseline 0.005 -28"><span class='ocrx_word' id='word_1_256' title='bbox 176 4083 246 4149; x_wconf 77' lang='grc' dir='ltr'>αλλ’</span> <span class='ocrx_word' id='word_1_257' title='bbox 262 4111 309 4150; x_wconf 79' lang='lat' dir='ltr'><strong>eat</strong></span> <span class='ocrx_word' id='word_1_258' title='bbox 326 4111 450 4160; x_wconf 83' lang='grc' dir='ltr'><strong>ταυταις</strong></span> <span class='ocrx_word' id='word_1_259' title='bbox 470 4084 741 4176; x_wconf 74' lang='grc' dir='ltr'><strong>πυρποληθεισαις,</strong></span> <span class='ocrx_word' id='word_1_260' title='bbox 822 4101 841 4162; x_wconf 87' lang='lat'><strong>¹)</strong></span> <span class='ocrx_word' id='word_1_261' title='bbox 859 4102 974 4152; x_wconf 84' lang='lat' dir='ltr'><strong>Verbum</strong></span> <span class='ocrx_word' id='word_1_262' title='bbox 985 4110 1045 4172; x_wconf 85' lang='grc' dir='ltr'><strong>εχω</strong></span> <span class='ocrx_word' id='word_1_263' title='bbox 1060 4101 1241 4153; x_wconf 87' lang='lat' dir='ltr'><strong>inistiusmodi</strong></span> <span class='ocrx_word' id='word_1_264' title='bbox 1253 4103 1362 4155; x_wconf 85' lang='lat' dir='ltr'><strong>vocibus</strong></span> 
     </span>
     <span class='ocr_line' id='line_1_30' title="bbox 175 4172 1360 4250; baseline -0.002 -9"><span class='ocrx_word' id='word_1_265' title='bbox 175 4172 333 4250; x_wconf 69' lang='lat' dir='ltr'><strong>donodono</strong></span> <span class='ocrx_word' id='word_1_266' title='bbox 342 4202 392 4240; x_wconf 85' lang='grc' dir='ltr'><strong>και</strong></span> <span class='ocrx_word' id='word_1_267' title='bbox 406 4179 507 4249; x_wconf 82' lang='grc' dir='ltr'>Γαζαν</span> <span class='ocrx_word' id='word_1_268' title='bbox 520 4201 737 4242; x_wconf 72' lang='grc' dir='ltr'>κατεσκαπτον,</span> <span class='ocrx_word' id='word_1_269' title='bbox 788 4185 938 4249; x_wconf 87' lang='lat' dir='ltr'><strong>compositis</strong></span> <span class='ocrx_word' id='word_1_270' title='bbox 951 4187 1105 4250; x_wconf 86' lang='lat' dir='ltr'><strong>potestatam</strong></span> <span class='ocrx_word' id='word_1_271' title='bbox 1124 4183 1202 4235; x_wconf 86' lang='lat' dir='ltr'><strong>hahet</strong></span> <span class='ocrx_word' id='word_1_272' title='bbox 1219 4185 1360 4239; x_wconf 82' lang='lat' dir='ltr'><strong>verborum</strong></span> 
     </span>
     <span class='ocr_line' id='line_1_31' title="bbox 175 4256 1358 4350; baseline 0.003 -28"><span class='ocrx_word' id='word_1_273' title='bbox 175 4271 234 4324; x_wconf 85' lang='lat' dir='ltr'><strong>ho.</strong></span> <span class='ocrx_word' id='word_1_274' title='bbox 251 4273 372 4324; x_wconf 77' lang='lat' dir='ltr'><strong>«Eorum</strong></span> <span class='ocrx_word' id='word_1_275' title='bbox 388 4274 537 4325; x_wconf 88' lang='lat' dir='ltr'><strong>incursibus</strong></span> <span class='ocrx_word' id='word_1_276' title='bbox 556 4274 619 4339; x_wconf 88' lang='lat' dir='ltr'><strong>(scil.</strong></span> <span class='ocrx_word' id='word_1_277' title='bbox 632 4275 743 4327; x_wconf 87' lang='lat' dir='ltr'><strong>Iudaeo·</strong></span> <span class='ocrx_word' id='word_1_278' title='bbox 789 4256 1358 4350; x_wconf 76' lang='grc' dir='ltr'><strong>φυλαττειν,επιμελεισθαι,κηδεσ6αι.</strong></span> 
     </span>
     <span class='ocr_line' id='line_1_32' title="bbox 175 4354 1360 4423; baseline 0.007 -21"><span class='ocrx_word' id='word_1_279' title='bbox 175 4354 243 4419; x_wconf 87' lang='lat' dir='ltr'><strong>rum)</strong></span> <span class='ocrx_word' id='word_1_280' title='bbox 263 4368 349 4421; x_wconf 88' lang='lat' dir='ltr'><strong>neque</strong></span> <span class='ocrx_word' id='word_1_281' title='bbox 367 4354 475 4407; x_wconf 82' lang='lat' dir='ltr'><strong>Sebaste</strong></span> <span class='ocrx_word' id='word_1_282' title='bbox 490 4356 638 4421; x_wconf 84' lang='lat' dir='ltr'><strong>resistebat,</strong></span> <span class='ocrx_word' id='word_1_283' title='bbox 658 4370 744 4423; x_wconf 88' lang='lat' dir='ltr'><strong>nequo</strong></span> <span class='ocrx_word' id='word_1_284' title='bbox 789 4357 853 4409; x_wconf 84' lang='lat' dir='ltr'><strong>Vide</strong></span> <span class='ocrx_word' id='word_1_285' title='bbox 865 4356 978 4409; x_wconf 85' lang='lat' dir='ltr'><strong>Fischeri</strong></span> <span class='ocrx_word' id='word_1_286' title='bbox 988 4355 1161 4408; x_wconf 80' lang='lat' dir='ltr'><strong>Proloctonca</strong></span> <span class='ocrx_word' id='word_1_287' title='bbox 1169 4357 1279 4410; x_wconf 77' lang='lat' dir='ltr'><strong>devitiis</strong></span> <span class='ocrx_word' id='word_1_288' title='bbox 1289 4358 1360 4410; x_wconf 79' lang='lat' dir='ltr'><strong>teaci-</strong></span> 
     </span>
     <span class='ocr_line' id='line_1_33' title="bbox 175 4437 1358 4500; baseline 0.005 -12"><span class='ocrx_word' id='word_1_289' title='bbox 175 4437 299 4500; x_wconf 72' lang='lat' dir='ltr'><strong>Ascalcm</strong></span> <span class='ocrx_word' id='word_1_290' title='bbox 320 4438 365 4491; x_wconf 85' lang='lat' dir='ltr'><strong>sod</strong></span> <span class='ocrx_word' id='word_1_291' title='bbox 383 4452 443 4491; x_wconf 91' lang='lat' dir='ltr'><strong>cum</strong></span> <span class='ocrx_word' id='word_1_292' title='bbox 460 4453 503 4492; x_wconf 83' lang='lat' dir='ltr'><strong>aas</strong></span> <span class='ocrx_word' id='word_1_293' title='bbox 519 4441 631 4493; x_wconf 87' lang='lat' dir='ltr'><strong>llammis</strong></span> <span class='ocrx_word' id='word_1_294' title='bbox 642 4445 743 4493; x_wconf 85' lang='lat' dir='ltr'><strong>vastas-</strong></span> <span class='ocrx_word' id='word_1_295' title='bbox 790 4454 881 4491; x_wconf 83' lang='lat' dir='ltr'><strong>corum</strong></span> <span class='ocrx_word' id='word_1_296' title='bbox 893 4440 965 4493; x_wconf 83' lang='lat' dir='ltr'><strong>Nooi</strong></span> <span class='ocrx_word' id='word_1_297' title='bbox 976 4439 1141 4492; x_wconf 74' lang='lat' dir='ltr'><strong>Testamenti.</strong></span> <span class='ocrx_word' id='word_1_298' title='bbox 1152 4438 1253 4490; x_wconf 90' lang='lat' dir='ltr'><strong>Prolus.</strong></span> <span class='ocrx_word' id='word_1_299' title='bbox 1264 4442 1306 4492; x_wconf 80' lang='lat' dir='ltr'><strong>at.</strong></span> <span class='ocrx_word' id='word_1_300' title='bbox 1316 4442 1358 4494; x_wconf 81' lang='lat' dir='ltr'><strong>tv.</strong></span> 
     </span>
    </p>
   </div>
   <div class='ocr_carea' id='block_1_6' title="bbox 0 0 1542 5054">
    <p class='ocr_par' dir='ltr' id='par_1_8' title="bbox 0 0 1542 5054">
     <span class='ocr_line' id='line_1_34' title="bbox 0 0 1542 5054; baseline 0 4"><span class='ocrx_word' id='word_1_301' title='bbox 0 0 1542 5054; x_wconf 95' lang='lat' dir='ltr'><strong> </strong></span> 
     </span>
    </p>
   </div>
  </div>
 </body>
</html>
