3074 5054
400 377 540 444 CAPUT
573 374 704 457 XXVi,
743 375 865 444 VERS.
903 378 1026 443 (i—ii.
1227 379 1291 444 559

108 567 296 637 tantumdem
309 567 349 635 sit
364 588 400 635 ac
416 590 487 654 spes
505 570 683 654 promisso,
702 566 736 633 ιι.
755 586 784 632 ι.
806 587 862 655 per
884 567 1105 653 Metonymiam
1126 591 1133 633 :
1154 568 1292 634 Messias

107 691 248 781 patribus
261 691 395 772 uostriS,
409 674 605 774 Abrahamo,
622 691 746 770 isaaco,
765 689 878 757 Iacobo
889 739 897 770 ,
909 693 1098 774 promissus.
1113 689 1291 757 Promissus

106 817 159 884 hie
174 817 306 885 Messias
328 826 362 884 ut
385 817 447 884 cito
470 799 605 897 veniret,
630 825 665 882 ut
688 814 807 881 ueniret
832 815 863 881 iu
892 813 1003 882 diebus
1021 814 1104 897 suis,
1133 815 1290 883 lsrailitae

105 948 194 1015 Pauli
216 947 393 1026 coaetanei,
411 956 444 1012 ut
461 959 491 1012 et
506 944 620 1011 horum
645 943 771 1032 proavi,
800 942 925 1011 assidue
944 943 1161 1032 precabantur.
1182 981 1226 993 -
1242 967 1290 1008 επι

104 1072 160 1161 (de
176 1078 284 1161 causa)
305 1082 451 1157 propter,
475 1080 508 1136 ut
531 1066 643 1136 Matth.
661 1069 755 1147 xtx,
771 1069 804 1134 9.
824 1105 867 1116 -
888 1067 963 1158 Περι
980 1068 1031 1145 ἡς,
1054 1068 1090 1132 od
1106 1091 1215 1154 quem,
1236 1068 1289 1136 uhi

105 1218 172 1286 περι
192 1193 336 1262 similiter
357 1192 471 1261 dieitur
493 1191 532 1260 de
552 1214 663 1274 ceusu,
689 1201 721 1258 ut
739 1211 833 1280 supra
850 1193 927 1280 Cap.
947 1193 1028 1259 XiX
1048 1217 1055 1259 :
1081 1194 1137 1261 ιι.
1156 1232 1199 1241 -
1216 1194 1290 1260 Em-

105 1319 217 1410 phasin
240 1317 332 1385 habet
357 1316 432 1385 iliud
453 1318 511 1380 ὑπο
534 1338 593 1380 των
613 1311 759 1379 Iordanen
777 1315 808 1381 in
828 1315 888 1381 fine
907 1315 1076 1382 sententiae
1092 1316 1239 1405 positum.
1254 1317 1290 1380 Τι

104 1446 243 1512 obsolute
264 1443 398 1532 positum
417 1461 474 1532 pro
492 1439 589 1527 quid!
612 1441 643 1507 iu
667 1440 716 1507 his
732 1439 839 1520 libris,
866 1450 1014 1528 quantum
1038 1440 1122 1520 scio,
1146 1441 1289 1530 nuspiam

106 1570 239 1638 occurit.
262 1566 311 1636 Ad
335 1567 605 1655 interrogationem
632 1575 732 1632 autem
758 1565 841 1631 iilam
866 1565 949 1653 quod
967 1565 1094 1647 attinet,
1120 1565 1289 1633 obscurum

105 1705 167 1776 ιιι,
186 1704 221 1761 ut
233 1693 309 1761 mihi
331 1691 456 1782 quidem
473 1690 607 1771 videtur,
626 1692 688 1780 qud
705 1690 820 1759 tendat.
836 1690 1043 1773 Coniecerim,
1060 1711 1126 1759 eam
1144 1690 1233 1780 dirigi
1251 1690 1288 1759 ad

104 1828 301 1885 accusatores
318 1814 406 1883 Pauli
424 1813 620 1882 Sadducaeos
637 1813 690 1904 (ci.
709 1815 786 1904 Cap.
805 1815 903 1883 XXV
919 1841 926 1883 :
941 1813 993 1897 ι),
1013 1815 1065 1904 qui
1084 1814 1126 1882 ibi
1144 1835 1288 1904 praesen·

105 1949 151 2004 tes
167 1937 321 2005 adessent.
341 1936 422 2007 Vide
441 1956 520 2025 quae
536 1937 709 2004 notavimus
721 1936 759 2004 ad
776 1937 853 2025 Cap.
875 1937 987 2004 XXIV
1006 1962 1014 2005 ε
1033 1938 1090 2005 ιι.
1105 1975 1148 1986 -
1165 1937 1290 2005 Dicitur

105 2060 306 2150 inpraesenti
323 2083 446 2150 eyerpei,
466 2060 538 2149 quia
554 2071 750 2128 mortuorum
767 2062 961 2130 resuscitatio
978 2060 1039 2129 hoc
1056 2063 1124 2129 loco
1138 2081 1199 2129 uun
1216 2083 1289 2129 con«

97 2185 259 2254 siderentur
282 2197 438 2273 tamquam
465 2188 586 2269 sectum
608 2187 754 2269 atiqeiod,
781 2185 835 2253 sed
861 2198 1015 2274 tamquam
1039 2189 1175 2269 dopmu5
1194 2206 1290 2275 quare

105 2331 167 2378 non
184 2307 244 2392 ὁτι,
262 2308 317 2378 sed
334 2332 357 2372 ει
374 2309 638 2394 problematieum
655 2307 833 2376 adhibetur.

149 2550 272 2615 e-tr.
300 2551 344 2615 Ει
372 2568 425 2631 epo
453 2550 597 2633 quidem,
628 2549 715 2630 etc).
746 2549 861 2615 Dicere
889 2550 949 2616 iam
979 2550 1079 2639 pergit
1103 2550 1288 2639 ApostoiuS,

104 2672 259 2761 quomodo
273 2693 310 2739 ex
328 2673 480 2740 acerrimo
497 2672 723 2762 discipulorum
743 2675 812 2740 lesu
830 2684 1030 2762 persecutore
1048 2673 1146 2741 iactus
1162 2673 1203 2739 sit
1218 2673 1287 2761 ipse

103 2796 242 2879 eiusdem
261 2797 454 2887 discipuiuS,
475 2799 536 2864 imo
554 2808 584 2864 ct
603 2818 727 2886 praeco.
747 2799 902 2866 Particula
924 2821 974 2862 oua
992 2809 1039 2866 est
1055 2798 1106 2865 hie
1125 2801 1289 2883 perperenis

104 2924 135 2990 in
152 2921 322 3000 narrando,
337 2934 372 2991 ut
387 2943 481 3011 supra
494 2923 570 3011 Cap.
590 2923 667 2990 Viil
689 2947 696 2989 :
716 2926 776 3004 253
793 2946 846 3011 per
860 2935 978 3004 autem,
994 2923 1077 3012 quod
1091 2922 1143 2991 hic
1160 2924 1287 3011 iegitur,
1406 3008 1409 3013 Ι

103 3050 281 3114 solitarium
307 3058 369 3128 est,
397 3057 430 3114 ut
452 3048 528 3136 Cap.
555 3047 585 3116 V
609 3073 617 3113 ε
644 3049 704 3129 ιι,
730 3060 760 3115 ιι
783 3047 877 3115 afficit
893 3067 1001 3114 vocem
1022 3042 1128 3128 ειοξα,
1155 3059 1189 3114 ut
1210 3046 1288 3115 adeo

102 3172 218 3240 Paulus
234 3171 294 3239 Sibi
311 3172 384 3239 velit
407 3196 414 3237 :
435 3173 506 3261 Εγω
531 3195 582 3236 ουν
598 3169 686 3250 adaia
712 3197 765 3260 peu
783 3197 918 3260 ιμαυτῳ,
936 3198 966 3236 κ.
982 3197 1011 3239 τ.
1028 3168 1057 3234 λ.
1078 3170 1193 3239 Confer
1210 3191 1289 3261 quac

102 3296 275 3363 notavimus
287 3294 325 3362 ad
338 3298 414 3386 Cap.
430 3298 525 3364 XXll
541 3323 549 3364 ε
566 3300 599 3365 5.
615 3299 792 3366 -Graeca
809 3300 855 3366 sic
873 3299 981 3365 Latine
998 3297 1127 3365 tiberius
1144 3295 1288 3364 reddide-

103 3420 163 3487 rim
190 3445 197 3487 :
228 3421 293 3508 Ego
320 3443 393 3505 erpo
418 3426 492 3511 (cua)
510 3421 583 3488 oiim
613 3423 697 3489 visus
721 3425 847 3508 quidem
872 3422 951 3508 (μιν)
979 3420 1056 3488 mihi
1086 3440 1156 3488 sum
1183 3415 1287 3509 (edoie

103 3544 241 3634 εμαυτῳ)
257 3545 279 3610 i.
299 3566 328 3612 ι.
347 3546 541 3627 existimavi,
562 3566 612 3612 me
631 3556 776 3635 oportere
796 3567 872 3629 erpo
891 3545 987 3634 (προς)
1008 3563 1120 3611 nomen
1138 3545 1209 3610 lesu
1225 3543 1288 3610 Na-

102 3668 203 3735 zareni
224 3668 319 3736 multa
341 3670 496 3737 contraria
517 3669 668 3757 (hostilia)
688 3690 799 3757 agere3
816 3667 848 3736 id
864 3667 1052 3757 quodetiam
1068 3666 1127 3733 ieci
1141 3667 1289 3734 Hieroso-

103 3790 222 3877 lymae;
242 3805 271 3858 ιι
294 3796 421 3879 quidem
445 3792 527 3883 (και)
545 3793 658 3861 multos
684 3815 721 3858 ex
739 3792 936 3860 Christianis
952 3789 1027 3880 (των
1053 3787 1165 3881 dynato)
1184 3809 1239 3877 ego
1257 3790 1288 3856 in

102 3938 244 3986 carceres
261 3919 390 4000 inclusi,
411 3930 537 4009 accepta
555 3918 593 3987 ad
606 3918 667 3987 hoc
680 3918 856 3986 iaciendum
869 3940 888 3983 a
899 3903 1112 3983 sacerdotibus
1125 3917 1286 4001 principi·

102 4044 157 4109 due
174 4043 270 4133 (παρα
285 4067 344 4107 των
361 4042 538 4134 αρχιερεων)
555 4052 723 4132 potestate3
743 4054 773 4109 ιι
791 4064 890 4127 quum
908 4045 1096 4108 atterentur
1108 4039 1288 4130 (coepepe-

102 4190 161 4230 νων
189 4189 220 4230 τε
244 4167 355 4250 aurun)
380 4188 397 4234 e
422 4168 498 4247 vita,
528 4187 634 4234 necem
665 4167 804 4256 ipsorum
833 4188 962 4233 asserere
990 4187 1057 4232 meo
1084 4165 1288 4249 comprobavi

102 4294 282 4382 (earnuepae
304 4291 425 4383 ψηφον).
448 4294 486 4359 Ει
502 4291 625 4359 obibam
644 4311 751 4359 omues
767 4291 1009 4377 Hierosolymoe
1024 4312 1201 4377 cynopaene
1220 4290 1287 4377 (τας

104 4416 296 4506 συναγωγας)
317 4414 357 4483 ad
375 4415 568 4485 Christianos
585 4416 628 4484 ibi
650 4414 946 4504 deprehendendum
967 4426 996 4482 et
1014 4420 1198 4503 frequenter
1219 4417 1286 4481 attis
