3074 5054
431 414 571 482 CAPUT
607 416 707 495 ΧΙΙΙ,
744 417 866 485 VERS.
905 419 1051 486 30-55.
1262 417 1327 483 547

139 605 288 673 Messinm
311 606 507 696 praedicant,
532 619 561 672 et
586 630 643 673 nos
666 613 794 692 pariter
817 611 902 676 vobis
926 613 993 698 (και
1015 610 1099 694 ἡμεις
1124 608 1215 694 ipae)
1239 619 1324 674 extra

142 728 289 796 ludaenm
318 742 347 798 et
371 731 540 800 Galilaeam
568 733 749 820 degentibus
773 735 991 801 annuntiamus
1018 732 1129 800 laetam
1155 732 1326 799 maioribus

143 855 261 922 nostris
277 856 516 944 promissionem
534 856 572 924 de
589 858 703 924 Massia
721 877 759 923 ex
775 859 893 924 semine
909 858 1038 925 Doridis
1056 856 1225 934 mittendo,
1244 861 1329 942 qnod

145 997 259 1067 nempe
273 980 355 1044 hano
370 981 610 1067 promissionem
626 983 712 1046 Dens
728 980 787 1068 (ὁτι
804 1005 915 1056 ταυτην
932 987 946 1046 ὁ
964 981 1052 1067 (hang)
1067 984 1202 1065 posteris
1219 1003 1329 1047 eornm

145 1099 224 1187 (τοις
251 1126 363 1177 τεκνοις
387 1126 501 1180 aaran,
521 1104 550 1169 itt
570 1105 682 1171 Dalivo
709 1104 900 1186 Commodi),
931 1105 1040 1185 nobiS,
1068 1106 1194 1192 inquam
1211 1104 1329 1193 (q‘qu)

148 1235 245 1292 ratam
268 1224 341 1292 lenit
363 1226 428 1292 sive
448 1229 635 1310 adimplevit
662 1224 918 1315 (εκπεπληρωκε),
942 1228 1050 1293 lesam
1080 1227 1227 1294 lsrailitis
1254 1231 1329 1292 mit-

152 1355 241 1416 tendo
257 1349 447 1439 (αναστησας
472 1353 604 1429 Ιησουν).
623 1389 667 1401 -
683 1352 775 1437 Quod
794 1351 845 1419 hic
871 1352 946 1418 dicit
963 1352 1130 1440 Apostolus
1155 1375 1330 1425 αναστησας

152 1469 274 1554 leonae,
295 1475 479 1541 sumendum
505 1475 565 1542 hoo
588 1475 708 1542 videtur
734 1496 793 1542 non
819 1475 857 1542 de
880 1479 1055 1541 revocando
1080 1478 1116 1539 ia
1138 1478 1255 1553 vitam,
1274 1473 1327 1539 setl

79 1550 85 1661 l
157 1592 190 1660 de
208 1600 377 1675 mittendo,
396 1600 576 1664 hominihus
596 1601 784 1682 exhibendo,
805 1603 1058 1684 rnoriilestoado,
1077 1611 1111 1665 ut
1134 1619 1226 1686 supra
1248 1600 1323 1687 Cap.

159 1713 184 1782 ΙΙΙ
203 1746 210 1785 :
229 1723 292 1802 ΙΙ,
311 1724 366 1789 26.

194 1847 380 1910 nicetetia
404 1847 533 1911 Psalmo
556 1851 690 1913 secando
713 1852 867 1932 scriptam
891 1860 935 1913 est
956 1871 964 1907 .·
984 1849 1087 1913 Filias
1110 1869 1197 1912 meas
1221 1869 1252 1911 es
1276 1858 1328 1926 to,

149 1987 202 2048 eqo
218 1973 309 2035 hodie
324 1975 420 2054 qenai
435 1970 491 2059 te).
511 1973 614 2039 lesum
637 1975 830 2041 Nazarenum
857 1995 928 2041 eum
945 1993 1032 2052 esso,
1052 1994 1212 2061 anemae,
1233 1993 1328 2060 quum

137 2085 230 2160 inter
246 2093 387 2161 homines
403 2106 590 2176 versaretur,
611 2097 818 2185 praedicabat,
838 2119 949 2187 nempe
962 2098 1149 2186 promissum
1167 2097 1326 2176 Messinm,

127 2226 190 2280 ex
216 2216 392 2283 testimonio
416 2217 572 2305 Baptistae
597 2219 635 2285 de
661 2221 732 2287 lesu
756 2219 929 2308 (at-25),
948 2232 977 2286 et
1001 2240 1039 2285 ex
1066 2221 1134 2286 eius
1157 2241 1173 2285 a
1199 2221 1330 2287 mortuis

114 2340 380 2407 reson-emona
396 2340 560 2429 (to—tt)
573 2343 688 2410 Paulus
708 2343 856 2411 haetenus
874 2344 1069 2433 probaverat.
1087 2345 1179 2410 Nune
1195 2364 1282 2421 vero,
1297 2344 1327 2408 in

101 2463 415 2530 confirmationem
443 2485 516 2530 suae
545 2464 686 2546 theseos,
708 2466 833 2535 adduoit
859 2467 1087 2555 Prophetarum
1117 2467 1261 2547 oracula,
1291 2467 1328 2532 ad

91 2586 393 2669 ostendendum,
424 2592 454 2655 in
484 2590 586 2656 lesum
618 2593 810 2658 Nazarenum
839 2590 1010 2679 quadrare,
1042 2610 1120 2678 qnae
1148 2591 1186 2656 de
1214 2591 1327 2656 Massia

83 2705 279 2778 venturo
302 2711 423 2779 fuerant
444 2713 611 2801 praedicta.
639 2715 679 2780 Et
701 2714 761 2782 dno
783 2715 907 2805 quidem
930 2712 1039 2801 allegat
1065 2713 1211 2779 oracula:
1232 2733 1325 2778 unum

79 2820 190 2904 (le
206 2840 320 2906 Messia
336 2841 434 2929 palam
460 2839 574 2906 mundo
599 2839 793 2920 exhibendo,
811 2841 941 2907 alterum
959 2840 996 2908 de
1013 2838 1122 2906 eodem
1140 2859 1156 2904 a
1173 2849 1272 2903 morte
1288 2837 1324 2903 ad

79 2949 156 3006 V
172 2961 244 3028 itam
262 2961 447 3029 revocando.

198 3087 285 3152 lesus
308 3086 368 3152 diei
392 3095 492 3173 potest
516 3096 589 3152 tune
613 3097 769 3174 tamquam
793 3086 924 3152 Messias
948 3085 1062 3151 missus
1087 3084 1249 3172 palamque
1273 3087 1326 3148 ho-

92 3213 292 3278 ‘minibus
313 3215 469 3278 exhibitos
493 3211 606 3290 luisse,
630 3211 752 3300 quando
773 3213 803 3278 in
822 3211 985 3279 Iordanen
1006 3183 1325 3298 loannehaptizatuS,

105 3329 276 3414 (naith.
306 3334 353 3421 ΙΙΙ)
382 3357 456 3402 voce
484 3335 608 3425 delapsa
633 3356 649 3401 e
672 3336 758 3403 ooelo
783 3335 931 3403 divinitus
956 3336 1130 3402 declaratus
1154 3333 1212 3401 luit
1238 3337 1327 3417 filias

128 3456 221 3528 Ilei.
241 3463 351 3527 Putem
368 3471 488 3548 autem,
508 3462 733 3525 exhibitionem
749 3460 814 3526 sive
833 3463 1019 3524 missionem
1043 3457 1122 3524 hane
1139 3457 1327 3546 praedictam

126 3583 246 3651 fuisse
270 3585 374 3651 verhis
397 3584 511 3651 Psalmi
529 3605 546 3651 a
563 3585 658 3651 Paulo
684 3585 735 3651 hio
761 3584 884 3650 citatis:
907 3584 1060 3648 Dominus
1080 3584 1162 3646 dimit
1187 3585 1229 3646 od
1249 3604 1324 3647 me:

132 3712 256 3776 Pilius
272 3732 359 3776 meas
376 3733 407 3776 es
423 3722 474 3790 ta,
493 3732 547 3793 eqo
569 3713 658 3775 hodie
680 3713 776 3793 qentni
797 3720 837 3774 te.
866 3709 972 3794 ltaque
996 3705 1089 3772 verba
1114 3704 1190 3771 haec
1213 3706 1327 3772 Paulus

146 3835 341 3913 recitaverit,
360 3846 394 3901 ut
417 3835 578 3924 probaret,
599 3835 629 3900 in
649 3836 719 3900 lesu
743 3833 900 3900 Nazareno
918 3852 1007 3898 suum
1026 3829 1172 3896 habuisse
1189 3831 1328 3919 eomple-

152 3968 302 4028 mentum²
320 3959 365 4040 id,
380 3960 462 4048 quod
479 3959 517 4026 de
533 3958 648 4026 Massia
661 3957 759 4025 luerat
772 3955 976 4046 praediolum.
993 3953 1196 4020 Exhibendns
1213 3953 1327 4020 mundo

184 4209 202 4274 ¹)
212 4211 356 4260 vnnmnor.
367 4208 416 4260 Pro
427 4215 526 4256 anama
542 4195 612 4278 ἡμιν
622 4207 717 4269 legitor
762 4217 788 4266 p.
800 4203 863 4263 tao,
877 4202 904 4251 in
918 4200 980 4252 edit.
995 4200 1065 4252 Mon.
1079 4199 1159 4264 cong.
1177 4199 1204 4250 S.
1224 4198 1306 4250 Mauri
1323 4213 1330 4248 ε

152 4285 715 4369 hpmvincodd.ABC*D,quamlectionem
762 4272 801 4333 TO
823 4293 942 4355 silwim
969 4293 1002 4332 ῖθ
1031 4269 1136 4357 ἁγῑθν,
1155 4282 1257 4348 iniusti
1276 4261 1329 4330 δια

152 4384 226 4435 enam
240 4383 576 4448 t'ntgatanostraexhtnet.
760 4385 828 4434 τους
845 4361 1059 4449 ανθρωπουςω
1085 4382 1114 4422 εν
1136 4354 1206 4421 etta
1228 4379 1329 4447 περισ-

183 4474 202 4539 Ἰ
221 4474 248 4527 S.
265 4475 380 4526 lustinus
392 4475 465 4542 [Dial.
488 4489 547 4526 oum
559 4473 713 4540 Tryphone,
761 4474 846 4542 ῒῑραέ
871 4474 981 4524 ananau
1002 4474 1103 4537 αυΐῳ,
1122 4474 1172 4512 aar
1197 4471 1277 4540 φωνη
1299 4471 1330 4511 87*
