3074 5054
463 389 601 456 CAPUT
636 390 751 470 xvtt,
790 388 911 455 VERS.
952 389 1097 457 tta—20.
1306 390 1372 456 tat

191 577 290 645 aialim
319 578 361 644 ita
388 577 535 645 dicuntur
569 581 711 644 cornices
739 579 941 663 srecaiaarae,
972 581 1023 643 die
1050 576 1292 644 Saatlndben...
1322 576 1372 644 nb

190 699 297 769 iisdem
327 700 437 771 avibus
469 701 610 770 deaurata
640 700 839 792 metaphora,
872 699 1099 794 σπερμολογους
1130 700 1243 770 Graeci
1271 700 1372 767 nami-

190 825 298 892 nabant
326 843 498 914 pauperae,
528 826 581 915 qui
619 826 721 893 laeum
757 824 957 906 oberrantes,
986 825 1013 892 si
1043 825 1119 915 quid
1147 844 1184 892 ex
1214 825 1371 893 mercibus

188 961 216 1016 et
235 961 442 1018 mercatorum
470 951 603 1020 sarcinis
630 952 661 1019 in
687 964 800 1020 tecnam
822 951 998 1032 decideret,
1023 951 1181 1039 legebant,
1210 953 1369 1044 vitamque

191 1073 246 1142 hcc
271 1086 403 1163 quaestu
435 1076 659 1145 sustentabant.
691 1075 835 1144 Eustatb.
864 1076 902 1143 ad
935 1077 1030 1145 Ham.
1061 1075 1179 1164 odyss.
1199 1098 1246 1144 vs.
1272 1080 1367 1146 iit:

189 1197 398 1290 Σπερμολογος
424 1196 502 1275 cudae
532 1223 614 1264 εστιν
650 1223 752 1292 cavean
789 1198 971 1288 λωβωμενον
998 1224 1038 1263 τα
1066 1223 1249 1290 σπερματα,
1278 1199 1308 1276 εξ
1336 1203 1371 1266 οὑ

190 1329 214 1390 ai
240 1323 383 1400 Αθηναιοι
415 1323 640 1418 σπερμολογους
670 1324 798 1390 εκαλουν
825 1349 895 1400 τους
922 1348 989 1416 περι
1018 1348 1149 1417 εμπορια
1176 1350 1227 1389 και
1259 1349 1372 1419 αγορας

190 1443 399 1540 διατριβοντας
419 1444 473 1514 δια
494 1472 528 1512 το
550 1448 750 1539 αναλεγεσθαι
765 1472 805 1512 τα
821 1473 854 1512 εκ
869 1472 929 1512 των
952 1471 1083 1540 capriata
1101 1471 1301 1541 απορρεοντα,
1320 1466 1371 1514 nat

191 1567 292 1662 διαζῃν
309 1595 342 1636 εκ
356 1595 484 1638 τουτων.
504 1575 585 1640 Hinc
601 1574 643 1639 ita
658 1572 732 1640 dicti
746 1581 819 1640 sunt
834 1574 971 1638 abiectae
986 1575 1084 1638 sartis
1100 1575 1258 1650 baccinas,
1275 1576 1367 1655 viles,

191 1702 349 1779 contemti,
376 1701 659 1782 nulliuspiam...
679 1700 761 1765 Tum
781 1697 822 1763 ita
846 1715 972 1787 quaque
996 1696 1164 1785 nuncupati
1189 1707 1261 1762 suut
1275 1718 1371 1781 para-

191 1825 257 1907 siti,
276 1825 422 1889 lominica
436 1826 633 1891 scurrilitate
655 1835 686 1890 el
707 1823 941 1889 adulationibus
960 1826 1080 1890 victam
1095 1824 1157 1888 albi
1171 1835 1368 1909 quaerentes,

191 1957 214 2011 ct
240 1947 279 2010 de
306 1947 413 2011 aliena
435 1949 617 2014 niventes...
643 1945 692 2014 nb
719 1945 829 2014 avibus
853 1946 940 2026 istis,
967 1966 1046 2034 quae
1069 1962 1170 2033 neque
1192 1956 1284 2013 cantu
1311 1966 1369 2013 suo

190 2067 350 2151 delectant,
368 2069 422 2137 sed
438 2069 553 2157 garritu
572 2082 721 2160 perpetuo
739 2071 886 2138 molestae
902 2081 991 2151 sunt,
1011 2067 1217 2161 σπερμολογοι
1233 2070 1369 2160 denique

189 2193 275 2263 etiam
292 2191 366 2259 dicti
383 2204 456 2260 sunt
470 2205 657 2278 necatores,
675 2198 823 2280 cerradi,
845 2197 1038 2278 blaterantes,
1061 2197 1269 2279 cunilaqni.»
1293 2195 1371 2260 Pas·

188 2317 297 2384 lenione
317 2316 377 2385 hcc
394 2339 487 2385 sensu
503 2316 787 2411 vaxanepnoioyoe
810 2319 841 2385 in
867 2319 1020 2407 praesenti
1047 2316 1117 2384 laco
1141 2315 1291 2383 sumenda
1309 2327 1368 2382 est.

184 2474 227 2490 -
243 2441 384 2510 Gentiles
408 2445 482 2508 deas
504 2463 579 2510 suas
600 2443 666 2509 sive
688 2446 823 2510 neemiae
841 2441 976 2532 generali
1002 2441 1128 2508 nomine
1153 2460 1265 2507 vocene
1289 2440 1371 2507 sale-

182 2561 257 2633 bant
277 2561 427 2653 δαιμονας
449 2568 496 2634 vel
525 2564 689 2654 δαιμονια,
720 2588 799 2658 quae
826 2568 905 2636 duae
933 2587 1024 2635 vaces
1053 2565 1278 2654 significatione
1306 2587 1369 2634 nan

178 2688 343 2758 differunt.
362 2691 429 2757 Etsi
446 2710 519 2758 vena
543 2692 657 2758 Paulus
680 2691 802 2758 locutus
827 2690 925 2757 silenat
947 2690 985 2758 de
1009 2711 1073 2756 nna
1092 2691 1179 2770 lesu,
1199 2690 1249 2756 isti
1268 2700 1368 2757 tamen

176 2812 216 2882 iu
233 2814 350 2882 Plucali
369 2813 513 2882 dicabant
536 2812 624 2891 ξενων
649 2811 835 2902 dannanus,
858 2835 915 2903 pce
939 2814 1114 2897 Pluealem,
1134 2826 1166 2882 ut
1182 2815 1308 2904 apinae,
1326 2815 1370 2881 si-

176 2940 365 3028 gnificantes
380 2963 480 3025 aenas
497 2962 623 3025 rercnn,
643 2961 720 3030 quas
736 2941 852 3008 Paulus
869 2939 1081 3030 praedicabat.

232 3146 377 3215 tt—aa.
403 3146 447 3210 Et
473 3149 703 3230 apprehensam
731 3168 822 3224 enm,
852 3143 943 3232 eta).
976 3143 1118 3232 Canaque
1146 3144 1247 3210 eunica
1276 3143 1368 3212 moda

180 3288 277 3335 manu
301 3271 394 3334 illam
416 3272 660 3351 prehendissent
683 3265 960 3357 (ecclesiasticave
978 3267 1106 3357 aaron),
1124 3266 1281 3335 duxeruut
1298 3287 1367 3334 eunt

184 3395 220 3458 in
236 3391 318 3481 (επι)
334 3395 441 3458 callent
457 3395 616 3460 Martiam
639 3396 700 3476 (τον
723 3392 830 3485 Apatna
854 3395 984 3481 cayna),
1002 3402 1035 3458 ut
1058 3389 1100 3459 ibi
1118 3410 1136 3457 a
1153 3389 1267 3457 fanensi
1290 3401 1368 3457 stua-

185 3517 250 3605 pitu
276 3528 432 3594 remotus,
451 3516 585 3584 curiosis
611 3516 856 3585 Atheniensibus
872 3516 933 3605 (vs.
951 3517 1006 3594 Ἡ)
1023 3514 1197 3593 locuturus,
1224 3524 1307 3582 tanta
1324 3514 1368 3582 ia-

212 3742 230 3807 1)
246 3718 354 3809 Αρειος
376 3742 471 3808 παγος
491 3738 596 3803 proprie
619 3742 658 3790 est
677 3740 751 3791 callis
796 3709 862 3788 illud
889 3734 1060 3796 Atheniense,
1093 3735 1158 3801 qnia
1189 3735 1243 3786 illic
1274 3735 1365 3795 Mars,

184 3816 310 3869 Manlius.
340 3816 453 3869 Isidorus
481 3818 610 3871 Pelusiota
642 3821 689 3886 Ep.
718 3821 746 3870 9t
798 3832 826 3877 nt
851 3826 944 3886 aiunt,
967 3825 1094 3876 indiciam
1127 3824 1245 3876 subierit.
1276 3824 1368 3890 Panna

185 3898 261 3964 (apud
284 3899 422 3952 Sulffiium
443 3900 476 3952 ad
504 3901 529 3952 h·
554 3901 591 3967 v.)
614 3913 619 3948 ³
645 3887 751 3977 Ᾱρῑῑθς
797 3902 921 3991 (crayae)
938 3922 1026 3968 antem
1045 3922 1082 3966 est
1099 3915 1217 3968 sublimis
1235 3915 1316 3966 lacus.
1336 3915 1368 3966 ln

185 3996 279 4064 πάγος
296 3973 449 4052 finalem,
468 3981 570 4057 inquil,
583 4001 617 4040 TO
633 3978 752 4052 thln-
798 4001 866 4050 adita
882 4001 952 4050 enim
970 3999 1025 4050 lucc
1041 4000 1120 4050 silam
1138 4005 1196 4049 erat
1214 3998 1262 4049 boc
1279 3998 1367 4048 tribn-

186 4087 250 4153 naa
280 4061 494 4155 δικαστηριον,
518 4066 564 4129 tn
586 4065 684 4158 Anne,
711 4073 750 4142 ὡς
796 4091 852 4142 nal.
872 4090 1098 4142 tsnusntuunaus
1119 4089 1217 4141 iudices
1235 4090 1367 4140 vocaban-

185 4178 296 4310 Ξασιν,
312 4179 406 4219 eattae
423 4153 509 4230 dinan
527 4153 631 4224 edane.
647 4160 752 4248 Παγθς
798 4184 841 4232 tur
859 4181 1046 4248 Areopaqitaa.
1066 4181 1187 4234 Officium
1204 4184 1368 4232 annumerat

205 4251 253 4310 εὸ
279 4244 388 4332 idaiae
409 4271 508 4322 τοπος·
536 4271 565 4311 εν
589 4273 647 4338 γαρ
671 4250 752 4336 οχθῳ
797 4272 830 4322 aa
857 4273 1020 4335 gravioribus
1049 4273 1203 4324 criminans
1236 4271 1366 4335 auctare,

184 4359 240 4400 τινι
273 4360 307 4411 ην
346 4361 436 4401 anenno
472 4354 506 4402 ca
547 4335 750 4433 dunaccnptan.
797 4355 967 4419 atqueattam
986 4368 1076 4407 aunam
1093 4367 1182 4420 gerare
1203 4354 1240 4406 rai
1262 4353 1368 4418 religio-

184 4431 209 4484 h.
218 4448 241 4486 a.
254 4434 411 4500 Areopaans
423 4436 570 4488 coenatur
580 4437 752 4490 dicastarinm
798 4450 851 4489 saa.
