3074 5054
249 377 314 445 578
473 376 475 381 ’
596 375 731 443 ACTUS
764 372 1093 475 APOSTOLORUM,

246 566 329 633 tione
342 564 503 646 Abraham
518 563 601 653 apud
613 567 768 631 Wetsteu.
784 563 823 631 ad
840 563 872 630 b.
892 561 931 642 l.)
948 589 956 630 :
970 567 1073 653 deasq
1089 587 1204 654 σκαφος
1216 565 1267 628 ὑπ’
1279 587 1423 628 suamve-u

245 710 423 775 nmuparuv
447 685 673 778 dinqepopevov.
692 725 736 736 —
759 687 931 777 Hpoaayav
956 686 1008 754 hia
1024 691 1229 754 intransitive
1250 688 1424 775 siguificat,

244 823 277 879 ut
293 835 376 901 ayuv
396 810 506 879 Mareu.
526 811 637 878 XXVl
656 837 664 878 ι
683 813 739 878 td.
759 812 860 877 Lucas
875 814 976 894 optice
992 810 1143 898 loquitur,
1161 831 1223 898 quo
1240 810 1333 877 modo
1349 811 1427 877 Vir-

243 935 337 1022 gilius
363 935 442 1002 dixit
471 962 478 998 :
508 936 720 1001 Provehimur
744 948 858 1020 portu,
888 934 991 1000 terrae
1013 937 1166 1019 urbesque
1192 955 1356 999 amenum.
1380 971 1427 982 —

244 1056 470 1131 denarratores
487 1059 612 1146 proprie
630 1056 708 1124 valet
724 1079 795 1124 eum
805 1061 953 1142 fecissent
964 1060 1185 1123 discessionem
1203 1054 1302 1142 (abeo
1319 1055 1423 1137 loeo);

244 1190 290 1245 est
302 1180 384 1246 enim
404 1181 435 1245 io
459 1180 584 1246 boristo
607 1181 725 1268 primo,
750 1180 781 1244 in
801 1199 864 1271 quo
883 1190 930 1244 est
946 1179 994 1246 vis
1008 1182 1111 1244 actim
1133 1179 1163 1244 io
1184 1176 1233 1243 his
1249 1176 1373 1254 verbiS,
1390 1187 1426 1242 ut

242 1303 359 1370 dictum
386 1304 444 1371 tuit
474 1325 568 1393 supra
594 1304 633 1371 ad
660 1306 736 1393 Cap.
769 1306 783 1369 Ι
814 1329 822 1370 :
853 1307 885 1371 5.
916 1305 1025 1392 Βραχυ
1049 1302 1118 1368 soil.
1150 1297 1321 1386 diuorupa.
1353 1299 1426 1366 ride

241 1424 391 1492 Subseler
406 1426 517 1515 Ellips.
536 1446 606 1514 pag.
629 1428 704 1494 103.
722 1427 831 1514 Βραχυ
847 1435 894 1491 est
909 1423 1113 1491 Accusativus
1129 1423 1243 1506 objecti
1258 1424 1427 1506 quontita-

242 1550 319 1628 tioi,
342 1559 377 1615 ut
393 1550 496 1630 siuot3
515 1549 585 1616 vide
607 1550 665 1618 Gr.
691 1568 761 1637 pag.
785 1551 863 1616 tbi.
886 1547 1005 1615 Similis
1025 1547 1228 1614 Aaoumtivus
1245 1556 1292 1612 est
1308 1545 1338 1611 in
1362 1544 1426 1612 hoo

242 1671 346 1738 Lucae
372 1673 469 1738 XXll
488 1698 496 1740 :
516 1675 554 1739 bl
586 1698 595 1738 τ
625 1672 807 1745 απεσπασθη
831 1675 882 1735 απ’
907 1644 1008 1734 aurat
1036 1675 1110 1736 ὡσει
1139 1667 1223 1733 letos
1247 1665 1355 1754 βολην.
1380 1707 1426 1718 --

239 1793 376 1884 Οργυια,
398 1817 513 1878 possus
539 1795 571 1883 (a
601 1794 795 1880 pandendo),
827 1794 868 1862 ab
899 1816 1011 1883 oqeyo,
1044 1795 1207 1877 repando,
1241 1792 1427 1880 intelligitur

240 1921 378 2001 spatium
395 1921 479 2002 quod
496 1930 542 1983 est
559 1921 642 1982 inter
657 1937 813 2002 expansas
828 1921 977 2002 utrinqne
1000 1939 1134 2000 manus;
1152 1916 1346 1983 Nostratium
1367 1937 1426 1982 een

240 2043 363 2106 vadem.
383 2040 558 2128 Etymolog.
577 2043 622 2108 M.
641 2064 649 2106 ε
668 2042 787 2130 Οργυια
802 2063 1009 2128 supernatur
1026 2061 1347 2129 εκτασιντωνχειρων
1365 2062 1425 2102 συν

240 2185 284 2247 τῳ
301 2159 408 2224 alara
421 2184 475 2224 roa
487 2161 619 2235 στηθεος·
638 2184 721 2251 παρα
739 2187 792 2228 του
805 2185 917 2252 ορεγειν
929 2187 980 2225 και
993 2184 1130 2227 errarunt
1146 2185 1186 2225 τα
1200 2186 1290 2251 yuvu,
1308 2166 1323 2224 ὁ
1341 2184 1422 2243 εστι,

241 2306 295 2357 τας
312 2306 429 2375 χειρας.

286 2529 432 2599 50-52.
458 2530 573 2596 Nautis
599 2550 671 2594 uero
698 2531 920 2613 quaerentibus
941 2531 1070 2612 supere,
1097 2526 1188 2615 ela).
1210 2527 1292 2592 Cum
1315 2538 1424 2592 antem

240 2661 375 2726 nautae,
400 2651 487 2717 Pauli
515 2651 605 2718 dietis
627 2652 689 2740 (vs.
708 2654 764 2732 tt,
790 2650 881 2740 sqq.)
897 2672 958 2718 non
975 2650 1154 2726 credentes,
1173 2661 1265 2737 atque
1283 2649 1314 2715 in
1335 2669 1425 2717 oom-

240 2775 325 2841 muoi
349 2773 409 2842 hoa
428 2777 566 2864 periculo
591 2776 629 2843 de
645 2796 699 2843 sua
721 2787 840 2843 tantum
862 2775 960 2842 salute
982 2774 1125 2853 solliciti,
1145 2796 1160 2838 e
1185 2776 1261 2838 rsooi
1283 2776 1425 2857 effuqere

241 2909 429 2980 quaererent
446 2897 520 2985 (των
540 2893 707 2961 devoturus
730 2902 898 2971 {nvoerint
917 2919 1020 2987 puysie
1036 2919 1069 2959 εκ
1087 2919 1141 2959 του
1160 2891 1284 2981 πλοιου)
1301 2897 1332 2960 in
1351 2915 1421 2978 pro·

240 3020 389 3108 pinquern
409 3031 541 3100 terrem,
560 3031 590 3086 ot
609 3022 640 3087 in
662 3021 746 3088 huno
768 3021 861 3087 finem
883 3023 1032 3104 seopbam
1049 3019 1112 3107 (vs.
1136 3016 1192 3104 16)
1215 3021 1423 3083 demisissent

239 3141 276 3204 in
288 3161 378 3204 enare
389 3141 450 3223 (και
466 3137 673 3225 quterram
685 3163 737 3214 rur
750 3162 868 3229 σκαφην
880 3162 921 3214 εις
934 3163 986 3213 την
999 3137 1169 3221 balneant)
1186 3139 1245 3206 sub
1258 3148 1421 3225 praetextu

238 3259 404 3351 (προφασει
420 3261 452 3327 in
471 3262 582 3329 Dativo
598 3261 823 3342 instrumenti)
841 3263 962 3352 quasis
984 3281 1077 3351 prora
1095 3279 1223 3328 ancoras
1246 3271 1350 3325 essent
1366 3281 1423 3324 ex·

240 3385 366 3448 tonsuri
386 3378 572 3471 (μελλοντων
587 3389 756 3470 εκτεινειν);
776 3395 840 3451 tum
857 3383 990 3469 Paulus,
1010 3383 1062 3473 qui
1086 3381 1226 3453 fraudem
1241 3381 1324 3448 bano
1341 3381 1421 3448 olla-

240 3513 340 3583 reret,
369 3514 421 3570 eut
448 3504 596 3572 divinitus
622 3516 704 3572 esset
727 3506 765 3573 ds
793 3506 1044 3586 ruodmannus,
1075 3505 1155 3572 lulio
1183 3505 1356 3570 osnmrioni
1390 3516 1422 3570 et

240 3625 390 3693 militibus
413 3625 509 3706 dixit,
532 3627 626 3714 digito
650 3627 865 3695 demonstraus
887 3639 994 3694 nautas
1013 3653 1020 3693 :
1038 3628 1108 3695 Nisi
1125 3628 1176 3694 isti
1200 3627 1372 3693 manserint
1388 3626 1420 3691 io

240 3771 333 3831 nete,
358 3772 412 3819 vos
432 3752 549 3819 servari
569 3773 629 3818 non
647 3754 793 3841 potestisl
813 3754 883 3837 Quo
899 3753 1025 3832 audito,
1041 3753 1156 3820 milites
1173 3752 1262 3818 lares
1283 3749 1421 3839 saepbee

239 3873 278 3962 (i.
297 3893 326 3939 e.
346 3874 434 3940 lanes
450 3872 564 3962 quibus
579 3872 714 3941 demisse
729 3894 768 3940 ex
783 3847 852 3940 navi
869 3873 984 3963 snepha
1000 3873 1103 3942 adhue
1120 3872 1319 3959 retinebatur)
1339 3872 1421 3939 inei-

240 3993 369 4072 derunt,
388 4013 519 4082 eamque
535 3993 613 4063 elebi
632 3995 783 4062 siverunt.

286 4117 391 4194 Deus,
416 4117 516 4205 inquit
537 4116 693 4184 Calmetus
716 4117 766 4207 (ad
786 4117 818 4184 h.
839 4116 888 4199 l.),
912 4117 1008 4185 Paulo
1032 4117 1236 4198 revelaverat,
1261 4118 1416 4185 neminem

241 4261 280 4309 er
296 4241 376 4321 illis,
394 4242 447 4330 qui
465 4253 552 4309 erant
564 4242 596 4308 in
613 4243 699 4322 navi,
720 4263 788 4311 esse
807 4243 997 4332 periturum
1015 4243 1071 4310 sed
1087 4264 1148 4310 non
1166 4243 1364 4332 promiserat,
1383 4265 1417 4312 se

240 4374 431 4452 patraturum
444 4364 593 4433 mireoule
604 4376 639 4432 ut
651 4365 727 4433 salvi
741 4365 863 4446 tierent,
873 4366 945 4434 lioet
956 4366 1100 4435 omnibus
1115 4365 1257 4434 humanis
1270 4365 1420 4434 subsidiis
