3074 5054
531 986 1007 1103 intumentium

275 1283 438 1374 LIBRI
498 1283 740 1375 AGTUUM
800 1283 1256 1375 trosleianum

527 1926 704 2000 CAPUT
760 1929 1002 2003 PRIMUM.

184 2103 370 2154 Arctum-suu.
389 2105 526 2170 Prologus
544 2122 597 2173 quo
619 2111 696 2161 simul
716 2111 746 2162 fit
764 2111 919 2162 narrationis
942 2110 1095 2167 exordium,
1114 2108 1194 2173 idque
1216 2105 1322 2157 ducitur
1338 2119 1353 2156 a

212 2183 311 2237 Christo
329 2188 458 2252 Apostolis
477 2189 622 2242 redivivum
639 2206 694 2243 sese
712 2193 869 2252 exhibente,
887 2196 989 2244 etcum
1013 2193 1045 2241 iis
1062 2193 1234 2242 convescente
1250 2203 1281 2240 ac
1298 2188 1355 2240 col·

212 2265 346 2332 loquente,
374 2275 400 2320 et
425 2270 552 2336 Spiritum
576 2273 701 2325 Sanctum
726 2274 777 2324 illis
801 2275 984 2340 promittente,
1011 2287 1049 2323 vs.
1078 2273 1151 2321 t-e.
1181 2269 1299 2321 Christus
1325 2270 1352 2319 in

212 2348 310 2400 coelum
344 2351 491 2415 adscendit,
526 2356 705 2419 spectantibus
739 2356 882 2421 Apostolis‚
910 2370 949 2406 vs.
970 2355 1060 2405 9-42.
1094 2352 1209 2418 Apostoli
1244 2351 1355 2402 redeunt

213 2431 427 2498 Hierosolymam,
441 2435 485 2485 ubi
503 2438 635 2501 accepturi
653 2441 740 2488 essent
758 2437 884 2503 Spiritum
902 2437 1041 2498 Sanctum,
1053 2450 1091 2486 vs.
1107 2436 1213 2485 tt-to.
1230 2433 1354 2485 Hortante

212 2513 299 2575 Petro,
317 2515 439 2567 Matthias
455 2518 481 2568 in
501 2517 585 2569 locum
603 2519 682 2570 Iudae
700 2519 838 2585 proditoris
855 2519 998 2578 sufficitur,
1015 2533 1054 2569 vs.
1072 2519 1179 2568 te-oo.

225 2682 255 2745 l.
275 2683 424 2748 Primum
446 2687 573 2768 quide-m
595 2683 798 2770 sermonem).
824 2685 957 2772 Scripsit
978 2683 1028 2746 τὸν
1050 2705 1103 2769 μεν
1124 2705 1241 2770 πρωτον
1266 2679 1353 2771 λογον

180 2822 234 2888 pro
262 2826 403 2894 προτερον
427 2805 598 2895 (priorem)
606 2833 619 2886 ‚·
648 2827 717 2874 nam
744 2807 782 2874 ad
810 2811 946 2872 ultorum
974 2826 1064 2872 suum
1091 2814 1264 2872 sermonem
1289 2804 1354 2869 sive

179 2927 383 2993 narrationem
399 2927 519 3018 (loyce)
543 2929 581 2996 do
597 2929 690 2998 rebus
706 2932 800 3019 gestis
819 2931 889 2997 lesu
905 2929 1040 3009 Christi,
1059 2928 1119 2995 hoc
1134 2940 1197 3010 est,
1216 2930 1352 3015 Evange-

178 3047 251 3116 lium
278 3070 387 3132 suum,
413 3054 512 3120 Lucas
537 3052 589 3120 hic
617 3054 754 3120 animum
778 3052 918 3120 attendit.
946 3056 1087 3119 Attamen
1112 3061 1230 3118 veteres
1259 3051 1350 3117 etiam

177 3173 307 3255 Graeci,
337 3175 497 3265 loquentes
531 3181 567 3242 de
601 3180 719 3243 duobus
734 3228 747 3261 ,
785 3177 949 3265 aliquoties
977 3200 1092 3266 πρωτος
1124 3196 1181 3264 pro
1210 3197 1350 3264 προτερος

176 3294 331 3363 dixerunt.
365 3298 440 3365 Post
470 3322 585 3390 πρωτον
616 3323 669 3387 μεν
697 3312 909 3388 exspectasses
938 3298 1096 3388 Apodosin
1125 3297 1351 3384 subjiciendam

176 3437 233 3504 per
251 3414 284 3481 δὲ
305 3420 656 3502 Particulam;veri1m‚
677 3424 770 3489 misso
790 3422 956 3511 Apodosi¹‚
983 3441 1061 3509 quae
1086 3420 1261 3508 incipienda
1284 3431 1350 3486 erat

175 3559 245 3632 post
267 3526 432 3637 ανελήφθη,
451 3549 548 3616 Lucas
571 3570 642 3616 cum
665 3549 794 3617 vocibus
817 3574 880 3623 τοις
904 3546 1103 3624 αποστολοις,
1123 3567 1199 3635 quas
1221 3548 1251 3613 in
1274 3549 1351 3614 Pro-

176 3668 231 3732 tasi
253 3684 464 3758 expresserat,
481 3672 642 3739 exordium
665 3693 738 3739 suae
762 3672 947 3738 narrationis
970 3671 1135 3738 connectit.
1156 3670 1232 3761 Περι
1255 3694 1350 3761 πραγ-

176 3814 271 3875 ματος
291 3816 369 3868 τινος
393 3792 480 3884 λογον
509 3818 696 3880 εποιησαμην
724 3794 771 3860 vel
800 3817 849 3857 τον
880 3791 986 3881 λογον,
1017 3795 1055 3857 de
1083 3814 1118 3856 re
1139 3795 1248 3877 aliquo
1274 3814 1351 3858 ηαν-

176 3921 335 3985 rationem
360 3923 439 4004 sect,
470 3923 595 4010 optimis
620 3920 826 4010 scriptoribus
853 3932 899 3988 est
922 3919 1032 3987 usitata
1062 3919 1159 3985 iorum
1188 3919 1347 4008 loquendi.

173 4039 227 4107 Sic
245 4041 395 4127 Polybius
411 4043 508 4134 (apud
527 4044 677 4113 Valckett.
703 4044 742 4111 ad
766 4044 798 4112 h.
826 4041 866 4129 l.)
893 4064 901 4104 t
929 4065 958 4106 εν
983 4064 1061 4132 τρισι
1084 4063 1134 4103 τον
1158 4042 1231 4130 ὑπερ
1256 4064 1348 4105 auron

209 4276 227 4338 ¹)
246 4277 335 4341 ltaque
348 4283 401 4347 μεν
416 4274 451 4324 ibi
468 4273 617 4326 solitarium
628 4277 676 4326 est.
695 4274 750 4334 Qua
763 4273 795 4326 de
809 4288 836 4326 re
848 4275 907 4326 vide
919 4289 986 4340 quae
1003 4271 1092 4323 monui
1106 4272 1133 4322 in
1145 4272 1189 4324 Gr.
1203 4287 1229 4338 p.
1244 4275 1302 4335 eat,
1320 4283 1346 4337 ε,

174 4370 201 4417 et
213 4365 252 4416 Gi.
267 4365 385 4429 liobam,
398 4364 413 4430 θ
425 4363 482 4415 734.
1256 4370 1258 4374 ·

1168 4468 1187 4508 e
