3074 5054
181 370 224 437 aa
537 369 672 438 nurus
710 330 1035 441 arcsrotouuu.

179 561 292 625 sistens
316 582 367 640 se,
391 572 481 649 puta,
506 581 568 650 quo
591 560 712 629 facilius
734 582 751 629 a
776 563 865 631 turha
888 564 1066 643 audiretur,
1096 558 1254 650 paululum
1278 580 1351 649 pro-

179 699 324 766 gressus,
357 692 387 748 et
414 682 598 771 coapostolis
627 684 692 751 suis
719 695 876 772 tamquam
903 684 1015 753 horum
1046 683 1168 751 Primas
1200 684 1349 771 stipatuS,

180 804 262 868 elota
277 823 347 868 ooec
371 825 456 884 enm,
475 823 553 893 quae
570 817 787 888 concurrerat,
801 794 924 876 turbam
947 808 994 876 sic
1016 806 1168 874 allocutus
1191 816 1260 872 cst:
1279 809 1353 873 Viri

179 925 295 991 Iudaei
316 924 379 1015 (Cf.
404 946 473 1016 cap.
493 930 532 1009 l,
552 948 599 995 rs.
625 926 696 1015 ll),
720 928 947 1018 (intelliguntur
963 929 1016 1018 qui
1037 929 1068 995 in
1085 927 1197 995 Iudaea
1214 926 1304 1015 nati),
1322 938 1352 993 et

179 1069 250 1130 oos,
268 1060 418 1135 quotquot
438 1055 513 1117 estis
537 1074 643 1118 curtes
668 1053 829 1144 (ἅπαντες,
847 1053 889 1121 cl.
911 1072 1006 1142 supra
1025 1073 1073 1120 VS.
1094 1049 1141 1138 l),
1159 1054 1215 1137 qui
1231 1073 1270 1117 coc
1285 1052 1351 1115 clia
1456 1143 1458 1145 ‚

179 1177 305 1257 repiorte
328 1179 458 1242 oriundi
475 1179 707 1262 lerosolymam
730 1177 910 1244 indubitatis
927 1177 1077 1262 inquilini
1092 1176 1132 1260 (oi
1147 1195 1352 1245 κατοικουντες

177 1297 416 1391 Ἱερουσαλημί),
438 1304 495 1368 too
513 1303 597 1369 uobis
620 1314 730 1370 uotum
751 1307 811 1385 sit,
829 1304 851 1368 i.
871 1324 900 1370 e.
919 1305 993 1384 doc,
1012 1302 1095 1391 quod
1117 1301 1240 1368 iamiam
1262 1300 1351 1366 vobis

179 1423 319 1492 dicturus
336 1447 418 1494 sum.
443 1426 584 1495 Verbum
599 1430 739 1494 medium
754 1427 960 1506 ενωτιζεσθαι,
977 1425 1061 1516 quod
1075 1427 1351 1492 Deuomiuutioum

179 1559 226 1616 est
254 1549 293 1617 ab
321 1574 398 1628 oue,
419 1575 512 1629 ωτος,
538 1555 644 1631 auris,
671 1572 857 1642 quamquam
887 1571 1015 1641 prorsus
1043 1550 1138 1617 refert
1165 1548 1352 1616 Hebraicum

180 1673 452 1742 Denominativum
468 1691 571 1762 prqq,
589 1685 720 1743 attamen
736 1697 798 1743 non
809 1675 960 1743 continno
977 1674 1144 1742 dicendum
1167 1682 1231 1752 est,
1255 1673 1354 1739 Grae·

178 1817 251 1865 cum
273 1797 316 1866 ad
329 1799 517 1867 Hebraicum
541 1798 637 1868 luisse
653 1799 839 1880 confictum,
859 1810 987 1867 autnon
1004 1799 1125 1865 Graeco
1142 1789 1239 1864 tluere
1254 1793 1351 1862 fonte.

185 1922 321 2004 «Sane,
346 1923 446 2012 inquit
472 1924 668 2006 Salmasius,
692 1924 811 1992 nullum
840 1923 937 1991 ferme
964 1933 1011 1990 est
1038 1942 1145 1991 eorum
1174 1921 1350 1999 nominum,

180 2066 259 2133 quae
286 2057 441 2137 tamquam
470 2049 562 2115 nimis
596 2049 744 2138 protritae
770 2059 802 2116 ct
835 2048 973 2115 abiectae
1004 2047 1144 2136 loquelae
1178 2043 1354 2133 improbant

179 2168 297 2250 critici,
323 2191 455 2259 quorum
483 2171 631 2262 pleraque
657 2173 689 2240 iu
713 2182 816 2239 vetere
842 2191 985 2260 novoque
1011 2172 1207 2237 'testamento
1230 2178 1351 2251 extant,

180 2292 255 2380 quin
282 2294 365 2382 apud
390 2294 526 2383 aliquem
550 2295 641 2363 etiam
660 2308 806 2365 ,veterum
832 2307 993 2364 auctorum
1020 2295 1203 2385 reperiatur.
1233 2293 1353 2380 Quodsi

180 2419 329 2506 quaedam
357 2440 418 2488 non
446 2420 520 2489 alibi
548 2421 754 2502 inveniantur,
783 2432 998 2511 praeterquam
1033 2423 1065 2489 in
1092 2421 1189 2489 sacris
1221 2419 1352 2500 litteriS,

180 2560 272 2609 eausa
295 2543 326 2610 in
350 2564 386 2611 eo
407 2555 471 2625 est,
491 2545 574 2633 quod
597 2566 659 2612 non
682 2566 789 2613 omnes
812 2545 962 2613 habemus
985 2554 1146 2623 auctores,
1164 2542 1218 2631 qui
1234 2542 1355 2611 Graece

179 2666 384 2755 scripserunt.
415 2668 478 2736 Vix
500 2668 665 2737 millesima
684 2689 757 2757 pars
781 2671 876 2737 restat
897 2687 1023 2746 eorum,
1048 2666 1100 2755 qui
1125 2665 1242 2754 aliquid
1269 2685 1354 2733 com-

180 2791 304 2858 mentati
328 2802 411 2859 sunt.
438 2791 595 2860 Siomnes
620 2801 792 2872 exstarent,
818 2791 901 2858 nulla
917 2811 977 2858 vox
1001 2799 1063 2856 tam
1083 2811 1210 2880 μονηρης
1226 2789 1257 2855 in
1275 2808 1355 2856 nouo

179 2924 209 2982 et
224 2926 327 2982 vetere
348 2917 458 3005 pagina
481 2917 683 3005 reperiretur,
704 2916 779 3004 quin
802 2939 908 3006 χρησις
928 2915 995 2982 eius
1017 2934 1056 2981 ex
1078 2913 1183 3000 aliquo
1206 2923 1351 2994 auctore,

180 3039 234 3128 qui
251 3040 360 3129 periit,
384 3041 561 3107 confirmari
578 3049 701 3128 posset;
716 3039 885 3128 praecipue
907 3039 933 3105 si
953 3038 999 3105 illi
1020 3048 1191 3118 exstarent,
1216 3037 1268 3125 qui
1289 3037 1354 3126 ple-

179 3162 249 3230 beio
266 3163 337 3230 stilo
354 3172 384 3230 et
399 3162 524 3231 idiotico
541 3183 591 3232 res
610 3183 646 3232 ac
662 3163 740 3231 vitas
756 3162 947 3252 privatorum
963 3161 1167 3250 scripserunt.
1186 3188 1200 3219 »
1224 3160 1273 3227 Gi.
1293 3162 1350 3230 Gr.

179 3305 250 3374 pag.
270 3289 331 3365 ta,
349 3288 457 3352 adnot.

225 3410 405 3497 Quaeritur,
430 3431 563 3499 quanam
588 3411 691 3500 lingua
713 3429 807 3488 usuc,
832 3412 945 3477 Petrus
960 3418 1154 3497 praesentem
1170 3406 1353 3474 concionem

180 3529 333 3600 habuerit.
360 3534 399 3598 Et
427 3534 531 3600 Estius
559 3524 684 3622 quidem
711 3530 891 3613 existimat³,
921 3534 1047 3599 Petrum
1076 3530 1230 3598 Hebraico
1257 3529 1352 3597 luisse

81 3748 84 3752 Δ
179 3654 334 3736 locutum,
363 3665 394 3723 et
424 3677 504 3724 novo
538 3657 687 3724 miraculo
720 3667 786 3724 turn
819 3654 971 3722 accidisse
1003 3664 1038 3721 ut
1066 3652 1287 3740 intelligeretur
1314 3650 1353 3718 ab

180 3779 325 3848 omnihus
346 3781 400 3869 qui
423 3780 652 3862 conduxerant,
674 3781 730 3848 etsi
748 3780 941 3847 diversarum
960 3777 1135 3866 linguarum
1159 3774 1350 3843 hominibus.

105 3998 107 4001 Ι
181 3906 246 3994 Ego
261 3925 335 3973 vero
358 3905 415 3973 etsi
440 3905 567 3974 minime
587 3905 729 3983 diffitear,
756 3925 822 3972 rem
846 3905 878 3971 in
900 3923 935 3972 se
957 3901 1025 3971 fieri
1049 3901 1203 3991 potuisse,
1220 3911 1352 3968 attamen

180 4068 350 4081 —n-—

213 4158 233 4224 ¹)
250 4157 743 4212 NominativnscumArticuloVocativi
789 4167 850 4221 pag.
860 4152 918 4204 694,

179 4241 235 4294 loco
252 4241 295 4293 hic
311 4240 458 4293 adhibetur.
477 4240 541 4293 Vide
554 4239 599 4291 Gr.
611 4253 670 4307 pag.
684 4239 741 4290 ⁴82.
822 4234 842 4302 ⁶)
859 4234 995 4286 Annotatt.
1016 4231 1044 4281 in
1065 4229 1119 4282 loca
1139 4228 1298 4294 difficiliora,
1319 4231 1352 4283 ad

211 4322 232 4389 ’l
249 4323 324 4390 Apud
335 4322 494 4386 Fischerum,
504 4323 531 4374 in
541 4320 744 4374 Proluaiouibus
789 4318 846 4370 Act.
858 4317 889 4367 ll.
903 4318 929 4367 6.

179 4403 213 4456 de
232 4405 302 4456 vitiis
321 4403 464 4457 lexicorum
485 4405 546 4456 noui
569 4402 742 4464 Testamenti,
