3074 5054
489 391 628 460 caput
662 390 759 473 XVI,
797 389 919 458 VERS.
957 392 1081 459 6-10.
1309 393 1370 462 Mil

197 586 368 673 pertinens.
394 584 429 649 ln
452 580 576 649 Troade
592 580 716 669 regione
740 590 806 646 erat
828 581 928 647 Troas
950 582 1047 661 orba,
1065 581 1095 646 in
1115 581 1219 648 littore
1234 579 1273 648 ad
1290 601 1375 650 mare

196 708 335 796 Aegeum
347 705 407 774 sita
418 705 498 771 inter
509 703 634 791 Sigeiim
648 713 678 769 et
694 704 821 770 Lectum
834 702 1058 792 promontoria.
1075 704 1160 770 Haec
1175 721 1268 792 saepe
1284 704 1376 771 etiam

198 837 402 902 Alexandrea
426 838 456 901 T
453 857 527 901 roos
541 830 751 924 (Αλεξανδρεα
765 834 784 908 ἡ
799 832 910 925 Τροας)
934 834 1147 921 cognominata
1163 846 1221 902 est.
1240 834 1289 902 Cf.
1308 835 1378 903 Cet·

199 957 266 1024 larii
279 960 408 1027 Notitie
423 958 509 1025 orbis
524 960 649 1044 antiqui
657 1008 665 1038 ,
681 956 752 1024 Lib.
772 958 836 1037 ΙΙΙ,
851 958 928 1046 Cap.
945 960 985 1038 5,
1000 956 1083 1025 Sect.
1100 958 1149 1037 ΙΙ,
1167 955 1205 1045 §g
1221 960 1264 1027 tu
1278 967 1308 1024 et
1320 959 1376 1026 56.

199 1081 339 1170 Apostoli
355 1101 428 1170 crgo
453 1101 550 1170 quum
568 1102 627 1149 non
646 1091 773 1171 possent
789 1082 847 1167 (vs.
867 1079 898 1160 7)
916 1081 975 1148 iter
991 1082 1172 1149 continuare
1188 1082 1379 1169 Septentrio·

201 1223 269 1272 nem
285 1224 394 1272 versus
411 1205 442 1271 in
467 1203 662 1291 Bithyniam,
681 1204 874 1272 reflectentes
895 1202 934 1271 ad
957 1203 1133 1284 (iocosum,
1152 1204 1284 1290 Mysiam
1307 1227 1379 1289 per·

204 1331 411 1412 transierunt,
430 1336 522 1417 atque
539 1328 579 1393 ita
597 1339 748 1395 venerunt
765 1329 797 1394 in
814 1326 982 1396 Troadem.

245 1557 279 1623 9.
304 1557 350 1622 ΕΙ
364 1558 446 1622 visin
459 1578 519 1641 per
535 1568 675 1640 rtoctern,
695 1559 783 1644 etc).
802 1555 963 1643 Disputari
983 1564 1083 1644 potest
1106 1554 1144 1622 dc
1168 1554 1227 1623 bac
1243 1555 1379 1633 visione,

207 1690 303 1747 utrum
320 1700 432 1769 nempe
447 1681 613 1748 dormienti
630 1701 668 1747 arr
686 1680 821 1767 vigilanti
847 1677 943 1746 Paulo
969 1678 1062 1745 luerit
1086 1678 1206 1760 oblata3
1237 1690 1382 1746 neutrum

206 1804 282 1871 enim
295 1805 470 1894 perspicuis
482 1805 586 1873 verbis
599 1804 785 1873 declaratur.
794 1803 875 1890 Quia
889 1814 989 1872 tamen
1002 1802 1128 1882 dicitur,
1139 1803 1289 1872 visionem
1303 1802 1384 1872 banc

202 1929 327 1996 aPaulo
343 1941 540 2014 conspectam
563 1932 659 2014 satirae
675 1927 772 2020 (ωφθη
788 1952 831 2014 τῳ
849 1925 981 2013 Παυλῳ.
1008 1926 1078 1996 vide
1094 1925 1131 1994 ad
1149 1928 1225 2016 Cap.
1245 1928 1307 1996 Vll
1323 1949 1330 1991 ε
1347 1925 1384 2013 2)

199 2069 256 2119 aaa
272 2073 405 2132 uuonan,
423 2052 493 2120 idco
517 2053 608 2121 facile
624 2051 762 2120 adducor
776 2063 810 2119 ut
825 2051 964 2131 credam,
983 2071 1160 2119 sermonem
1184 2049 1237 2117 bic
1262 2051 1385 2120 esseda

195 2176 323 2243 somnio
341 2175 506 2244 dormienti
532 2176 627 2244 Paulo
645 2175 792 2243 divinitus
816 2174 970 2241 immisso.
995 2174 1029 2240 ln
1048 2192 1109 2260 qua
1124 2173 1274 2240 sententia
1290 2171 1387 2240 luisse

191 2296 293 2365 video
310 2300 400 2366 etiam
418 2299 452 2366 S.
472 2300 618 2366 loanrrem
634 2297 891 2385 Chrysostnmum
908 2299 1015 2385 (Hom.
1031 2299 1075 2364 at
1091 2296 1121 2363 in
1139 2297 1240 2385 bct).
1259 2295 1386 2364 Scilicet

189 2414 230 2486 is
247 2421 359 2489 modus
375 2443 455 2490 unus
468 2434 514 2490 est
527 2425 607 2491 inter
622 2422 884 2490 extraordinarios
897 2421 980 2502 iilos,
995 2420 1109 2509 quibus
1127 2419 1220 2487 bomo
1237 2418 1386 2486 divinitas

183 2543 322 2632 aliquid
339 2543 462 2611 edoceri
488 2552 606 2634 potcst3
636 2564 696 2632 qua
721 2543 759 2610 de
782 2564 816 2610 re
839 2543 947 2632 paucis
971 2542 1106 2610 diximus
1130 2561 1227 2631 supra
1249 2540 1289 2608 ad
1308 2542 1385 2630 Cap.

180 2661 234 2734 Χ
253 2692 262 2733 t
281 2669 315 2735 5.
342 2670 448 2756 ltaque
475 2667 563 2735 Pauli
591 2669 694 2734 animo
723 2669 754 2733 in
782 2667 899 2733 somnis
928 2665 1075 2733 divinitus
1104 2664 1266 2732 informata
1295 2664 1388 2731 luerit

180 2783 303 2878 imago
319 2792 377 2857 viri
395 2790 439 2858 illi
456 2791 616 2872 adstantis,
631 2811 723 2879 quem
736 2811 771 2856 ex
786 2799 848 2856 toto
861 2790 1004 2879 corporis
1021 2789 1127 2857 babitu
1145 2810 1202 2879 pro
1215 2786 1385 2856 Macedone

175 2916 307 3006 aliquo
320 2928 512 3006 agnosceret,
529 2917 647 3005 quique
664 2916 749 2982 illum
764 2915 996 3004 deprecaretur,
1011 2915 1119 2983 dicens
1134 2934 1142 2977 ε
1159 2917 1388 2998 Tronspreaarta

183 3035 346 3128 (διαβας)
364 3045 400 3106 itt
415 3043 654 3124 Macedonium,
673 3061 822 3106 aaccttrre
843 3039 954 3105 roobia!

257 3289 309 3357 to.
341 3288 382 3354 Ut
404 3298 509 3352 notem
530 3288 635 3352 ciram
657 3288 756 3364 vidit,
776 3290 863 3370 etc).
884 3284 960 3349 Eam
976 3281 1127 3348 visionem
1144 3280 1187 3362 (το
1205 3286 1319 3371 ὁραμα)
1336 3282 1390 3350 ubi

193 3407 472 3478 l'auiusoidisaet
487 3406 603 3498 tenter),
627 3409 745 3488 statim,
772 3407 873 3496 inquit
895 3408 1014 3485 Lucas,
1033 3406 1064 3471 in
1086 3405 1299 3474 Macedoniam
1316 3429 1391 3496 pro·

200 3533 308 3601 ttotsci
336 3537 513 3601 studuimus
540 3531 789 3622 (clarmontem),
820 3553 857 3599 ex
889 3532 942 3597 illo
971 3530 1037 3596 viso
1064 3541 1216 3597 nocturno
1248 3534 1392 3615 firmiter

200 3659 407 3742 conficientes
429 3653 699 3750 (συμβιβαζοντες)
719 3657 803 3744 quod
824 3657 861 3721 eit
884 3667 1022 3721 vocasset
1044 3653 1292 3745 (spectandorum
1321 3656 1391 3723 vide

206 3780 250 3848 ad
274 3783 350 3871 Cep.
377 3783 455 3850 ΧΙΙΙ
475 3803 482 3845 :
503 3784 534 3862 Ι)
558 3800 615 3847 nus
642 3781 741 3846 Deus²
764 3778 802 3846 ad
827 3777 1026 3866 Evangelium
1053 3779 1117 3844 illia
1142 3777 1391 3865 (Macedonibus)

213 3903 464 3989 praedicandum.

246 4169 265 4232 ¹)
283 4169 336 4220 HOC
354 4169 468 4234 plinium
491 4169 546 4222 ¹000
565 4168 646 4221 Lucas
663 4169 779 4235 loqllllul'
858 4181 877 4245 ¹)
896 4181 960 4232 Vffl·
996 4196 1065 4234 Lm·
1097 4183 1147 4235 Pro
1173 4173 1188 4233 ὁ
1212 4169 1325 4258 Κυρῑος
1353 4194 1394 4242 εει

156 4268 171 4280 “
216 4257 241 4309 iv
258 4261 342 4325 proma
354 4273 463 4324 persona
477 4260 583 4326 prorata
605 4275 638 4313 ox
653 4275 705 4327 ouo
724 4262 780 4313 001-
825 4261 840 4320 ὁ
858 4254 934 4331 Θεος
946 4270 972 4320 tn
989 4269 1070 4322 coac.
1090 4270 1171 4322 anan
1186 4271 1323 4337 etattqnot
1341 4270 1393 4322 ur-

216 4350 312 4415 ligitur‚
322 4353 418 4404 Lucum
430 4354 456 4403 in
469 4353 567 4406 Troade
579 4367 607 4405 sc
616 4353 696 4406 Paulo
708 4358 779 4406 ceto·
826 4353 956 4416 nuscnlis‚
973 4356 1039 4404 utet
1051 4354 1078 4403 in
1096 4353 1205 4418 Vulgata
1219 4358 1245 4406 et
1259 4352 1394 4406 nonnullis

217 4434 301 4501 risque
311 4437 432 4487 comitem
444 4435 604 4487 adiunxisse.
827 4437 885 4488 aliis
897 4436 1013 4501 antiquis
1025 4435 1200 4488 versionibus.

1232 4538 1270 4597 26
