3074 5054
460 394 599 462 CAPUT
633 393 741 472 XXV,
779 393 899 463 VERS.
941 392 1083 458 ta-te.
1292 389 1359 457 555

177 587 244 670 ii),
275 588 502 652 accusationem
533 588 710 651 attulerant
741 583 942 677 (ενεφανισαν.
980 580 1050 648 vide
1085 579 1248 669 supra‘ad
1278 581 1355 670 Cap.

175 710 309 780 XXIV:
329 710 370 792 1.)
391 713 554 795 principes
577 704 752 776 sacerdotes
775 710 816 796 (ai
841 708 1003 799 αρχιερεις)
1021 705 1210 772 aaseniores
1228 703 1360 772 ludaeo-

176 851 262 911 rum,
293 831 484 921 postulantes
512 844 623 900 contra
650 856 722 900 cum
751 835 908 900 iudicium
933 832 1015 921 (κατ’
1038 851 1131 893 aaran
1162 824 1273 914 δικην),
1298 826 1359 896 hoo

176 964 241 1034 est,
270 954 339 1022 eius
365 955 665 1023 condemnationem.
695 955 818 1042 Quibus
841 953 1009 1044 respondi,
1034 971 1095 1019 non
1119 970 1188 1018 esse
1210 952 1359 1019 Romanis

178 1075 408 1159 inmemorem,
422 1089 656 1169 utquomquam
670 1082 844 1146 condonent
861 1076 1067 1169 (χαριζεσθαι.
1091 1074 1161 1142 vide
1177 1074 1215 1142 ad
1232 1095 1279 1143 vs.
1300 1075 1359 1163 tt)

177 1201 207 1267 in
223 1201 369 1283 exitium,
388 1203 634 1292 (condemnando
658 1201 740 1285 aaut)
763 1202 945 1293 priusquam
965 1201 992 1268 is
1011 1199 1065 1289 qui
1084 1209 1249 1267 accusatur
1265 1223 1359 1286 praa-

176 1337 275 1393 santas
292 1327 386 1417 (κατα
400 1350 576 1419 προσωπον,
597 1331 630 1394 tn
647 1326 830 1416 conspecta)
845 1325 990 1394 habuerit
1005 1333 1203 1393 accusatores
1219 1345 1310 1406 suaa,
1331 1337 1361 1394 et

178 1451 279 1516 iocum
298 1449 588 1539 (opportunitatem)
610 1450 768 1541 acceperit
788 1450 980 1538 defendendi
998 1470 1029 1516 sc
1052 1446 1156 1530 (ranan
1180 1446 1362 1540 anticyrae)

177 1578 214 1641 de
229 1576 347 1660 objecto
363 1579 497 1642 trintina
513 1574 595 1666 (περι
614 1599 668 1641 του
685 1572 902 1666 εγκληματος).
921 1611 966 1624 -
988 1573 1036 1640 Da
1054 1595 1124 1663 upa
1140 1598 1159 1648 η
1175 1593 1247 1641 cum
1263 1573 1360 1662 Opta·

178 1699 256 1781 tivo,
286 1698 356 1766 vide
376 1700 483 1787 Viger.
514 1700 591 1789 Cap,
616 1700 813 1769 V11:Sect.
844 1700 888 1767 X.
919 1697 1032 1767 Graeci
1061 1695 1169 1765 dicunt
1196 1693 1357 1789 dtaapciem

176 1823 289 1913 ἡμερας
304 1845 406 1901 τινας,
426 1844 488 1912 quo
505 1823 598 1892 modo
614 1824 715 1891 Latini
738 1835 840 1890 terere
861 1834 996 1912 tempus.
1015 1858 1060 1871 —
1075 1821 1216 1911 Agrippa
1231 1821 1302 1899 ille,
1319 1821 1358 1889 do

178 1966 239 2036 quo
267 1945 338 2025 hic,
368 1960 433 2014 crat
457 1949 595 2038 Agrippa
620 1950 666 2028 ΙΙ,
691 1948 775 2016 filius
798 1948 882 2018 illius
905 1946 1040 2016 Herodis
1063 1922 1238 2036 Agrippae,
1265 1967 1358 2036 quem

178 2069 325 2138 divinitus
353 2091 535 2160 percussum
564 2070 655 2140 foedo
683 2071 793 2139 morbo
822 2059 978 2139 interiisse
1009 2071 1110 2140 Lucas
1138 2091 1233 2160 supra
1263 2069 1356 2160 (Cap.

177 2193 242 2260 ΧΗ
258 2218 265 2260 :
281 2190 341 2280 ui)
354 2193 500 2261 narravit.
516 2195 661 2260 Ceterum
673 2191 781 2260 confer
793 2212 873 2281 quae
885 2192 1060 2261 natavimus
1072 2191 1111 2259 ad
1127 2192 1205 2281 Cap.
1220 2192 1283 2259 Xll
1300 2217 1308 2260 ι
1326 2195 1357 2260 1.

227 2440 371 2506 t7-to.
399 2438 481 2504 Cam
497 2459 571 2523 erpo
583 2441 643 2504 leuc
655 2442 886 2516 convenissent,
905 2438 992 2518 eta).
1013 2437 1061 2505 uu
1079 2456 1152 2524 ergo
1170 2436 1251 2523 (scil.
1271 2458 1361 2503 accat·

177 2543 296 2629 satores
311 2582 358 2628 vs.
379 2558 436 2647 ta)
453 2583 549 2653 quum
566 2563 628 2631 huc
649 2564 861 2652 (Caesaream)
880 2562 1114 2642 convenissent,
1133 2581 1189 2649 ego
1205 2565 1277 2627 sine
1293 2564 1360 2628 ntia

178 2689 332 2754 dilatione
353 2684 518 2777 (arassaitnv
543 2685 688 2775 oudcpcaa
716 2688 931 2776 ποιησαμενος)
954 2691 1097 2773 sequenti
1124 2690 1174 2753 dia
1201 2687 1248 2776 (τῃ
1277 2683 1359 2768 ἑξης,

178 2813 248 2880 scil.
266 2810 379 2903 ipapa)
408 2812 533 2880 consedi
562 2835 620 2903 pro
637 2813 801 2894 tribunali,
832 2813 973 2903 iussique
996 2813 1097 2879 uinum
1122 2811 1209 2879 illum
1233 2812 1358 2880 adduci.

180 2938 306 3006 Circum
323 2959 416 3022 quem
429 2944 507 3027 (napa
521 2938 567 3024 ai)
581 2960 678 3023 queunt
695 2960 727 3003 so
742 2940 900 3004 stitissent
915 2937 1098 3027 (aenianica.
1117 2936 1267 3026 Partioip.
1281 2938 1359 3004 Aor.

178 3065 206 3131 1.
224 3062 345 3130 Passiv.
367 3082 439 3129 cum
459 3061 584 3128 notione
607 3063 771 3140 reflexiva,
789 3072 823 3130 ut
841 3064 918 3152 Cap.
934 3064 963 3130 ΙΙ
984 3087 991 3128 :
1015 3059 1065 3142 ti)
1082 3072 1277 3129 accusatores
1295 3061 1362 3128 eius

177 3187 219 3275 (ai
241 3182 429 3278 κατηγοροι),
459 3184 577 3252 nullum
602 3190 722 3253 crimen
750 3194 880 3277 (acutat,
912 3198 946 3252 ut
973 3184 1085 3254 Matth.
1117 3185 1244 3254 XXVll
1270 3210 1278 3252 :
1304 3185 1363 3272 57)

179 3311 351 3379 inferebant
367 3331 474 3377 aarum
492 3332 570 3395 qnae
586 3312 642 3398 (ὡν
662 3331 719 3400 pro
736 3333 853 3376 auctaas
871 3312 908 3388 ἁ,
928 3322 961 3378 ut
980 3330 1074 3400 snpra
1091 3312 1167 3399 Cap.
1182 3311 1262 3377 XXl
1279 3333 1287 3376 :
1303 3309 1362 3396 id)

178 3439 361 3529 suspicabar
381 3459 437 3527 ego
458 3439 612 3530 (inescant
635 3436 720 3529 εγω)
743 3438 860 3506 illatum
886 3439 922 3504 iri
941 3449 1048 3506 contra
1065 3416 1153 3519 eum;
1172 3438 1228 3505 sed
1244 3448 1360 3506 tantum

178 3562 343 3630 movebant
355 3573 462 3629 contra
474 3582 544 3629 eum
558 3564 754 3652 quaestiones
767 3563 915 3653 quasdam
929 3566 967 3629 do
978 3586 1037 3630 aaa
1054 3568 1196 3649 ipsorum
1208 3565 1362 3647 retipionc

177 3687 261 3779 (περι
280 3711 331 3761 της
346 3682 423 3761 idrag
441 3683 694 3775 ὃεισιδαιμονιας.
719 3688 790 3755 vide
812 3707 907 3777 supra
924 3687 962 3755 ud
982 3689 1059 3776 Cap.
1083 3688 1177 3755 XVH
1198 3711 1206 3753 t
1226 3682 1304 3771 Ὦ),
1332 3698 1362 3753 et

178 3811 217 3881 da
243 3802 379 3900 *quodam
406 3813 481 3878 tesu
509 3810 653 3880 defuncto
680 3811 898 3903 (retroactae),
930 3833 1022 3901 quem
1050 3811 1166 3879 Paulus
1197 3813 1362 3878 dictitabat

178 3935 320 4027 (apaauc)
341 3935 445 4002 vivere
466 3945 494 4027 (a
517 3937 649 4004 mortuis
665 3936 883 4005 resuscitatum
901 3933 995 4016 esse).
1016 3933 1179 4001 Haesitans
1198 3933 1285 3999 vero*
1305 3951 1361 4020 ego

213 4185 231 4249 1)
244 4186 309 4239 Van.
321 4200 392 4236 unca.
403 4186 463 4237 Post
472 4198 560 4237 vocem
572 4191 629 4258 εγω
642 4181 748 4234 additur
793 4182 843 4233 nisi
862 4182 933 4233 inter
951 4180 1099 4233 Valesianas
1118 4179 1252 4231 lectiones.

178 4283 309 4352 πονηράν
334 4276 360 4326 in
382 4275 463 4328 C0dd·
484 4275 536 4338 AC,
558 4278 584 4327 ei
609 4280 746 4347 πονηρῶν
825 4280 845 4346 ¹)
864 4280 1011 4331 Vinacea.
1022 4279 1071 4331 Pro
1083 4286 1190 4327 τουτου
1200 4280 1361 4328 ostravanto

179 4367 206 4417 in
232 4365 312 4418 Codd.
340 4367 389 4417 BE.
419 4365 506 4418 Lectio
539 4375 573 4415 το
605 4372 744 4440 uounpou,
793 4363 819 4414 in
848 4362 929 4416 Codd.
956 4361 1063 4415 ABCEG
1090 4361 1233 4429 multisque
1259 4360 1361 4413 Minus-

179 4461 259 4517 quam
282 4448 392 4514 Vulgata
418 4447 534 4511 exhibet,
563 4461 615 4501 noa
642 4452 748 4500 notatur
793 4447 867 4500 culis.
