3074 5054
531 400 670 471 caetu
705 402 757 479 ll,
795 403 917 473 VERS'.
956 407 988 473 d.
1310 407 1353 472 dd

221 569 269 662 dd
285 595 456 685 pleniorem
474 593 759 684 interpretationem
777 592 870 662 huius
883 594 942 663 loci
960 605 991 662 et
1006 594 1175 675 similium,
1189 594 1222 662 in
1237 593 1353 682 quibus

178 739 276 786 sermo
299 729 348 786 est
369 717 408 786 de
431 719 584 784 missione
607 717 753 801 Spiritus
768 718 899 803 Sancti,
919 737 1032 809 operae
1056 719 1189 808 pretium
1205 717 1283 798 erit,
1301 715 1353 785 hio

178 839 328 908 subiicere
344 841 378 908 S.
396 838 536 907 Thomae
552 857 588 905 ea
603 838 642 906 de
659 858 693 905 re
708 838 903 907 doctrinam:
926 840 1132 910 «Dicendum
1149 852 1213 922 est,
1231 842 1350 927 inquit,

178 962 258 1054 quod
274 963 396 1032 divinae
411 965 568 1031 Personae
592 964 736 1031 convenit
750 967 840 1030 ntitti
848 1014 857 1044 ,
874 964 1045 1033 secuudum
1062 963 1148 1054 quod
1161 983 1242 1032 novo
1258 963 1351 1032 modo

176 1085 293 1154 exsistit
308 1086 340 1152 in
356 1085 481 1174 aliquo;
498 1089 575 1152 dori
597 1097 720 1168 auum,
737 1086 909 1155 secuudum
926 1087 1011 1174 quod
1026 1085 1158 1155 habetur
1173 1086 1212 1154 ab
1227 1086 1348 1175 aliquo;

176 1225 317 1281 neutrum
340 1225 443 1281 autem
467 1214 580 1282 horum
604 1224 653 1282 est
675 1215 734 1282 uisi
759 1214 931 1283 secundum
955 1215 1086 1303 gratiam
1099 1225 1221 1303 gratum
1237 1213 1351 1281 lacien-

176 1350 247 1406 tem.
266 1340 324 1406 Est
338 1339 421 1406 enim
437 1338 612 1407 communis
628 1337 759 1417 modus,
780 1359 843 1427 quo
859 1340 946 1406 Deus
969 1350 1016 1406 est
1039 1340 1071 1407 iu
1096 1339 1241 1407 omnibus
1257 1338 1351 1406 rebus

176 1482 230 1551 per
251 1463 435 1542 essentiam,
454 1464 638 1553 potentiam,
656 1474 687 1531 et
709 1463 934 1552 praesentiam,
958 1462 1040 1530 siout
1062 1482 1154 1530 causa
1178 1462 1209 1529 in
1233 1461 1351 1528 ellecti-

176 1586 231 1655 bus
255 1586 512 1678 participantibus
535 1587 701 1655 bonitatem
727 1587 838 1676 ipsius.
861 1587 962 1677 Super
986 1586 1079 1654 istum
1103 1585 1229 1654 modum
1246 1595 1349 1652 autem

176 1730 372 1778 communem
388 1723 434 1778 εει
457 1731 538 1779 unus
554 1709 716 1801 specialis,
742 1710 795 1800 qui
819 1709 964 1778 convenit
987 1719 1114 1777 naturae
1137 1707 1298 1788 rationali,
1318 1707 1350 1774 in

176 1853 235 1924 qua
258 1835 345 1902 Deus
361 1835 476 1903 dicitur
491 1855 560 1902 esse
583 1836 666 1903 sieut
681 1835 837 1922 cognitum
863 1834 894 1899 in
920 1842 1144 1921 cognoscente,
1163 1840 1194 1897 et
1216 1841 1350 1898 amatum

177 1959 206 2026 in
221 1970 354 2027 amante.
374 1961 412 2026 Et
435 1960 508 2048 quia
520 1957 735 2047 cognoscendo
759 1969 790 2026 et
811 1957 942 2026 amando
965 1967 1107 2025 creatura
1122 1955 1280 2024 rationalis
1296 1975 1352 2023 sua

177 2083 352 2170 operatione
376 2081 496 2169 attingit
519 2080 558 2149 ad
585 2081 687 2170 ipsum
715 2082 835 2160 Deum,
864 2079 1034 2148 secundum
1063 2078 1157 2146 istum
1185 2077 1350 2167 specialem

178 2202 300 2271 modum
324 2205 412 2271 Deus
435 2225 495 2271 non
524 2204 625 2272 solum
654 2203 768 2271 dicitur
797 2224 866 2271 esse
889 2204 919 2270 in
948 2212 1090 2271 ereatura
1113 2200 1271 2281 rationaii,
1297 2200 1352 2268 sed

177 2327 266 2394 etiam
284 2325 424 2395 habitare
448 2329 478 2394 in
502 2348 537 2395 ea
561 2329 643 2395 siout
666 2329 697 2394 in
720 2328 836 2417 templo
859 2348 929 2395 suo.
954 2327 1007 2395 Sic
1032 2327 1125 2414 igitur
1148 2324 1252 2393 nullus
1273 2324 1352 2392 alius

178 2451 304 2519 allectus
328 2463 518 2542 potestesse
542 2453 638 2533 ratio,
653 2452 737 2543 quod
757 2453 860 2520 diviua
883 2471 1015 2542 persona
1037 2452 1078 2518 sit
1098 2471 1176 2517 novo
1205 2449 1297 2517 modo
1320 2450 1350 2516 iu

179 2572 318 2641 rationali
346 2583 507 2655 creatura,
537 2574 596 2642 nisi
623 2575 720 2663 gratia
751 2585 872 2662 gratum
906 2573 1033 2641 iaciens.
1064 2572 1154 2641 Unde
1181 2571 1351 2639 secundum

179 2696 271 2764 solam
297 2698 426 2784 gratiam
450 2709 570 2786 gratum
586 2696 747 2766 facientem
772 2698 903 2765 mittitur
926 2707 957 2764 et
980 2696 1121 2786 procedit
1144 2694 1353 2784 temporaliter

181 2822 313 2887 Persona
340 2820 455 2888 divina.
475 2820 624 2889 Similiter
647 2820 725 2888 illud
748 2821 849 2888 solum
867 2819 983 2889 habere
1001 2819 1154 2899 dicimur,
1174 2839 1237 2908 quo
1255 2817 1352 2885 libere

179 2965 343 3034 possumus
367 2947 431 3026 uti,
448 2946 496 3013 rel
523 2947 596 3014 frui.
623 2947 747 3015 Habere
770 2959 874 3015 autem
897 2956 1080 3036 potestatem
1103 2944 1224 3012 fruendi
1249 2943 1351 3013 divina

180 3072 332 3152 Persona,
362 3081 409 3138 est
440 3072 541 3138 solum
571 3070 742 3139 secundum
774 3072 903 3160 gratiam
935 3083 1055 3160 patum
1088 3069 1262 3137 facientem.
1291 3067 1352 3136 Sed

179 3195 329 3261 tamenin
355 3195 423 3283 ipso
448 3194 528 3264 douo
552 3194 668 3283 gratiae
691 3207 811 3283 gratum
836 3195 977 3264 facientis
992 3195 1128 3284 Spiritus
1151 3194 1282 3262 Sanctus
1298 3191 1353 3259 ha-

180 3314 280 3396 betur,
297 3325 328 3382 et
345 3315 494 3385 inhabitat
510 3316 680 3386 hominem.
702 3319 792 3387 Unde
814 3319 945 3409 ipsemet
959 3319 1095 3408 Spiritus
1117 3317 1247 3384 Sanctus
1264 3314 1354 3382 datur
1469 3346 1472 3351 ·

180 3448 209 3504 et
230 3438 405 3507 mittitur...
424 3441 572 3529 Operatio
595 3442 816 3510 miraculorum
839 3455 886 3511 est
908 3442 1129 3511 manifestativa
1148 3439 1264 3527 gratiae
1284 3457 1353 3526 gra-

181 3571 242 3627 tum
259 3561 417 3642 facientis,
432 3565 513 3632 sicut
532 3575 561 3631 et
577 3564 692 3633 donum
711 3564 911 3655 prophetiae,
926 3577 957 3633 et
972 3565 1126 3656 quaelibet
1147 3562 1244 3650 gratia
1259 3561 1353 3650 gratis

180 3681 259 3752 data.
278 3684 369 3753 Unde
386 3688 400 3753 Ι
417 3689 491 3755 Cor.
509 3689 593 3769 Xll,
610 3690 707 3777 gratia
727 3691 822 3778 gratis
845 3689 915 3758 data
938 3691 1113 3757 nominatur
1136 3689 1353 3772 manifestatio

180 3805 334 3891 Spiritus.
364 3809 416 3876 Sic
440 3810 534 3897 igitur
556 3812 715 3901 Apostolis
738 3812 853 3881 dicitur
880 3813 968 3882 datus
1000 3813 1135 3903 Spiritus
1159 3812 1291 3879 Sauctm
1315 3811 1353 3878 ad
1423 3896 1436 3917 ι

181 3931 387 4018 operationem
412 3933 652 4014 miraculorum,
671 3937 743 4025 quia
767 3935 836 4004 data
859 3949 906 4004 est
921 3938 967 4005 eis
989 3937 1086 4024 gratia
1100 3946 1220 4023 gratum
1237 3932 1354 4002 iaciens

182 4073 251 4123 curn
272 4054 361 4142 signo
385 4056 609 4126 manifestante.
636 4059 668 4127 Si
693 4070 794 4128 anum
818 4061 944 4128 daretur
967 4059 1067 4127 solum
1091 4059 1212 4146 signum
1238 4057 1355 4146 gratiae

181 4188 299 4263 gratum
315 4177 455 4248 facientis
470 4181 538 4249 sine
555 4182 671 4269 gratia,
686 4203 747 4251 non
764 4183 920 4251 diceretur
938 4184 1005 4252 dari
1022 4182 1205 4272 simpliciter
1219 4181 1354 4270 Spiritus

181 4302 329 4383 Sanctus,
354 4304 413 4372 uisi
441 4303 520 4372 forte
547 4326 618 4373 cum
646 4306 749 4395 aliqua
776 4308 1047 4388 determinatione,
1073 4305 1243 4375 secundum
1270 4304 1354 4392 quod

181 4424 294 4496 dicitur
313 4426 397 4514 quod
417 4427 509 4496 alicui
534 4427 624 4496 datur·
645 4430 780 4519 Spiritus
804 4430 1022 4520 propheticus,
1042 4429 1088 4496 vel
1113 4427 1353 4506 miraculorum,
1423 4525 1428 4534 .
