3074 5054
457 403 596 470 CAPUT
629 404 727 486 Xlll,
764 405 886 474 Vltus,
925 407 1071 475 to—ts.
1288 409 1353 476 333

177 597 266 665 Sacra
282 596 395 662 veteris
408 595 597 663 Testamenti
615 595 785 685 antiquitus
801 596 996 664 dividebatur
1012 597 1043 662 in
1063 606 1167 685 partes
1181 606 1243 663 tres
1251 645 1261 678 ,
1277 617 1356 686 quae

177 732 259 788 erant
282 727 357 806 apim
382 721 466 800 Leo,
496 733 598 808 etsta?
628 722 826 805 Prophetae,
858 732 888 788 ει
918 738 1028 808 nantas
1058 723 1284 806 leopiopropdo.
1308 721 1357 788 De

178 865 234 934 qua
250 844 402 912 divisione
418 845 593 912 accuratius
609 843 732 912 dieendi
758 866 819 912 non
844 855 890 912 est
908 844 959 913 hio
975 845 1076 913 locus.
1092 884 1136 899 -
1149 848 1184 913 lu
1202 845 1357 913 locutione

178 973 203 1032 οἱ
223 991 448 1060 καταφρονηται
470 989 527 1057 pro
549 969 700 1036 Vocativo
725 979 772 1035 est
794 969 1010 1036 Nominativus
1031 990 1104 1038 oum
1131 969 1285 1037 Articulo.
1310 969 1356 1035 De

179 1114 238 1183 quo
259 1093 448 1162 Nominativi
471 1113 531 1160 usn
547 1092 618 1159 vide
634 1094 692 1161 Gr.
711 1113 781 1182 pag.
803 1093 880 1162 l82.
903 1097 933 1161 l.
953 1133 997 1144 -
1013 1094 1283 1180 Quemadmodum
1306 1093 1358 1161 hie

179 1217 379 1306 inpraesenti
399 1219 549 1285 Actorum
573 1217 660 1297 loeo,
681 1218 722 1283 ita
739 1217 831 1283 etiam
850 1217 1198 1306 in·Septuaginta-virali
1215 1220 1358 1286 versione

180 1339 289 1427 legitur
304 1344 333 1404 οἱ
348 1362 587 1432 καταφρονηται,
614 1360 672 1429 pro
690 1360 750 1428 qna
771 1359 848 1407 vooe
874 1340 1044 1420 Hebraico,
1071 1341 1103 1408 in
1120 1341 1288 1410 Codioibus
1306 1342 1359 1430 qui

179 1475 364 1553 supersunt,
382 1465 494 1553 legitur
517 1478 613 1545 nun,
632 1464 665 1530 li.
685 1485 713 1531 ε.
734 1468 820 1530 inter
836 1476 953 1549 peotes.
972 1465 1127 1535 Videntur
1143 1487 1216 1555 ergo
1229 1467 1360 1556 Septua·

180 1590 260 1676 ginta
277 1611 334 1679 pro
358 1603 438 1648 hut:
462 1591 572 1678 legisse
595 1600 681 1648 nina:
701 1587 833 1677 (Partio.
853 1609 901 1677 ag.
921 1591 991 1657 Kal.
1011 1611 1028 1658 a
1046 1590 1123 1681 h¹2²),
1143 1591 1226 1681 quod
1243 1593 1363 1660 Graece

182 1713 260 1779 valet
274 1735 511 1806 καταφρονηται.
543 1713 640 1803 ldque
656 1733 692 1780 eo
709 1711 831 1780 facilius
852 1713 1058 1796 crediderim,
1089 1715 1173 1805 qudd
1202 1715 1362 1804 paululum

183 1835 259 1905 inira
275 1833 334 1916 (vs.
352 1841 394 1905 15
408 1838 548 1905 eiusdem
564 1837 690 1929 eapitis)
708 1836 863 1905 Hebraioa
878 1842 978 1926 nimia
994 1853 1071 1916 aran
1087 1837 1147 1925 aa}
1165 1839 1368 1907 reddiderunt

185 1981 238 2050 per
262 1964 310 2024 ἱνα
333 1985 363 2024 τι
387 1958 557 2047 επιβλεπεις
581 1985 629 2026 eru
654 1984 929 2053 καταφρονουντας.
956 1962 1057 2028 Etiam
1082 1961 1182 2049 Syrus
1210 1964 1366 2054 interpres

186 2105 230 2151 vs.
245 2087 266 2152 ll
283 2104 343 2151 non
360 2084 434 2172 legit
448 2100 545 2165 ειιιι,
562 2085 617 2152 sed
634 2087 750 2174 pariter
766 2099 852 2146 ntra:
876 2085 988 2173 legisse
1004 2084 1139 2162 videtur,
1159 2107 1255 2174 quum
1271 2098 1370 2154 vertat

187 2206 270 2286 lapse
295 2206 328 2273 h.
359 2227 387 2274 e.
419 2214 619 2290 orropontes,
651 2211 807 2292 protervi.
838 2207 977 2274 Lectioni
1009 2221 1095 2267 aaut:
1125 2209 1266 2298 apprime
1291 2210 1371 2279 iavet

188 2320 327 2396 contexta
342 2330 476 2396 vatioinii
494 2331 609 2409 oratio;
628 2341 735 2399 eontra
751 2331 777 2398 si
795 2345 874 2392 nur:
898 2330 940 2397 ihi
958 2331 1083 2418 legeris
1102 2331 1223 2412 dubito,
1241 2352 1279 2399 an
1297 2354 1369 2421 per·

189 2453 295 2541 spioun
315 2454 419 2542 aliquo
441 2453 534 2521 modo
557 2455 673 2542 poteris
695 2474 761 2522 eam
778 2474 888 2521 vooem
905 2455 1116 2543 interpretari.

234 2735 289 2799 ta.
318 2732 517 2797 iterantibus
542 2743 648 2798 aretem
670 2734 755 2811 tttts,
777 2738 865 2820 ele).
892 2730 971 2795 Cum
992 2728 1106 2796 Paulus
1131 2739 1161 2795 ει
1181 2729 1372 2797 Barnabase

190 2855 350 2942 synagoga
377 2855 515 2934 exirent,
546 2854 693 2941 rogabant
722 2872 776 2919 eos
807 2851 912 2919 ludaei
949 2851 992 2918 ibi
1020 2860 1217 2940 praesentes,
1249 2862 1283 2919 nt
1309 2853 1374 2917 sibi

190 2977 320 3067 (αυτοις)
347 2981 524 3064 insequente
552 2979 674 3042 sabbato
707 2979 812 3042 eadem
840 2974 895 3064 (τα
924 2972 1018 3060 aare)
1047 2977 1195 3040 doctrin-a
1224 2971 1374 3064 (ρηματα)

191 3116 400 3189 exponeretur
427 3100 632 3191 (λαληθηναι).
658 3103 712 3176 Εις
735 3125 769 3165 ro
799 3099 910 3188 μεταξυ
939 3096 1111 3186 solidator,
1131 3099 1167 3187 zij
1186 3099 1372 3167 verzoohteu

190 3250 266 3293 ooor
281 3231 342 3294 deo
358 3229 530 3310 volpendert
545 3225 757 3309 Sabbotlrdop.
849 3266 852 3272 ·

237 3351 419 3419 Sermonem
440 3349 493 3417 hio
512 3370 581 3417 esse
603 3371 664 3417 non
688 3349 726 3417 de
748 3350 853 3415 medio
879 3361 1019 3432 tempore
1042 3349 1127 3413 inter
1147 3347 1208 3412 duo
1226 3346 1372 3425 sabbato,

196 3475 249 3543 sed
265 3474 304 3542 de
320 3478 499 3560 insequente
514 3477 657 3552 sabbato,
677 3495 715 3541 ex
731 3474 813 3541 serie
837 3471 1024 3540 narrationis
1041 3471 1101 3558 (vs.
1129 3471 1184 3552 tl)
1201 3469 1274 3536 satis
1291 3479 1376 3536 certo

196 3601 361 3688 colligitur.
386 3599 561 3667 Dicendum
589 3599 693 3688 itaque
713 3610 777 3680 est,
803 3621 837 3660 το
866 3593 978 3683 peroio
995 3596 1048 3662 hio
1063 3595 1166 3662 valere
1190 3605 1372 3679 posterum,

198 3724 335 3812 adeoque
359 3745 464 3791 vooem
488 3721 601 3811 μεταξυ
620 3724 680 3791 hoo
702 3725 771 3791 loeo
799 3721 914 3790 habere
944 3721 1100 3789 notionem
1127 3720 1215 3788 vocis
1231 3715 1295 3795 ἑξης
1311 3718 1376 3786 sive

200 3871 370 3934 μετεπειτα,
395 3858 481 3932 post,
501 3846 584 3937 quod
601 3866 833 3935 nonnumquam
854 3845 936 3926 fieri,
955 3844 1096 3932 exempla
1112 3842 1244 3932 probant
1260 3861 1278 3908 a
1295 3840 1375 3908 Lud.

201 3973 324 4062 Capello
345 3970 388 4051 (in
410 3972 518 4040 Critio.
544 3973 631 4040 Saer.
657 3970 750 4039 adh.
777 3971 812 4055 l.)
836 3982 865 4037 et
891 3967 1057 4037 Kuinoelio
1083 3965 1133 4049 (ad
1155 3965 1189 4033 h.
1214 3965 1252 4047 l.)
1274 3964 1376 4032 allata.

201 4095 270 4178 Sio,
284 4096 371 4163 verbi
387 4097 500 4184 gratia,
519 4096 642 4163 Flavius
659 4093 812 4183 losephus
828 4093 878 4175 (de
900 4095 939 4161 B.
959 4095 985 4159 l.
1005 4090 1075 4158 Lib.
1094 4090 1137 4170 V,
1157 4091 1233 4179 Cap.
1249 4089 1298 4158 tv
1314 4115 1322 4156 ε
1341 4087 1380 4176 l)

202 4220 326 4308 scripsit
345 4242 352 4283 :
372 4216 475 4305 Δαβιό
490 4243 520 4282 τε
537 4244 587 4283 και
604 4217 819 4304 Σολομωντος,
838 4240 881 4280 ers
899 4212 1006 4279 deror
1025 4209 1138 4300 peroio
1159 4235 1273 4275 τουτων
1290 4208 1381 4296 βασι-

203 4340 288 4423 lema,
307 4341 340 4410 h.
359 4365 388 4410 e.
408 4345 540 4410 Dooidis
556 4355 586 4409 ει
609 4344 805 4421 Solomonis,
826 4353 983 4407 eteorum
1003 4342 1060 4423 qui
1086 4341 1141 4403 hos
1169 4358 1255 4420 repes
1282 4337 1382 4403 secuti

202 4478 286 4534 root.
305 4467 386 4534 Sane
402 4468 479 4534 nulli
495 4468 737 4534 intercesserunt
752 4466 833 4531 inter
849 4462 1002 4530 Davidem
1018 4472 1049 4528 et
1064 4460 1262 4530 Salomonem
1278 4478 1379 4547 reges,

1200 4586 1239 4645 25
