3074 5054
193 370 257 436 tat
528 365 662 433 ACTUS
696 363 1027 442 APOSTOLORUM,

189 556 281 624 modo
309 555 371 622 iliis
400 554 649 643 respondendum
676 556 735 634 sit,
764 554 854 622 docet
881 553 1089 643 Stapletonius
1118 564 1222 619 noster
1249 553 1280 619 in
1305 572 1363 619 suo

187 682 414 765 Promptnorio
438 681 588 745 catholico
612 680 658 768 (iu
687 680 882 746 Dominicam
906 681 952 745 ΙΧ
972 689 1043 767 post
1064 675 1301 765 Pentecosten),
1324 676 1364 743 ad

187 803 238 871 itta
254 803 369 871 Christi
385 802 480 869 verba
498 823 506 864 τ
524 804 645 868 Domns
661 825 747 883 noea,
765 807 877 869 domus
894 805 1049 869 orationis
1066 803 1241 867 uocabitur.

228 1052 283 1117 51.
307 1048 485 1118 Verisimile
502 1049 577 1116 mibi
594 1050 727 1127 videtur,
746 1050 778 1118 id
795 1050 895 1140 quod,
913 1050 1194 1140 Theopbylactum⁴
1211 1062 1241 1117 et
1254 1051 1359 1119 Oecu-

183 1175 319 1242 menium
336 1181 453 1255 secuti,
468 1174 691 1242 Salmeronius²
707 1175 821 1264 aliique
837 1179 1024 1264 interpretes
1041 1177 1274 1255 existimarunt,
1297 1176 1360 1242 sci·

183 1297 266 1377 licet,
291 1296 498 1385 Stephanum,
517 1297 601 1386 quod
619 1318 657 1364 ex
674 1319 832 1366 murmure
848 1309 878 1367 et
893 1298 1030 1387 gestibus
1046 1299 1222 1366 auditorum
1239 1299 1361 1366 videret-

183 1439 253 1500 eos,
272 1421 387 1510 quippe
411 1422 456 1488 ira
479 1432 509 1488 et
525 1422 596 1489 odio
620 1435 727 1489 contra
750 1443 784 1490 se
807 1444 973 1503 accensos,
991 1424 1128 1490 animum
1155 1423 1283 1489 minime
1306 1422 1362 1489 ad-

181 1555 301 1611 vertere
317 1544 356 1612 ad
372 1566 406 1612 ea
424 1566 502 1635 quae
519 1545 712 1626 dicebantur,
739 1547 807 1614 ideo
826 1547 877 1614 bic
898 1547 1060 1636 abrupisse
1085 1546 1171 1614 filum
1196 1557 1362 1635 susceptae

181 1665 386 1748 defensionis,
401 1668 559 1756 missoque
581 1668 749 1758 placidiore
770 1690 932 1752 sermone,
955 1669 993 1737 ad
1015 1669 1139 1737 eosdem
1165 1689 1272 1736 severe
1289 1690 1362 1736 cor·

183 1790 341 1878 ripiendos
358 1792 529 1858 transiisse.

226 1916 319 1981 Doro
335 1919 470 1997 cervice,
489 1913 579 2000 etc).
600 1917 718 1984 Graece
743 1938 802 1984 una
826 1938 902 1986 voce
927 1917 1207 2010 σκληροτραχηλοι,
1226 1929 1259 1984 ut
1275 1917 1360 2006 apud

182 2039 342 2107 Nostrates
357 2040 612 2124 borrdnebicipen!
629 2041 705 2108 tales
722 2043 773 2131 qui
796 2043 901 2130 iugum
927 2042 1120 2110 obedientiae
1140 2042 1220 2108 ferre
1240 2041 1362 2109 detrec-

181 2176 256 2233 tant.
271 2204 314 2216 -
331 2166 513 2256 Metapbora
538 2167 628 2235 ducta
645 2179 691 2234 est
706 2187 723 2234 a
741 2169 886 2235 iumentis
911 2168 1097 2236 refractariis
1120 2177 1150 2234 et
1174 2167 1235 2255 iugi
1260 2168 1361 2256 impa-

179 2290 338 2360 tientibuS.
358 2295 600 2359 Incircnmciois
616 2293 761 2359 cordibus
779 2304 808 2358 et
823 2294 977 2377 onribns;
995 2294 1114 2361 Graece
1136 2295 1360 2358 incircumcisi

179 2420 272 2482 corde
296 2430 326 2483 et
350 2419 498 2501 nnribnr,
518 2442 553 2506 τῃ
578 2413 690 2507 καρδιᾳ
710 2442 762 2480 και
785 2442 847 2491 τοις
871 2441 964 2495 ocra,
984 2419 1036 2507 qui
1054 2429 1125 2484 sunt
1140 2419 1243 2485 Datiri
1259 2419 1357 2484 Reio-

180 2543 288 2606 tionis.
318 2540 399 2609 Vide
426 2543 484 2611 Gr.
516 2562 584 2630 pag.
615 2544 693 2608 ato.
725 2545 758 2610 3.
785 2541 989 2608 Circumcisio
1017 2542 1139 2628 signum
1168 2553 1232 2607 erat
1260 2545 1360 2608 etium

180 2667 470 2747 commonitorium,
496 2687 557 2753 quo
585 2685 696 2754 nempe
724 2664 900 2732 circumcisi
930 2677 1141 2744 monerentur,
1160 2676 1194 2730 ut
1218 2664 1290 2731 vitia
1319 2685 1360 2732 ex

179 2791 290 2858 animis
317 2791 382 2857 suis
406 2790 500 2857 veluti
529 2790 711 2868 evellerent,
736 2790 867 2878 Deoque
892 2809 982 2856 aures
1008 2789 1191 2877 praeberent
1213 2800 1357 2878 apertaS‚

179 2914 392 3003 obsequiosas
417 2915 660 2997 Circumcidice,
695 2913 733 2981 ad
765 2914 919 2981 lsrattlitas
948 2914 1026 2981 dixit
1060 2916 1164 2981 Moses
1199 2914 1356 3004 (Denter.

179 3040 237 3104 X:
264 3036 332 3126 16),
357 3041 564 3122 praeputium
587 3041 691 3104 cordis
717 3042 831 3122 uestri,
857 3051 886 3104 et
908 3042 1060 3105 ceruicem
1083 3050 1221 3104 nestram
1244 3062 1283 3104 ne
1305 3043 1359 3106 in-

178 3166 298 3230 dnretio
322 3167 475 3247 amplior.
494 3202 538 3212 -
560 3166 661 3230 Aures
684 3167 923 3229 incircumcisae
951 3165 982 3230 in
1011 3164 1181 3252 Scripturis
1209 3164 1359 3233 dicuntur

181 3307 248 3354 esse
272 3307 399 3367 eorum,
420 3286 492 3374 qui,
510 3306 600 3353 aures
621 3306 693 3353 suas
714 3287 806 3354 veluti
832 3287 1027 3364 obturantes,
1052 3288 1154 3353 Deum
1179 3300 1358 3358 monentem

176 3410 284 3478 audire
312 3418 486 3478 recusant:
519 3409 580 3475 Cni
607 3409 743 3495 loquor?
771 3421 800 3474 et
827 3432 919 3495 parem
947 3414 1140 3477 contestabor
1162 3422 1198 3477 nt
1217 3413 1358 3479 audiat?

177 3534 257 3598 Ecce
282 3535 520 3598 incircnmciooe
548 3554 642 3597 annea
671 3554 798 3612 eornm,
822 3545 852 3598 et
874 3536 985 3598 andire
1009 3556 1073 3600 non
1094 3547 1251 3618 possunt:
1274 3538 1357 3603 Ecce

175 3656 305 3720 verbnm
328 3657 462 3721 Domini
482 3661 603 3742 soctan
625 3667 671 3722 est
693 3660 737 3723 eis
760 3660 796 3722 in
816 3659 1040 3741 opprobrium,
1059 3669 1089 3723 et
1104 3679 1167 3723 non
1183 3662 1357 3743 conscipient

179 3778 272 3845 renna.
291 3778 406 3845 lenm.
425 3744 471 3847 vi
490 3803 498 3844 ι
520 3782 572 3847 ro.

181 3987 340 3998 »σι-...-

211 4139 230 4204 ¹)
260 4124 345 4198 Τινος
383 4121 475 4187 ἕνεκεν
514 4147 604 4216 μεχρι
634 4149 739 4189 τουτου
785 4121 965 4213 λεγομενοις.
985 4138 1355 4205 Theophyl.adb.l.similia

177 4235 278 4303 πραως
291 4211 514 4306 δημηγορησας,
533 4216 657 4279 cornuin
669 4240 741 4307 rpn-
786 4229 864 4282 habeo
875 4230 1048 4283 Oecumenius
1059 4231 1092 4282 ad
1104 4231 1130 4282 h.
1141 4230 1160 4282 1.

175 4327 251 4389 χεως
266 4328 309 4390 τῳ
326 4303 406 4396 λογῳ
421 4328 576 4395 κεχρηταις
591 4311 634 4371 ὁτι
651 4304 743 4398 ἑωρα-

175 4417 224 4458 κεν
252 4420 361 4470 aurove
384 4420 426 4482 pn
453 4419 656 4486 πρῡσῑχθνΐας
680 4423 741 4472 ῒθῑς
820 4421 838 4486 ¹)
857 4422 940 4474 tract.
955 4423 1025 4475 XXV
1039 4424 1066 4474 in
1079 4425 1137 4474 Act.
1151 4424 1199 4489 Ap.
