3074 5054
462 387 601 455 CAPUT
639 388 726 470 XX,
764 389 887 459 VERS.
929 391 1074 459 ll-ld.
1297 390 1363 460 483

184 579 351 662 duxeruut,
368 599 440 646 uum
457 580 582 646 notione
598 580 765 669 Temporis
782 581 1102 671 Plusquumperiecti,
1120 593 1154 649 ut
1170 583 1247 650 hor.
1268 605 1363 648 απεσ-

182 698 255 765 rrtis
271 702 359 770 loen.
377 702 488 772 XVlll
508 723 516 766 ι
535 705 591 771 hd.
611 741 656 753 -
675 705 780 768 Ζωντα
797 714 844 771 est
860 706 1064 773 Accusativus
1080 709 1271 790 praedicati.

190 820 413 914 interpretes
440 824 593 894 Catholici
615 826 761 894 ‘nonnulli
797 837 965 914 negarunt,
1002 847 1179 896 sermonem
1207 848 1275 896 esse
1301 829 1365 898 hoe

181 942 247 1015 loco
269 945 311 1014 de
332 946 541 1017 celebratione
569 948 816 1029 Eucharistiae¹;
842 949 897 1017 sod
914 948 1027 1018 horum
1044 951 1195 1018 sententia
1218 951 1361 1040 pluribus

180 1088 240 1139 nou
260 1071 424 1160 probatur.
438 1073 478 1138 Et
489 1092 563 1140 vero
580 1072 619 1140 de
636 1071 834 1140 Eucharistia
850 1051 902 1140 hie
915 1074 961 1160 agi
976 1084 1010 1140 ut
1021 1073 1205 1155 credamus,
1225 1075 1359 1142 rationes

179 1197 253 1266 tntis
268 1197 378 1266 tirmao
392 1198 536 1266 suadent.
556 1200 602 1266 Ao
614 1200 749 1289 primum
764 1199 889 1289 quidem
906 1200 973 1287 ipsa
985 1199 1081 1267 dictio
1093 1197 1170 1284 κλᾳν
1186 1219 1237 1264 roo
1253 1223 1357 1292 αρτον,

178 1322 328 1406 [mopere
340 1343 472 1408 ponem,
492 1341 572 1409 quac
595 1322 732 1389 solennis
754 1333 801 1388 est
820 1320 859 1389 ad
881 1340 948 1387 eam
973 1340 1039 1387 rem
1064 1321 1299 1409 significandam
1317 1323 1362 1391 lo-

179 1447 264 1515 ont'io
279 1445 335 1536 (oi.
362 1449 433 1515 Act.
460 1448 537 1535 Cup.
565 1448 684 1514 11:42
707 1457 738 1513 et
754 1448 767 1512 l
784 1447 858 1514 Cor.
880 1447 911 1512 X
931 1465 938 1507 :
961 1446 1033 1529 to);
1066 1457 1150 1526 tum,
1178 1447 1262 1537 quod
1287 1447 1364 1515 haec

179 1575 297 1658 [ructio
318 1575 413 1657 panis
436 1571 540 1639 locunt
565 1569 672 1638 habuit
693 1571 743 1639 die
765 1571 940 1651 dominica,
959 1569 1083 1659 quadie
1099 1570 1240 1639 solebant
1255 1572 1363 1641 Chris-

182 1692 254 1761 tittui
279 1713 385 1760 sacros
408 1713 499 1781 agere
523 1705 693 1761 conventus
709 1690 767 1781 (cf.
787 1694 800 1760 l
817 1693 891 1759 Cor.
910 1693 989 1762 XVl
1008 1712 1016 1754 :
1035 1690 1072 1777 d)
1089 1703 1119 1760 et
1134 1693 1362 1763 Eucharistiam

181 1815 371 1897 oelehrare23
391 1837 505 1906 porro,
524 1818 607 1906 quod
629 1818 660 1885 in
684 1828 746 1884 tota
773 1816 832 1884 hac
859 1817 1036 1884 narratione
1056 1837 1095 1884 ne
1116 1838 1212 1885 unum
1237 1820 1362 1909 quidem

188 1966 384 1982 -u—-p--n

216 2037 235 2104 ¹)
257 2038 339 2090 Movit
380 2037 427 2090 bos
463 2038 572 2090 forsitan
612 2037 753 2090 auctoritas
797 2022 904 2088 Korn...
923 2044 1127 2109 παυσαμενων
1148 2022 1232 2108 ἡμων
1248 2047 1300 2098 της
1317 2046 1365 2087 ευ-

184 2119 211 2172 S.
230 2119 423 2185 chrysostomi,
442 2122 487 2186 qui
506 2134 553 2184 ea,
571 2134 639 2188 quae
656 2120 698 2172 hic
711 2120 752 2173 ie·
797 2137 871 2198 χης,
889 2134 977 2201 αρτος
1002 2135 1202 2204 προσφερεται
1219 2138 1271 2177 και
1288 2137 1365 2187 οινος

184 2203 292 2265 guntur,
305 2200 337 2252 de
348 2201 449 2266 vulgari
462 2215 543 2253 coena
560 2201 630 2254 dicta
641 2202 750 2267 accepit.

185 2267 279 2360 Ὀρα,
295 2283 395 2349 inquit,
408 2293 471 2343 πως
488 2294 540 2342 και
561 2295 597 2358 τῃ
619 2272 751 2357 τραπεζῃ

184 2383 236 2423 του
264 2356 394 2423 Παυλου
430 2383 539 2434 παντες
563 2383 748 2424 euoromuouo.

185 2450 264 2536 Epor
280 2445 379 2534 donar,
398 2475 449 2513 και
465 2473 550 2541 παρα
572 2475 624 2525 την
643 2474 753 2541 epotus·

186 2543 239 2614 ζαν
248 2564 338 2605 aaron
349 2541 513 2628 καθημενον
522 2538 745 2632 ὃιαλεγεσθαι.»

188 2637 213 2689 h.
225 2652 249 2691 e.
268 2637 329 2692 Vide
346 2641 473 2704 quomodo
486 2654 592 2692 mensae
606 2640 684 2691 Pauli
694 2655 754 2691 ont-

187 2735 233 2772 nea
254 2722 400 2786 participes
426 2728 519 2774 essent.
553 2721 663 2773 Videtur
690 2723 756 2774 milti

187 2805 264 2856 etium
275 2805 311 2856 ud
320 2819 439 2856 mensam
453 2806 545 2856 sedeas
560 2805 725 2858 disseruisse.
741 2826 753 2852 n

188 2885 215 2938 S.
228 2885 319 2952 Chrys.
331 2887 405 2939 Hom.
419 2886 451 2937 te
461 2887 487 2938 iu
501 2888 558 2939 hot.
573 2889 623 2953 Ap.

220 2995 240 3059 ¹)
259 2995 342 3047 Testis
363 2995 485 3047 audiatur
507 2995 534 3047 S.
558 2995 688 3059 lustinus,
711 2997 757 3062 qui

188 3078 255 3130 eirea
266 3091 366 3130 anuum
382 3076 431 3128 tto
443 3082 502 3143 post
513 3077 645 3130 Christum
662 3080 755 3130 natum

188 3159 224 3225 (in
238 3159 363 3225 Apologia
379 3160 478 3224 prima,
497 3167 528 3210 n⁰
540 3160 581 3223 67,
600 3172 659 3224 pag.
677 3159 709 3209 83
727 3160 754 3210 in

171 3227 250 3290 edit.
271 3238 414 3303 Benedici.)
433 3239 498 3292 haec
515 3240 638 3304 scripsit:
657 3255 671 3287 rr
690 3227 755 3290 Και

186 3338 229 3403 τῃν
256 3337 309 3379 του
342 3313 428 3389 dhreo
463 3312 606 3405 λεγομενη
637 3315 752 3406 ἡμερᾳ,

188 3421 289 3486 inquit,
302 3428 423 3469 παντων
446 3429 526 3469 κατα
547 3386 648 3480 coiere
665 3431 682 3480 η
699 3430 754 3495 αγ-

207 3518 256 3570 ους
277 3517 425 3582 μενοντων
444 3520 491 3560 titt
515 3520 548 3560 το
573 3521 647 3560 avae
668 3512 754 3560 συνε-

188 3517 290 3660 iecere
304 3610 437 3676 yrusrut,
452 3611 502 3650 και
521 3611 560 3650 τα
577 3610 755 3675 apopompe-

189 3700 323 3764 νευματα
350 3701 410 3741 των
443 3676 636 3757 cucurbitam,
670 3703 687 3752 η
715 3702 753 3740 τα

189 3791 417 3858 συγγραμματα
432 3792 493 3832 των
509 3791 668 3860 προφητων
680 3792 755 3832 uon·

188 3881 369 3947 γινωσκεται
394 3881 501 3949 μεχρις
519 3880 658 3948 εγχωρει.
677 3860 754 3923 Ειτα

189 3971 387 4034 nuncupando
407 3973 460 4012 rou
483 3971 753 4038 αναγινωσκοντος,

190 4043 375 4131 ὁπροεστως
390 4035 443 4103 δια
467 4037 558 4128 hoyoo
581 4065 633 4114 την
657 4041 754 4104 νουθε-

190 4152 261 4193 σιαν
276 4153 328 4192 και
340 4127 505 4222 προκλησιν
517 4127 754 4222 (reperiamini)

189 4244 241 4294 της
257 4242 317 4284 των
340 4217 443 4284 aalma
466 4243 579 4285 τουτων
599 4244 756 4308 μιμησεως

190 4332 442 4376 aberraremus
465 4312 653 4399 concrepabat
673 4334 756 4400 κοινῃ

191 4423 317 4478 παντες,
354 4425 406 4466 και
452 4425 544 4489 ευχας
584 4424 754 4489 πεμπομεν.

796 2227 849 2266 και
864 2198 964 2292 ὑδωρ;
983 2226 1034 2265 και
1055 2208 1070 2267 ὁ
1094 2226 1248 2292 προεστως
1273 2228 1365 2289 ευχας

797 2299 908 2380 ὁμοιως
928 2317 980 2356 και
1004 2315 1217 2382 ευχαριστιας,
1235 2297 1291 2369 ὅση
1313 2291 1366 2359 riu-

796 2407 887 2470 ναμις
918 2407 1019 2470 αυτῳ,
1049 2407 1239 2470 αναπεμπει,
1270 2410 1320 2449 και
1349 2388 1364 2448 ὂ

799 2472 870 2549 horor
898 2497 1060 2564 επευφημει
1084 2471 1176 2562 haymo
1201 2499 1234 2538 το
1260 2475 1362 2562 Apro.

798 2567 863 2628 Korn
886 2565 904 2638 ἡ
933 2561 1072 2638 draicote
1093 2566 1179 2640 καιὴ
1202 2564 1367 2654 porciolas

800 2679 860 2720 απο
878 2679 938 2719 των
955 2656 1228 2745 ευχαριστηθεντων
1247 2655 1365 2744 ἐκαστῳ

800 2770 931 2837 mussat,
951 2771 1003 2810 και
1022 2761 1083 2820 τοις
1106 2770 1139 2810 ου
1161 2754 1291 2839 παρούσι
1315 2745 1367 2812 δια

800 2862 859 2902 των
884 2833 1031 2901 &aaronem
1053 2859 1217 2923 πεμπεται.
1239 2853 1264 2904 Ιι.
1286 2869 1308 2905 e.
1331 2854 1368 2904 ho

802 2934 879 2997 Solis,
894 2938 923 2987 ut
938 2935 1042 2997 dieitur,
1056 2935 1107 2997 die,
1121 2936 1239 2987 omnium
1250 2935 1305 2986 sire
1318 2949 1367 2986 ur-

802 3016 848 3068 bes
863 3017 918 3069 sire
929 3030 1004 3081 agros
1016 3017 1189 3072 incolentium
1208 3020 1235 3070 in
1247 3018 1368 3071 eumdem

802 3097 888 3149 iocum
908 3098 939 3150 ut
957 3102 1118 3160 conventus,
1137 3103 1163 3151 et
1183 3101 1368 3154 commentaria

799 3179 997 3245 Apostolorum,
1011 3185 1057 3233 aut
1068 3181 1164 3248 scripta
1176 3181 1366 3247 Prophetarum

799 3259 934 3324 leguntur,
962 3262 1049 3328 quoad
1085 3262 1144 3314 licet
1179 3277 1225 3328 per
1253 3267 1367 3330 tempus.

799 3343 899 3396 Deinde
911 3344 956 3396 ubi
970 3345 1051 3398 lector
1067 3346 1160 3409 desiit,
1172 3347 1194 3397 is
1206 3347 1251 3412 qui
1265 3353 1369 3413 praeest

799 3425 1003 3478 admonitionem
1022 3426 1108 3478 verbis
1121 3430 1148 3479 et
1158 3427 1366 3481 adhortationem

798 3507 831 3559 ud
843 3521 884 3558 res
905 3511 957 3559 tam
974 3508 1119 3574 praeclaras
1130 3508 1270 3561 imitandas
1281 3511 1367 3562 susci-

799 3592 848 3657 pit.
862 3591 952 3644 Postea
970 3605 1061 3643 omnes
1077 3593 1154 3643 simui
1175 3595 1366 3658 consurgimus,

799 3679 826 3728 ot
838 3689 928 3741 preces
939 3677 1092 3729 emittimus
1104 3677 1167 3729 Et...
1186 3678 1230 3730 ubi
1242 3678 1368 3731 desiimus

799 3759 1367 3828 precari‚panisadorturetvinumetaqua;

799 3843 825 3892 et
838 3841 883 3906 qui
902 3844 1004 3906 praeest
1019 3855 1110 3907 preces
1122 3846 1149 3894 et
1160 3844 1304 3907 gratiarum
1322 3858 1369 3896 ac-

800 3923 883 3975 tiones
894 3925 954 3976 totis
966 3924 1067 3975 viribus
1083 3925 1195 3988 emittit,
1213 3930 1239 3978 et
1256 3927 1369 3992 populus

799 4003 923 4057 acclamat
945 4005 1037 4056 Amen.
1060 4006 1093 4058 Et
1112 4019 1203 4058 eorum
1223 4008 1250 4059 in
1272 4008 1369 4073 quibus

800 4086 898 4149 gratiae
920 4088 992 4138 actae
1011 4087 1076 4139 sunt
1096 4087 1164 4154 [των
1187 4096 1367 4166 ευχαριστη-

800 4160 906 4225 terror
918 4176 937 4227 i.
949 4189 973 4227 e.
989 4177 1074 4240 panio
1091 4182 1114 4229 et
1131 4179 1187 4230 vini
1198 4185 1366 4232 conaeorato-

800 4259 871 4323 runo)
894 4257 1043 4310 distributio
1067 4259 1098 4310 dt
1116 4264 1143 4311 et
1166 4263 1366 4315 communicatio

803 4342 944 4409 unicuique
964 4344 1154 4409 praesentium,
1175 4348 1202 4397 et
1218 4345 1369 4399 absentibus

802 4439 849 4490 per
860 4425 981 4478 diaconos
991 4427 1112 4480 mittitur.
1125 4446 1137 4473 n
