3074 5054
454 415 593 485 CAPUT
626 414 725 494 ΧΧΙ,
762 416 884 485 VERS.
912 416 1058 484 57-tu.
1292 414 1357 482 btb

177 607 482 698 dictampnum),
505 609 559 698 qui
583 618 653 675 ante
678 607 735 675 hos
754 607 821 676 dies
840 609 990 674 eroitooit
1006 612 1241 694 (αναστατωσας
1258 605 1359 674 Parti·

176 733 237 822 cip.
257 731 348 814 Aur.)
365 744 395 799 et
411 734 442 799 in
460 732 617 800 desertum
642 732 749 800 eduxit
771 744 904 821 quatuor
924 732 1020 798 millia
1036 730 1221 798 sicariorum
1238 727 1358 821 (einyn-
1381 751 1384 758 ¹

175 879 235 946 yon
248 859 325 925 Aor.
343 860 378 938 2,
397 856 468 925 vide
483 856 522 925 ad
541 857 618 946 Cap.
640 857 693 924 V:
712 854 795 942 27)i
810 856 868 923 Cui
886 856 1002 923 Peulm
1022 879 1029 921 :
1050 855 1115 943 Ego
1133 854 1258 943 quidem
1277 852 1359 944 (μεν)

177 1001 235 1047 oon
263 1000 332 1048 sum
362 981 389 1046 is
418 999 511 1068 quem
540 991 572 1046 tu
600 990 709 1069 putas,
736 978 790 1046 sed
818 981 960 1045 induens
991 979 1158 1044 Tarsensis
1186 975 1358 1066 (Ταρσευς),

176 1104 301 1172 Ciliciae
317 1103 538 1193 (provinciae),
553 1101 641 1170 urbis
659 1103 786 1171 minime
804 1101 957 1169 obscurae
972 1101 1069 1180 civis3
1087 1111 1282 1189 regnantem
1299 1093 1360 1189 (de)

177 1241 222 1310 te,
243 1231 395 1314 permitte
420 1226 600 1320 (επιτρεψον)
616 1227 693 1295 milri
719 1228 805 1318 loqui
828 1227 866 1295 ad
892 1226 1055 1317 populum.
1079 1224 1171 1312 Quod
1194 1244 1291 1313 quum
1315 1222 1360 1290 illi

177 1353 385 1442 permisisset,
408 1354 525 1421 Paulus
548 1364 632 1421 stans
648 1353 680 1420 in
695 1352 863 1441 gradihus,
881 1374 979 1420 monn
1000 1364 1086 1418 neoto
1105 1355 1224 1437 populo
1244 1353 1363 1417 indixit

176 1479 334 1544 silentium
363 1481 528 1565 (κατεσεισε
555 1500 591 1566 τῃ
615 1499 695 1568 χειρι
718 1501 762 1562 τῳ
788 1474 872 1563 λαῳ,
902 1474 973 1544 vide
996 1474 1036 1544 ad
1063 1477 1140 1566 Cap.
1166 1476 1230 1542 Xll
1257 1500 1264 1542 :
1292 1477 1359 1563 17).

178 1606 286 1691 Magno
309 1614 411 1670 autem
436 1603 559 1670 silentio
583 1601 662 1669 lauto
674 1653 682 1683 ,
695 1606 801 1688 patrio
817 1624 960 1670 sermone
982 1624 1057 1669 nsns
1074 1605 1121 1691 (τῃ
1137 1596 1274 1691 ‘Edpmdr
1292 1595 1360 1664 don-

179 1722 302 1814 lenrp),
316 1726 363 1794 sie
375 1726 542 1816 populares
554 1746 628 1794 suos
640 1727 793 1794 allocutus
805 1737 875 1794 est:
894 1728 965 1794 Viri
978 1731 1100 1813 [ratres
1113 1737 1143 1793 et
1158 1740 1281 1811 potres,
1297 1736 1359 1794 etc.

220 1855 379 1939 Quaenam
405 1854 508 1941 lingua
532 1851 720 1940 intelligatur
744 1872 779 1919 ea
804 1872 883 1942 quae
908 1851 961 1921 hic
984 1849 1269 1943 dicituri‘EGpoio
1293 1848 1361 1916 doe-

180 1975 290 2058 λεκτος,
309 1977 379 2046 uide
395 1997 490 2068 supra
507 1976 546 2044 ad
562 1979 638 2066 Cap.
659 1977 705 2044 lX
726 2003 733 2044 :
753 1979 792 2057 i,
816 1997 886 2067 pag.
906 1979 986 2047 ata.

311 2302 483 2378 CAPUT
534 2300 853 2377 VlGESlMUlll
905 2298 1223 2375 SECUNDUM.
1334 2332 1338 2337 ·

177 2482 369 2536 Aaouuenrnu.
388 2483 526 2535 Paulusad
538 2481 678 2550 populares
693 2496 755 2535 suos
771 2483 914 2535 orationem
933 2480 1027 2542 habet,
1040 2493 1106 2546 qua,
1119 2480 1151 2532 ad
1168 2480 1208 2532 sui
1226 2479 1360 2533 defensio·

209 2579 269 2618 nem
280 2607 287 2632 ,
298 2581 332 2619 ex
349 2568 440 2619 ordine
452 2570 567 2629 enarrat,
586 2579 700 2633 quonam
720 2566 796 2618 modo
807 2579 841 2617 ex
853 2565 933 2617 atroci
952 2563 1158 2616 Christianorum
1178 2566 1360 2628 persecutore,

211 2648 295 2701 lactus
306 2648 340 2701 sit
352 2649 407 2715 ipse
426 2648 591 2701 Christianus
610 2653 636 2701 et
653 2647 815 2700 Christianae
829 2648 961 2700 doctrinae
972 2659 1079 2714 praeco,
1089 2661 1129 2698 vs.
1141 2647 1214 2698 l-li.
1228 2646 1261 2698 Et
1269 2644 1361 2697 hacte-

210 2743 260 2782 uus
276 2731 383 2796 quidem
402 2730 532 2783 dicentem
550 2731 680 2797 patienter
698 2730 819 2783 audiunt.
841 2731 929 2792 Quum
948 2743 1010 2782 vero
1032 2733 1176 2793 narrasset,
1198 2743 1226 2782 se
1238 2729 1265 2780 in
1278 2729 1361 2780 extasi

211 2814 305 2868 vidisse
316 2815 412 2877 lesum,
422 2815 455 2866 ab
466 2828 550 2880 euque
563 2815 662 2866 iussum
674 2814 754 2866 luisse
766 2819 795 2866 ut
805 2814 975 2879 Evangelium
988 2812 1136 2866 Gentilibus
1147 2812 1318 2880 praedicaret,
1333 2813 1359 2864 in

210 2896 324 2949 furorem
342 2898 393 2949 acti
414 2897 545 2949 dicentem
566 2898 782 2964 interrumpunt,
802 2897 943 2951 inconditis
962 2897 1120 2951 clamoribus
1139 2898 1172 2949 ad
1191 2910 1282 2949 necem
1299 2909 1359 2948 eum

210 2979 395 3045 deposcentes,
414 2994 453 3031 vs.
473 2980 579 3030 tn-na.
594 2979 742 3043 Tribunus,
755 2995 789 3033 ex
805 2981 969 3045 ignoratione
986 2980 1105 3045 linguae,
1124 2979 1197 3032 Pauli
1217 2979 1361 3033 orationem

211 3062 319 3112 minime
330 3061 508 3124 intellexerat,
523 3061 568 3112 sed
583 3075 666 3127 quum
686 3066 758 3114 tanta
771 3062 842 3115 rabie
860 3062 973 3129 populus
985 3063 1012 3113 in
1032 3076 1093 3114 eum
1112 3061 1293 3124 inveberetur,
1307 3074 1360 3114 non

210 3144 380 3207 dubitaverit,
393 3146 457 3210 quin
471 3159 530 3197 reus
542 3150 610 3196 esset
621 3146 731 3197 alicuius
742 3146 874 3208 criminis3
890 3160 972 3213 quare
983 3145 1126 3198 abductum
1139 3146 1166 3197 in
1177 3149 1261 3198 castra
1274 3145 1366 3210 flagris

211 3226 283 3277 caedi
294 3226 465 3286 iubet,utex
476 3227 520 3280 illo
530 3232 698 3292 cognosceret
716 3228 780 3295 quid
798 3229 904 3280 tandem
923 3228 1109 3289 commisisset;
1132 3227 1178 3281 sed
1198 3228 1294 3280 avertit
1313 3227 1362 3279 boc

210 3307 368 3374 supplicium
381 3309 491 3373 Paulus,
504 3310 639 3363 declarans
652 3325 679 3363 se
691 3325 747 3362 esse
758 3312 842 3363 civem
861 3311 1018 3364 Romanum.
1033 3311 1099 3373 Quia
1112 3314 1199 3363 tamen
1211 3311 1276 3362 scire
1286 3309 1361 3363 vole·

211 3387 405 3452 batl'ribunus,
417 3392 554 3443 cuiusnam
566 3392 683 3443 criminis
695 3391 814 3442 Paulusa
826 3391 998 3458 popularibus
1009 3393 1063 3442 suis
1074 3395 1249 3455 accusaretur,
1261 3389 1360 3456 postri-

211 3471 253 3522 die
264 3485 350 3525 coram
362 3487 457 3538 magno
475 3474 604 3540 Synedrio
615 3475 688 3526 illum
701 3473 808 3535 statuit,
822 3487 895 3527 nunc
912 3473 1020 3541 quidem
1038 3475 1190 3541 suspicans,
1204 3476 1235 3526 ut
1246 3472 1360 3535 videtur,

211 3554 244 3606 de
257 3554 381 3620 religione
392 3571 447 3609 esse
459 3558 677 3621 controversiam,
694 3572 730 3608 vs.
745 3556 853 3608 24-30.

226 3709 326 3775 l—b.
357 3709 431 3773 Viri
450 3711 569 3793 fratres
590 3718 620 3773 et
641 3720 766 3793 potres,
786 3705 878 3795 etc).
904 3706 1021 3776 Blanda
1045 3710 1282 3798 compellatione
1304 3710 1359 3779 ad·

178 3842 292 3899 stantes
311 3831 490 3921 alloquitur3
511 3852 685 3901 assessores
703 3831 866 3920 Synedrii‚
888 3832 941 3922 qui
958 3832 1120 3915 adessent,
1136 3846 1265 3920 potres,
1286 3836 1358 3903 reli·

179 3976 258 4046 quos
286 3976 358 4023 vero
389 3962 511 4044 [ratres
540 3970 639 4026 vocat.
672 3960 808 4042 Audite,
843 3959 961 4047 inquit,
990 3982 1092 4026 meum
1123 3983 1208 4028 nuuc
1236 3963 1278 4027 od
1304 3983 1358 4028 nos

179 4084 392 4166 defensionem
408 4082 479 4169 (pon
501 4107 554 4158 της
577 4105 649 4175 προς
673 4084 753 4171 ipae
773 4081 962 4173 απολογιας).
981 4083 1106 4152 Scilicet
1123 4095 1309 4174 purgaturus
1325 4105 1359 4153 se

179 4211 244 4270 erat
266 4202 415 4271 adversus
430 4204 679 4285 criminationes,
697 4225 774 4293 quas
790 4226 886 4297 supra
900 4205 993 4296 (Cap.
1012 4205 1091 4274 XXl
1111 4230 1119 4273 :
1138 4204 1194 4288 98)
1210 4206 1356 4295 legimus,

184 4365 346 4378 -ῇ

178 4472 237 4540 γαρ
249 4449 438 4530 επυνθανετο,
453 4451 495 4513 Συ
508 4474 532 4514 ει
544 4456 559 4516 ὁ
571 4449 755 4540 depensum
770 4451 840 4540 Eyn
853 4473 928 4538 ειμι,
943 4475 1046 4542 φησιν,
1062 4453 1226 4543 aripenne,
1241 4479 1271 4518 n.
1282 4478 1310 4522 τ.
1323 4453 1355 4519 λ.
