3074 5054
175 380 240 448 but
526 377 661 446 ACTUS
690 377 1025 462 heosutttonttm,

175 569 323 635 terrestri
344 567 454 634 itinere
474 564 571 633 fuisse
594 565 778 636 conlectam.
798 606 842 619 -
861 569 1004 638 doristus
1020 565 1218 646 διανυσαντες
1235 570 1288 640 hic
1303 573 1357 642 ad·

174 691 299 760 hibetur
315 712 376 760 non
399 691 437 760 de
459 710 496 788 ec
519 690 603 781 quod
627 694 813 782 praecessit,
839 714 940 783 neque
957 694 994 761 dc
1019 692 1224 777 simultanee,
1243 698 1301 765 sed
1319 699 1358 766 de

173 816 282 886 eodem
294 818 353 884 sub
366 815 488 884 diverso
503 825 666 905 respectu:
681 827 747 883 erat
762 817 844 883 enim
860 840 894 880 το
911 813 1054 882 bracarae
1070 840 1121 882 τον
1137 817 1235 884 cicer
1249 822 1355 911 reipsa

175 941 256 1011 idem
273 960 310 1009 ac
324 965 358 1005 το
375 964 562 1015 retenturas
579 965 639 1005 aare
655 942 752 1032 Τυρου
769 965 809 1016 εις
826 939 1041 1028 Πτολεμαιὸα.
1062 943 1181 1010 Similis
1200 944 1359 1032 signifiea-

175 1067 269 1135 tionis
286 1064 429 1134 deristus
447 1065 601 1145 occurrit,
621 1065 754 1154 exempli
772 1085 883 1146 causa,
902 1066 992 1133 etiarn
1010 1068 1080 1133 Act.
1097 1068 1110 1132 l
1130 1091 1138 1133 ι
1159 1069 1216 1135 ib.
1236 1069 1359 1136 Graeca

178 1190 300 1279 Belgica
326 1188 499 1256 reddideris
516 1209 523 1251 τ
547 1191 609 1271 We·
623 1212 667 1256 titt
682 1191 862 1256 veltrcltlrert
880 1211 957 1256 crtze
975 1202 1067 1257 vaart
1083 1213 1121 1257 ert
1137 1194 1360 1258 heremeticam

179 1318 286 1400 Tqrus
304 1326 332 1380 te
349 1317 522 1381 Ptolemais
546 1335 622 1380 cart.
641 1316 689 1380 De
712 1314 800 1381 titulo
822 1319 1030 1399 eucapelistue
1053 1316 1166 1384 dicturi
1189 1336 1301 1384 sumus
1321 1317 1360 1384 ad

177 1439 294 1530 Ephes.
310 1439 355 1507 tv
371 1459 379 1501 :
397 1441 450 1506 ll.
465 1477 508 1486 —-
520 1437 625 1519 Οντος,
640 1441 757 1524 quippe
768 1441 826 1524 qai
838 1450 914 1506 esset
928 1438 1008 1528 (uide
1020 1442 1078 1509 Gr.
1094 1459 1164 1528 pag.
1180 1441 1260 1507 582.
1275 1440 1357 1521 ως

176 1565 296 1634 scilicet
323 1585 415 1630 carrea
442 1562 608 1640 indicatur,
627 1583 684 1629 cur
710 1562 792 1652 apud
821 1561 1000 1651 Philippum
1028 1563 1131 1650 potius
1157 1581 1251 1650 quam
1277 1562 1361 1651 apud

177 1689 272 1756 alium
290 1685 468 1775 quempiam
485 1684 629 1752 diversati
646 1686 720 1752 sint.
739 1684 906 1753 Versiculo
931 1705 1013 1751 ncnc
1035 1685 1135 1750 Lucas
1158 1685 1259 1749 obiter
1276 1693 1362 1750 notat

176 1823 332 1901 tamquam
343 1812 544 1875 memorabile
556 1811 646 1895 quid,
662 1808 736 1877 huic
747 1808 893 1899 Philippu
916 1808 1012 1876 luisse
1026 1808 1104 1876 lilias
1121 1819 1266 1897 quatuor,
1282 1828 1363 1897 quae

175 1956 284 2004 onmes
306 1933 511 2020 uirginitatem
532 1931 752 2022 profiterentur
774 1931 946 2024 (Θυγατερες
971 1930 1135 2020 cupierat),
1154 1945 1184 1999 et
1200 1930 1362 1999 charisma

178 2057 327 2126 haberent
346 2054 538 2146 prophetiae.
565 2054 613 2121 Cf.
633 2054 714 2121 dieta
735 2053 773 2120 ad
790 2056 866 2144 Cap.
885 2057 932 2122 Xl
951 2077 959 2117 ε
979 2057 1035 2122 at.
1054 2056 1102 2120 De
1118 2052 1257 2142 Philippi
1275 2054 1362 2138 filic-

177 2182 233 2247 bus
248 2179 429 2264 virqirtibus
446 2177 571 2244 disserit
586 2178 739 2245 Barenius
755 2177 793 2244 ad
808 2197 859 2244 an.
878 2177 938 2245 Ch.
958 2179 1013 2257 58,
1032 2177 1051 2265 S
1072 2178 1150 2257 tlt,
1169 2198 1242 2266 sqq.

228 2424 373 2490 l0-lb.
399 2423 444 2487 Et
469 2444 539 2487 cunt
564 2443 778 2501 moraremur,
797 2425 885 2508 etc).
904 2422 1008 2507 Quum
1029 2430 1149 2499 autem,
1165 2420 1284 2509 inquit,
1303 2441 1364 2504 per

178 2548 289 2630 plures
315 2547 383 2610 dies
408 2545 531 2635 (ἡμερας
554 2542 688 2632 πλειους)
716 2547 866 2611 Cesareae
896 2564 1173 2620 commoraremur,
1203 2546 1363 2611 descendit

179 2665 338 2760 (κατηλθε)
361 2668 436 2736 illuc
453 2667 579 2756 quidam
596 2667 766 2758 propheta,
785 2670 938 2735 eludere
959 2671 1116 2734 oriundus
1133 2666 1208 2756 (απο
1225 2692 1277 2742 της
1294 2668 1363 2731 Ioe-

179 2789 294 2878 δαιας),
313 2790 439 2858 nomine
456 2790 580 2877 Agabus
597 2791 678 2876 (vide
697 2811 791 2880 supra
808 2792 884 2880 Cap.
901 2793 947 2858 XI
968 2815 975 2857 :
995 2793 1063 2875 28).
1084 2794 1113 2859 ls
1131 2811 1227 2881 quum
1245 2790 1284 2857 ad
1302 2811 1361 2858 nes

178 2922 315 2986 vertisset
330 2916 446 3009 (steen)
464 2927 493 2983 et
512 2920 635 2985 tulisset
655 2922 719 3004 (και
735 2916 821 3009 apae)
838 2919 995 3006 cingulum
1017 2919 1124 2999 Pauli,
1142 2922 1361 3006 clliqessetque

177 3040 291 3134 (ὃησάς
306 3046 348 3129 τε)
365 3062 401 3109 ec
418 3041 542 3128 cingulo
567 3061 639 3108 suas
663 3042 762 3131 ipsius
782 3062 891 3109 manus
915 3053 945 3108 et
961 3039 1076 3130 pedes,
1097 3041 1216 3107 ablatus
1240 3041 1361 3129 Spiritu

178 3168 290 3236 Sancto
316 3164 357 3231 ita
385 3162 492 3229 dixit:
517 3163 603 3229 Haec
629 3163 671 3229 ait
695 3163 829 3252 Spiritus
857 3164 987 3232 Sanctus
1011 3185 1018 3227 :
1039 3163 1171 3243 Virum,
1197 3163 1289 3231 cuius
1314 3175 1362 3232 est

179 3286 338 3376 cingulum
362 3284 442 3363 hcc,
465 3285 506 3352 ita
528 3284 696 3373 alligabunt
719 3286 956 3372 hidreselymae
981 3285 1104 3366 ludaei,
1122 3285 1308 3376 tradentque
1330 3288 1359 3353 in

181 3432 291 3479 manus
319 3410 486 3479 Gentium!
516 3410 602 3476 Haec
629 3429 699 3477 cum
727 3409 942 3491 audissemus,
972 3421 1037 3477 tum
1065 3430 1121 3477 nos
1149 3410 1264 3496 (ἡμεις,
1288 3411 1358 3478 scil.

183 3537 283 3602 Lucas
311 3541 429 3614 noster,
459 3532 618 3621 ceterique
644 3533 732 3600 Pauli
758 3532 914 3620 comites),
934 3542 998 3599 tum
1015 3531 1182 3599 Christiani
1204 3535 1362 3618 inquilini

180 3656 225 3746 (οἱ
253 3678 401 3734 errectos,
430 3653 597 3722 Christiani
626 3656 864 3746 Caesareinses)
886 3655 1128 3724 adhortabamur
1151 3674 1236 3733 eum,
1263 3667 1299 3721 ut
1323 3677 1361 3721 ne

181 3776 432 3864 Hierosolymam
449 3780 648 3843 adscenderet
663 3777 732 3868 (rea
749 3803 791 3866 pq
807 3776 1008 3864 credemur).

125 3882 129 3888 ⁸
225 3903 275 3968 De
302 3918 379 3967 zona
410 3899 476 3966 sive
505 3900 629 3988 cingulo
662 3900 733 3967 vide
765 3921 844 3990 quae
875 3903 1049 3968 notavimus
1083 3921 1178 3991 supra
1211 3901 1252 3969 ad
1282 3903 1358 3990 Cap.

180 4027 244 4094 Xll
263 4046 271 4089 :
290 4028 324 4092 8.
355 4023 492 4111 Agabus,
517 4044 573 4113 pre
596 4046 682 4092 more
706 4027 903 4116 antiquorum
928 4026 1156 4117 Prophetarum
1182 4025 1235 4107 (cl.
1262 4026 1361 4093 lsaiae

179 4151 267 4218 XX:
282 4153 372 4232 2153
392 4152 504 4217 leram.
519 4152 597 4217 Xlll
613 4171 621 4213 ε
639 4153 652 4218 l
662 4200 671 4231 ,
689 4171 760 4240 sqq.
776 4153 903 4220 XXVll
922 4173 930 4214 :
947 4151 995 4240 i),
1011 4150 1042 4218 id
1059 4150 1143 4240 quod
1163 4149 1362 4239 praedicebat

180 4275 274 4342 simul
289 4285 359 4343 actu
376 4274 550 4362 symbolica
572 4276 833 4363 repraesentabat.
854 4278 904 4344 De
928 4276 1083 4344 Infinitive
1099 4297 1152 4339 του
1170 4298 1212 4361 μη
1234 4269 1361 4337 erader-

180 4422 238 4464 rerr
254 4399 371 4469 videsis
387 4403 443 4470 Gr.
465 4421 534 4490 pag.
555 4403 640 4483 356,
661 4404 693 4466 l.
