3074 5054
182 374 226 438 98
516 373 652 442 ACTUS
685 371 1021 456 apostatabant,

180 560 265 649 quit,
279 562 424 645 primatu
439 564 568 651 (πρωτον
583 562 811 656 adverbialiter)
828 566 851 633 i.
870 584 899 631 e.
918 576 988 632 ante
1003 564 1082 632 alios
1100 565 1183 631 Ducs
1198 568 1364 633 suscitavit

178 683 320 774 (prodire
335 686 449 768 iussit),
466 707 594 753 seruam
608 707 702 754 suurn
718 695 781 779 (τον
796 683 908 768 cerda,
925 687 997 756 vide
1012 709 1108 779 supra
1119 689 1196 778 Cap.
1213 691 1258 759 lll
1275 709 1284 752 ε
1302 689 1364 780 to)

177 810 288 875 Iesum
304 809 475 894 Messium,
500 813 645 896 misitque
672 821 709 877 ut
734 814 818 879 uobis
842 814 1036 878 benediceret
1052 811 1248 903 (saiopoaura
1265 815 1361 901 ὑμας,

179 931 264 1020 qnod
278 932 465 1001 sumendum
481 944 527 1001 est
542 953 579 1001 eo
593 953 700 1014 sensu,
716 954 778 1024 qno
794 953 901 1025 snpra,
915 956 963 1003 vs.
979 939 1035 1016 96,
1050 933 1360 1026 ενευλογηθησονται),

179 1055 214 1124 Ιι.
233 1077 263 1125 e.
281 1068 316 1125 nt
330 1058 419 1126 vobis
434 1068 543 1126 auctor
557 1068 639 1126 esset
654 1058 778 1140 salutis,
802 1081 837 1126 ea
854 1062 920 1145 leae
936 1071 973 1127 ut
987 1064 1204 1148 uuusquisque
1219 1072 1362 1129 vestram

176 1202 209 1248 se
229 1193 353 1249 avertat
374 1206 394 1249 a
410 1186 548 1269 peccatis
565 1184 635 1250 sais
654 1193 685 1249 et
700 1185 878 1268 resipiscat.
902 1186 1064 1253 Postrema
1084 1186 1202 1254 rerba:
1222 1208 1259 1253 ea
1275 1190 1358 1271 lepe,

178 1315 232 1386 at,
254 1317 330 1387 oet,
349 1306 491 1395 repetitio
510 1315 583 1374 sunt
599 1316 794 1394 antegressae
810 1314 868 1397 (vs.
886 1309 938 1395 ta)
957 1307 1181 1376 adhortationis
1197 1313 1361 1393 :poeaite-

176 1433 259 1497 ruiai
269 1442 300 1497 et
314 1432 551 1498 convertimini.
571 1431 746 1519 interrupta
757 1428 811 1498 lric
825 1429 884 1498 init
894 1431 978 1498 Petri
993 1432 1106 1512 orati03
1126 1450 1224 1520 quare
1239 1443 1269 1499 et
1285 1452 1361 1500 oon·

180 1551 322 1621 clusione
344 1572 399 1621 sua
424 1562 531 1621 carent
553 1552 652 1631 dieta,
674 1570 753 1639 quae
769 1573 816 1622 vs.
830 1556 874 1622 ab
891 1564 922 1620 et
936 1555 980 1622 26
996 1553 1151 1642 leguntur.
1166 1555 1287 1624 Graeca
1307 1578 1315 1621 ι
1334 1576 1365 1617 εν

178 1703 223 1764 τῳ
244 1700 443 1769 αποστρεφειν
467 1674 612 1754 ἕκαστον,
635 1700 665 1742 κ.
690 1701 720 1740 τ.
744 1675 791 1756 l„
816 1679 875 1746 iarn
899 1679 998 1767 Syrus
1018 1680 1051 1746 in
1071 1680 1200 1749 verbum
1224 1681 1363 1748 Finituut

179 1800 307 1869 resolvit
338 1797 469 1887 persi,
503 1794 595 1861 vertit
628 1793 711 1861 enim
749 1817 758 1860 :
798 1787 944 1898 ,mmai
963 1818 1018 1894 φο
1039 1788 1181 1897 ,2502AE
1201 1788 1357 1901 ,decit

178 1922 212 1991 b.
231 1943 261 1990 e.
275 1928 306 1992 si
321 1927 554 1993 coaucttomiai
570 1935 599 1991 el
615 1927 825 1995 revertamini
839 1947 859 1992 a
871 1926 1088 2009 pravitatibus
1102 1928 1234 1994 vestris,

505 2249 682 2326 CAPUT
733 2248 1023 2343 QUARTUM.

176 2445 369 2498 daonusrrrnn.
388 2445 465 2500 Petro
477 2446 563 2500 adhuc
574 2447 702 2514 populum
719 2446 864 2514 alloquenti
881 2445 1027 2498 sacerdotes
1042 2444 1150 2510 quidam
1165 2442 1360 2509 superveniunt

210 2545 271 2584 curn
294 2533 427 2587 Praefecto
450 2533 551 2600 Templi
573 2538 600 2585 et
621 2533 780 2586 sadducaeis
799 2532 950 2594 nonnullis,
973 2544 1088 2596 eumque
1108 2543 1161 2581 una
1180 2542 1240 2581 curn
1260 2530 1359 2581 Ioanne

210 2616 410 2682 comprehensos
429 2617 562 2670 custodiae
585 2617 706 2679 trudunt,
728 2615 761 2667 ad
777 2615 903 2667 iudicium
919 2614 1050 2666 vocandos
1066 2612 1251 2665 incrastinum
1272 2612 1357 2672 diem,

208 2711 248 2749 vs.
274 2698 347 2750 t-3.
366 2697 424 2750 Non
447 2698 505 2752 ideo
531 2703 618 2750 tamen
647 2699 735 2750 minus
764 2697 887 2762 frugifera
918 2696 1004 2748 luerat
1032 2695 1101 2747 Petri
1132 2694 1239 2757 concio,
1265 2707 1304 2744 vs.
1330 2693 1356 2745 l.

208 2780 313 2834 Postero
323 2793 385 2846 ergo
403 2781 445 2832 dia
463 2780 623 2847 synedrium
635 2780 773 2844 convenit,
789 2785 816 2832 et
828 2780 921 2832 Petrus
937 2793 998 2832 cum
1014 2779 1111 2831 loenne
1122 2778 1149 2828 in
1162 2778 1203 2829 ius
1220 2776 1357 2828 adducun-

207 2865 260 2923 tur,
272 2875 312 2914 vs.
326 2864 399 2913 5-7.
420 2861 530 2914 Causam
546 2863 610 2915 dicit
627 2863 729 2914 Petrus.
748 2863 834 2914 lesum
851 2862 1031 2924 Nazarenum,
1044 2873 1124 2926 quem
1142 2857 1311 2924 synedristae
1328 2857 1357 2908 in

206 2959 311 2998 crucem
322 2951 447 3013 egerant,
463 2947 594 3014 intrepide
610 2947 750 3014 profitetur
761 2961 776 2999 a
787 2947 897 2998 mortuis
913 2946 1102 3006 resurrexisse,
1114 2957 1229 3010 eumque
1247 2943 1358 3009 promis-

206 3043 265 3081 sum
281 3043 337 3082 esse
358 3030 493 3094 Messium,
508 3034 588 3097 atque
601 3031 672 3082 illius
692 3030 785 3083 virtuti
805 3033 937 3095 acceptam
958 3043 1014 3081 esse
1031 3027 1196 3080 referendam
1206 3025 1357 3079 hesternam

208 3111 278 3163 illurn
298 3112 383 3164 claudi
396 3113 571 3175 sanationem,
583 3127 622 3165 vs.
636 3112 727 3164 8-ta.
748 3111 917 3178 Synedristae
929 3114 1028 3164 secreto
1039 3111 1147 3163 consilio
1162 3111 1231 3162 inter
1243 3123 1271 3161 se
1283 3110 1317 3161 de
1329 3124 1358 3162 re

206 3191 367 3257 deliberant,
380 3208 494 3262 cumque
505 3199 637 3262 peractam
649 3195 812 3248 sanationem
830 3207 879 3246 nee
891 3198 998 3261 possent
1009 3208 1121 3260 negare,
1135 3207 1184 3245 neo
1195 3188 1284 3245 tamen
1296 3193 1356 3244 rel-

208 3275 264 3329 lent
273 3290 430 3343 agnoscere,
444 3279 641 3345 tumultumque
653 3279 785 3344 timerent,
798 3280 819 3332 si
832 3292 911 3344 quam
923 3292 1035 3345 poenam
1046 3277 1176 3344 apostolis
1188 3277 1356 3341 infligerent,

209 3373 263 3411 rem
275 3360 311 3412 ita
322 3361 467 3427 expediunt
485 3365 523 3426 ut,
536 3361 631 3414 additis
643 3362 737 3425 minis,
750 3361 802 3414 illis
812 3360 984 3427 praecipiant,
998 3374 1032 3413 ne
1044 3360 1156 3412 ulterius
1166 3359 1246 3412 verbe
1259 3358 1359 3411 iaciant

209 3443 241 3495 de
258 3445 317 3496 Iesu
334 3444 484 3508 Nazareno,
496 3458 537 3498 rs.
552 3446 658 3496 l3-bi.
680 3443 785 3496 Dimissi
797 3443 914 3509 Apostoli
931 3447 1011 3510 atque
1028 3443 1062 3496 ad
1076 3445 1158 3497 sooios
1174 3454 1235 3494 suos
1251 3448 1358 3509 coepes-

208 3526 274 3579 tolos
286 3528 400 3591 reversi,
413 3531 539 3580 enarrant
550 3531 622 3593 gesta
636 3540 723 3583 eoram
741 3526 885 3594 Synedrio,
898 3540 937 3578 vs.
950 3527 992 3578 23.
1006 3525 1107 3593 Quibus
1118 3526 1230 3589 auditis,
1242 3525 1358 3578 fervidas

208 3609 260 3661 Deo
271 3610 367 3674 gratias
381 3608 529 3675 aguntum
540 3624 645 3674 omnes,
657 3610 832 3679 divinumque
844 3608 986 3675 implorant
1002 3608 1131 3660 auxilium
1143 3609 1176 3662 ad
1189 3607 1357 3672 evangelium

206 3691 337 3758 intrepide
349 3692 570 3759 praedicandum,
584 3706 623 3745 vs.
637 3690 744 3744 alc-30.
758 3690 945 3744 Exaudiuntur
962 3703 1053 3744 eorum
1066 3703 1172 3757 preces;
1186 3690 1213 3741 in
1225 3689 1301 3741 cuius
1318 3690 1357 3741 rei

207 3774 313 3838 signum
337 3776 514 3828 contremiscit
531 3776 616 3839 locus,
634 3774 680 3827 ubi
690 3778 768 3829 erant
782 3775 947 3839 congregati,
963 3787 1003 3826 vs.
1017 3774 1058 3825 at.
1070 3774 1150 3826 Porro
1170 3772 1358 3825 describuntur

208 3855 326 3908 fidelium
337 3857 407 3910 inter
419 3871 447 3910 se
458 3857 596 3912 concordia
609 3860 636 3910 et
646 3870 720 3909 amor
730 3856 808 3925 plane
820 3857 974 3920 singularis,
987 3871 1026 3908 vs.
1039 3856 1147 3908 eu-at.

221 4023 320 4091 l-i.
345 4023 631 4110 Superveneruut).
659 4026 815 4097 Graecum
837 4045 994 4097 επιστηναι
1020 4044 1079 4088 τινι
1100 4031 1185 4090 notat
1203 4022 1303 4088 subito
1325 4031 1356 4086 et

173 4165 213 4208 ecc
236 4147 408 4229 improviso
433 4117 532 4213 alicui
558 4149 685 4214 adstare
692 4173 705 4227 ,-
725 4145 897 4236 eodemque
923 4166 1017 4213 sensu
1037 4145 1137 4213 Latini
1166 4142 1356 4212 adhibebant

173 4265 361 4334 locutionem
386 4272 591 4352 superuenire
613 4272 724 4337 alicui.
751 4268 833 4338 Vide
854 4267 1021 4336 Facoiolati
1046 4267 1085 4336 ad
1109 4267 1142 4335 h.
1163 4288 1195 4335 v.
1213 4267 1276 4353 Qui
1301 4264 1355 4333 hic

174 4388 321 4458 (linuntur
336 4394 364 4453 ct
381 4395 465 4481 ἱερεις
480 4413 553 4462 eunt
565 4392 726 4475 Articulo,
742 4392 954 4480 intelliguntur
965 4391 1142 4461 sacerdotes
1155 4391 1218 4469 illi,
1237 4390 1353 4479 quibus
