3074 5054
184 394 250 459 tot
539 393 670 463 ACTUS
705 390 1041 473 nauarchorum,

183 579 374 650 fortitudine.
402 582 497 670 Atqui
526 582 564 649 ad
591 581 684 650 huius
705 584 757 649 'rei
786 581 968 649 memoriam
997 582 1122 648 lectoris
1144 583 1281 651 animum
1307 584 1362 652 hic

181 725 328 773 revocare
355 705 433 773 velle
461 705 538 773 mihi
565 706 700 790 videtur,
729 707 835 775 dicens
857 728 865 770 τ
885 729 982 793 quum
1010 718 1117 774 eutem
1141 721 1219 775 esset
1244 712 1360 793 plenus

182 832 312 917 Spiritu
331 833 460 901 Sancte.

103 948 106 955 ’
228 959 393 1023 intendens
410 959 446 1022 in
468 960 610 1047 coelum).
629 956 779 1032 Ατενισας
793 958 862 1026 scil.
882 955 1075 1048 οφθαλμους,
1096 962 1213 1026 oculos.
1232 960 1281 1026 De
1298 980 1360 1048 qua

181 1082 316 1171 elliptica
339 1082 494 1149 locutione
510 1082 580 1150 vide
596 1101 674 1170 quac
689 1081 873 1170 scripsimus
889 1102 983 1171 supra
997 1082 1035 1149 ad
1051 1084 1127 1171 Cap.
1147 1086 1161 1151 l
1182 1108 1189 1149 :
1211 1087 1265 1154 l0.
1285 1087 1360 1154 Duo

182 1226 260 1296 quae
281 1205 333 1273 hic
355 1205 498 1294 leguntur
518 1205 686 1295 Participia
709 1207 854 1296 ὑπαρχων
884 1216 914 1272 et
941 1229 1080 1282 ατενισας
1103 1208 1259 1296 quomodo
1284 1230 1360 1299 pen-

181 1328 270 1396 deant
294 1349 312 1396 a
335 1329 430 1397 verbo
450 1329 553 1397 Finito
572 1325 651 1409 ende,
670 1350 709 1396 ex
725 1329 784 1397 hac
807 1328 981 1419 periphrasi
999 1330 1186 1419 collegeris:
1206 1336 1360 1399 exsistens

180 1464 285 1520 eutem
298 1456 410 1538 plenus
427 1452 555 1537 Spiritu
579 1455 694 1521 Sancto
720 1455 862 1521 tendehat
877 1456 981 1521 oculos
1003 1457 1039 1520 in
1054 1458 1193 1534 coelum,
1213 1460 1359 1525 tendena-

180 1600 239 1663 que
255 1582 358 1645 oculos
374 1582 408 1644 in
424 1581 543 1645 coelunt
559 1581 656 1663 cidit,
673 1589 733 1646 etc.

223 1704 327 1789 cidit).
353 1702 528 1792 Stephanus
553 1703 627 1771 dum
651 1703 790 1782 ridebat,
817 1724 896 1792 quae
920 1705 1014 1784 vidit,
1032 1725 1067 1772 ea
1093 1726 1127 1773 se
1151 1705 1257 1772 videre
1278 1706 1361 1773 affir-

178 1826 298 1908 mabat3
329 1847 403 1914 ergo
431 1847 578 1895 sensuum
607 1847 697 1894 usum
729 1837 794 1893 tum
818 1826 969 1906 habebat3
995 1805 1096 1918 oeqde
1121 1829 1203 1895 enim
1232 1843 1279 1897 est
1302 1851 1360 1897 cur

177 1963 339 2041 putemus,
358 1951 390 2018 id
407 1951 491 2039 quod
506 1951 544 2018 ad
564 1960 741 2040 praesentes
758 1950 834 2019 dicit
850 1973 915 2018 ecee
931 1955 1037 2037 video,
1057 1952 1118 2020 hoc
1132 1953 1169 2020 ad
1187 1957 1359 2021 mentalem

177 2077 342 2166 quamdam
358 2077 509 2144 visionem
525 2097 593 2145 esse
609 2076 817 2144 referendum.
836 2078 929 2164 Quod
945 2089 1068 2168 praeter
1079 2100 1151 2146 eum
1168 2099 1258 2145 nemo
1276 2079 1357 2147 alius

81 2231 83 2236 ·
177 2219 211 2266 ea
235 2199 327 2281 vidit,
347 2220 426 2288 quae
449 2200 526 2268 vidit
550 2200 635 2288 ipse,
662 2199 722 2267 hoc
746 2201 872 2288 quidem
896 2223 956 2270 non
980 2202 1080 2270 obstat
1103 2204 1268 2291 quominus
1298 2225 1356 2292 pu-

176 2334 295 2402 temus,
325 2323 517 2412 corporalem
545 2322 641 2391 suisse
673 2344 740 2391 eam
775 2325 922 2414 Stephani
955 2327 1118 2394 visionem.
1150 2328 1231 2395 ldem
1256 2329 1356 2396 Paulo

174 2449 287 2518 accidit
307 2450 392 2541 (Act.
412 2451 460 2532 lX
478 2469 485 2511 ε
505 2449 555 2538 7),
577 2461 611 2516 ut
631 2470 741 2539 nempe
765 2449 851 2517 solus
874 2450 993 2518 videret
1015 2451 1165 2518 visionem
1190 2454 1355 2539 corporeis

176 2575 241 2642 suis
269 2575 369 2643 oculis
396 2575 546 2655 oblatam,
576 2575 669 2642 sociis
697 2575 829 2654 itineris,
860 2596 938 2663 quos
966 2596 1072 2643 secum
1102 2575 1253 2657 habehat,
1276 2576 1356 2645 nihil

177 2697 346 2788 quidquam
374 2697 562 2764 videntibus.
586 2697 694 2765 Simile
721 2696 797 2786 quid
821 2696 860 2764 de
883 2718 916 2764 se
946 2709 1072 2766 testatur
1097 2719 1221 2788 quoque
1243 2699 1356 2766 Daniel

123 2872 130 2888 .
175 2822 267 2911 (Cap.
291 2824 351 2891 X:
376 2821 413 2911 7)
432 2847 439 2888 :
461 2824 549 2903 Vidi,
571 2823 690 2911 inquit,
716 2843 769 2905 epo
792 2823 908 2888 Daniel
930 2826 1036 2889 colace
1060 2824 1235 2903 cisinacm5
1256 2846 1357 2908 porro

176 2948 260 3025 oiri,
278 2949 335 3032 qui
350 2956 443 3012 eraut
458 2967 597 3025 mecum,
614 2966 678 3012 non
694 2947 854 3010 viderunt.

221 3073 300 3137 cidit
325 3075 464 3155 plurium
491 3073 554 3136 Dei
580 3081 609 3136 et
636 3072 744 3136 Iesum
770 3080 905 3136 stantem
933 3093 953 3136 u
976 3073 1097 3138 deutris
1123 3070 1209 3160 Dei).
1236 3073 1357 3140 Graece

176 3190 266 3270 δοξαν
281 3193 374 3272 Θεου,
389 3194 473 3284 quod
485 3196 579 3262 refert
591 3194 776 3263 Hebraicam
796 3194 984 3261 locutionem
1002 3195 1072 3283 uiri]
1086 3201 1167 3278 niza.
1187 3194 1356 3262 Sciendum

175 3328 277 3386 autem
290 3330 336 3386 est
352 3318 413 3387 hoc
426 3320 550 3387 nomine
566 3322 637 3408 riq-q
657 3324 725 3407 cinq
743 3318 904 3407 (maiestas
916 3320 1062 3401 lehcnae)
1075 3320 1190 3408 passim
1204 3320 1235 3385 iu
1248 3320 1357 3410 Scrip-

176 3444 253 3527 turis
278 3444 380 3531 ipsum
406 3445 497 3510 etiam
526 3444 678 3532 designari
709 3443 870 3523 lelmmm,
901 3445 952 3512 uhi
983 3445 1071 3532 igneo
1099 3443 1265 3533 splendore
1294 3446 1357 3512 cir-

81 3555 85 3563 ⁴
175 3565 336 3634 cumfusus
363 3564 541 3635 hominihus
570 3588 719 3657 apparere
749 3568 902 3656 dignatur.
933 3567 1015 3636 Vide
1045 3567 1146 3634 Exod.
1179 3568 1254 3636 XVl
1282 3590 1290 3632 :
1318 3573 1354 3647 7,

176 3694 215 3771 9,
244 3693 300 3770 10;
327 3691 460 3758 XXlV:
483 3693 617 3771 16,17.
643 3690 743 3758 Levit.
762 3691 805 3758 lX
823 3712 831 3752 :
851 3693 888 3771 l,
908 3694 947 3772 6,
966 3694 1022 3760 25.
1041 3690 1156 3758 uzeca.
1176 3690 1269 3758 XLlll
1290 3712 1298 3754 :
1318 3695 1353 3758 2.

176 3815 278 3903 ltaque
302 3814 418 3896 sentio,
444 3814 634 3903 Stephanum
658 3817 818 3905 corporeis
846 3816 911 3883 suis
935 3816 1034 3883 oculis
1057 3817 1172 3883 vidisse
1195 3818 1227 3883 in
1251 3818 1353 3892 coelo,

176 3942 241 4008 sive
257 3946 362 4023 adico,
380 3943 445 4010 sive
461 3963 622 4032 empyreo,
638 3943 696 4010 sub
712 3943 891 4032 aspectabili
908 3943 1040 4033 quadam
1057 3944 1182 4025 forma,
1201 3945 1355 4035 igneoque

176 4063 343 4152 splendore
365 4067 585 4136 circumfusam
611 4070 778 4136 Personam
801 4069 860 4134 Dei
878 4070 997 4146 Patris,
1012 4080 1040 4136 et
1056 4067 1094 4136 ad
1111 4069 1178 4135 eius
1194 4068 1354 4136 dexteram

173 4377 236 4438 liei,
261 4384 284 4429 et
305 4378 394 4431 losum
421 4387 535 4434 stacte-m
551 4381 587 4431 od
604 4381 741 4433 dectcram
820 4378 839 4445 1)
857 4379 923 4431 Puto
934 4380 980 4438 sic,
991 4379 1128 4432 utDanieli
1142 4379 1214 4446 (Cap.
1227 4381 1285 4432 Vlll
1297 4394 1303 4429 :
1317 4381 1352 4446 9),

174 4457 229 4513 Dei.
788 4462 837 4517 suh
851 4462 933 4514 iorma
945 4462 1023 4514 senis.
1106 4534 1108 4538 Δ
