3074 5054
472 428 609 496 CAPUT
644 426 711 506 tx,
748 425 871 495 VERS.
910 428 1011 495 a-t.
1288 426 1353 495 ddi

180 642 207 710 p.
223 643 253 707 p.
273 622 330 689 37.
351 620 418 686 Art.
437 619 501 700 Vl,
519 617 556 686 ad
574 618 638 704 5)»
664 638 672 680 :
691 619 735 684 Et
751 638 789 683 ne
805 621 876 702 qais
899 618 1025 694 credat,
1047 616 1166 706 inquit,
1190 621 1247 684 tuac
1261 615 1348 706 (scil.

179 744 254 832 quod
272 742 365 811 Saulo
383 743 414 809 in
431 743 480 809 via
496 744 688 810 Damascena
709 740 852 829 contigit)
867 744 986 825 sactum
1006 743 1127 826 scisse,
1146 763 1210 806 acra
1229 741 1353 809 Christo

179 867 219 931 idi
238 867 451 950 corporaliter
469 876 655 951 praesente,
673 867 728 929 secl
748 866 931 949 aliqualiter
945 874 1137 948 apparente,
1155 869 1353 932 contrarium

179 999 307 1070 apparet
326 1008 386 1070 per
402 989 458 1052 icoc
474 988 557 1071 quod
575 990 639 1071 ipse
662 987 687 1050 Α
693 987 834 1070 postolos
850 987 931 1051 dicit
940 986 978 1050 1³
992 987 1034 1051 ad
1054 985 1200 1053 Curiatii.
1219 987 1292 1072 XV,
1312 991 1354 1054 ed

178 1114 425 1197 confirmandam
457 1114 701 1178 resurrectionis
733 1113 828 1195 fidem
853 1136 863 1174 .·
891 1109 1080 1177 Novissime¹
1110 1112 1249 1180 omnium
1277 1123 1354 1180 tam

179 1255 265 1324 quam
293 1235 433 1302 abortivo
461 1235 547 1302 visus
573 1247 621 1302 est
648 1235 790 1302 etmihi.
824 1235 910 1314 Quae
934 1238 1060 1320 quidem
1082 1239 1162 1302 visio
1188 1241 1353 1304 ceritatem

178 1363 417 1427 resurrectionis
445 1381 509 1426 noa
533 1361 701 1444 probaret,
730 1363 793 1426 nisi
821 1380 931 1426 veram
961 1359 1082 1426 Christi
1107 1380 1222 1443 corpas
1247 1362 1354 1426 visam

178 1488 286 1569 fuisset
301 1486 340 1551 ad
356 1506 403 1550 eo.

218 1731 250 1796 l.
278 1731 322 1794 Et
345 1732 459 1794 cadens
482 1732 518 1794 ia
541 1727 687 1817 terrum).
709 1729 828 1796 Graece
844 1752 896 1791 και
912 1749 1031 1804 aaran,
1051 1725 1085 1792 h.
1103 1745 1132 1793 e.
1152 1737 1182 1791 et
1196 1727 1352 1810 collapsas

180 1856 210 1917 in
225 1863 344 1918 terram
353 1879 366 1933 ,·
382 1850 465 1920 haud
481 1850 575 1919 dubie
590 1851 631 1919 ob
647 1853 802 1939 ingentem
818 1852 901 1934 illam
919 1851 1021 1918 lucem
1038 1860 1157 1916 terrore
1173 1849 1349 1938 perculsus

179 1975 309 2065 indeque
324 1974 445 2041 viribus
461 1973 637 2041 destitutus.
656 1975 722 2041 Nee
738 1994 811 2040 vero
828 1974 939 2041 Saulus
955 1983 1090 2052 tantum,
1109 1970 1163 2038 sed
1180 1982 1210 2037 ct
1225 1972 1354 2039 comites

178 2096 239 2162 eius
263 2097 400 2163 universi
424 2095 463 2163 ad
486 2096 691 2183 fulgurantem
716 2115 781 2163 eam
806 2097 906 2163 lucem
931 2095 1017 2162 humi
1042 2094 1188 2184 prostrati
1212 2106 1301 2175 sunt,
1320 2106 1354 2162 ut

178 2221 239 2310 ipse
264 2223 377 2290 Saulus
394 2235 498 2290 narrat
513 2224 609 2313 (inira
625 2227 702 2314 Cap.
720 2227 832 2293 XXVI
852 2246 860 2286 z
883 2222 951 2310 tt).
970 2225 1035 2290 Nec
1051 2233 1165 2310 pugnat
1181 2241 1253 2287 cum
1270 2220 1350 2300 hoc,

178 2345 257 2432 quod
276 2346 357 2413 inira
379 2349 441 2436 (vs.
460 2350 480 2414 7
498 2347 591 2414 huius
618 2347 744 2437 eapitis)
761 2348 799 2414 de
822 2346 906 2414 Sauli
929 2344 1095 2413 comitibus
1118 2343 1233 2411 dicitur
1254 2348 1353 2420 εἱστη-

177 2493 276 2534 κεισαν
293 2493 404 2548 eareat,
423 2473 549 2537 stabant
564 2475 752 2556 stupefacti5
770 2491 839 2537 nam
857 2469 995 2560 proiecto
1011 2478 1179 2557 potuerunt
1195 2468 1351 2559 prolapsi,

178 2612 245 2660 mox
262 2593 294 2659 in
311 2593 406 2682 pedes
423 2594 644 2660 resurrexisse.
663 2596 861 2682 Quamquam
881 2591 1014 2659 dubitari
1032 2591 1159 2657 forsitan
1176 2602 1296 2680 potest,
1314 2612 1352 2660 an

177 2714 204 2779 iu
220 2715 279 2782 hac
294 2715 450 2783 tennione
468 2736 476 2778 τ
495 2721 809 2794 circumterminat,
831 2715 970 2785 Verbum
992 2719 1178 2788 eicrnnstcar
1200 2735 1269 2781 catu
1286 2717 1348 2784 vim

178 2839 283 2909 habeat
305 2852 338 2908 ut
360 2841 535 2910 necessario
558 2853 704 2909 connotet
726 2855 845 2909 statam
866 2852 1004 2908 erectam
1031 2840 1242 2908 attonitoram.
1262 2842 1353 2910 Certe

177 2972 331 3039 Nostrates
354 2971 407 3039 ubi
430 2970 538 3038 dieunt
553 2976 597 3053 πῂ·
610 2975 744 3040 stondea
764 2973 935 3052 virtuosi,
954 2970 1031 3038 nihil
1054 2970 1230 3051 attendunt,
1248 2982 1352 3038 utrum

178 3096 292 3163 attoniti
309 3106 424 3163 stantes
440 3096 514 3178 sint,
534 3117 659 3164 nee-ne.

216 3221 340 3286 audiuit
355 3240 458 3285 nocem
475 3222 629 3286 dicentem
645 3224 730 3307 stat).
749 3221 853 3288 Series
871 3219 1055 3286 narrationis
1073 3217 1206 3297 indicat,
1225 3220 1354 3287 Saulum

178 3345 243 3412 lesu
267 3344 307 3412 ad
327 3365 361 3411 se
381 3345 536 3435 loquentis
553 3347 640 3434 prius
664 3367 773 3414 vocem
790 3345 945 3414 audivisse
962 3364 1054 3432 quam
1071 3344 1207 3433 speciem
1224 3344 1352 3414 vidisse.

177 3468 292 3558 Nempe
317 3469 499 3556 fulgurantis
524 3470 613 3537 istius
636 3471 764 3538 luminis
787 3471 850 3536 ictu
865 3469 959 3536 veluti
977 3487 1160 3557 percussuS,
1179 3467 1293 3537 clausis
1307 3471 1355 3556 ja-

177 3593 271 3660 cuerit
295 3591 415 3673 centis,
439 3613 517 3681 quos
544 3593 583 3661 ad
610 3614 718 3661 vocem
750 3598 822 3662 lesu
849 3594 938 3660 illum
966 3591 1151 3680 alloquentis
1175 3592 1236 3658 iam
1258 3591 1296 3660 ad
1318 3613 1354 3661 sa

179 3715 297 3783 rediens
320 3716 495 3804 aperuerit,
519 3729 707 3806 apertosque
730 3719 761 3784 in
787 3718 962 3806 toquentem
985 3715 1145 3783 direxerit.
1176 3717 1256 3782 Tum
1279 3735 1353 3803 crgo

178 3833 351 3926 loquentem
367 3839 406 3905 ad
422 3859 456 3905 se
473 3841 575 3906 lesum
592 3840 692 3908 oculis
711 3841 776 3907 suis
792 3840 946 3928 adspexit,
967 3849 1000 3905 ut
1016 3838 1084 3927 ipse
1101 3837 1188 3905 dese
1206 3847 1352 3916 testatur3

178 3979 243 4028 nam
257 3964 283 4049 (l
294 3962 368 4028 Cor.
378 3964 441 4032 XV
452 3981 459 4023 :
471 3963 508 4052 8)
521 3984 554 4030 se
566 3975 748 4030 annumerat
761 3964 841 4029 inter
853 3963 923 4031 illos
936 3962 988 4051 qui
1002 3961 1162 4051 corporeis
1174 3961 1240 4028 suis
1253 3961 1352 4028 ocutis

206 4292 225 4360 ¹)
242 4292 328 4346 Verba
355 4292 420 4346 haec
442 4293 558 4360 Apostoli
581 4295 672 4347 reterri
692 4306 743 4345 ne·
790 4293 874 4345 oranti
888 4292 955 4359 (Act.
968 4291 1040 4344 xxix
1055 4306 1061 4342 ι
1074 4290 1124 4357 tt),
1135 4291 1226 4343 necad
1237 4304 1308 4353 eam,
1320 4291 1353 4343 de

178 4380 290 4442 queunt,
308 4390 358 4429 nec
372 4378 406 4429 ad
425 4377 552 4429 visionem
574 4377 664 4441 ittam,
677 4390 744 4443 quae
791 4389 843 4442 qua
855 4388 940 4427 sermo
956 4377 995 4426 est
1013 4375 1040 4425 in
1059 4374 1074 4424 i
1094 4375 1127 4426 ad
1146 4372 1262 4426 Corinth.
1283 4373 1353 4429 xit:

177 4455 211 4510 illi
220 4457 307 4511 obtata
320 4457 370 4510 tun
388 4457 579 4525 Hierosolymae
597 4459 625 4510 in
638 4458 745 4528 tempto
790 4456 864 4511 Η.
879 4456 918 4510 Ci.
931 4457 1032 4510 Estium
1046 4457 1101 4508 adt
1118 4454 1234 4510 Corinth.
1247 4455 1293 4508 XV
1306 4471 1313 4508 ι
1326 4456 1350 4508 8.
