3074 5054
502 415 640 483 CAPUT
675 413 726 493 ll,
764 411 885 482 Vens.
925 411 1024 479 1-5.
1310 410 1348 477 Μ

182 617 266 671 eram
285 608 391 671 eodem
410 607 518 670 animo
541 605 587 694 (et
608 601 762 670 desiderio
786 600 1007 692 praestolantes
1028 598 1193 668 adventum
1216 596 1352 687 Spiritus

182 729 297 818 Seneti)
312 731 469 795 inensem
484 731 562 795 loeo.
581 727 630 794 Cf.
649 727 730 796 dioto
746 726 785 795 ed
800 727 877 815 Cap.
900 728 932 806 1,
949 746 997 792 vs.
1017 724 1072 791 ib.

222 978 254 1044 2.
272 986 301 1041 et
314 979 417 1060 suetos
432 985 477 1042 est
492 971 647 1062 repente).
667 972 897 1040 Describuntur
913 971 962 1039 bis
979 969 1143 1038 versieulis
1165 970 1226 1038 duo
1243 971 1349 1057 signo,

182 1119 272 1166 unum
287 1099 350 1188 (vs.
368 1097 406 1188 b)
421 1099 527 1166 auditu
551 1098 769 1188 perceptibile,
787 1098 917 1167 aiterum
938 1099 1000 1188 (vs.
1019 1096 1056 1185 5)
1072 1096 1141 1164 visu
1162 1096 1350 1185 speotebile,

181 1244 255 1312 quse
270 1223 434 1291 adventum
451 1224 586 1313 Spiritus
601 1223 702 1292 Soneti
719 1221 944 1291 indicaverunt.
959 1222 1107 1289 Exoritur
1119 1233 1246 1307 repente
1261 1236 1352 1310 atque

181 1367 216 1414 ex
239 1347 408 1436 improviso
431 1347 470 1415 de
492 1350 592 1430 noeto,
620 1357 693 1436 poto
716 1367 755 1414 ex
786 1351 858 1414 aere
881 1346 1061 1436 superiore,
1089 1346 1227 1425 sonitus,
1252 1346 1354 1436 qualis

180 1480 224 1538 est
238 1471 357 1538 sonitus
369 1471 449 1538 venti
466 1470 664 1538 vehementer
677 1472 795 1538 ruentis
807 1470 924 1560 (ὡσπερ
942 1493 1101 1562 φερομενης
1113 1493 1203 1544 roone
1218 1466 1350 1558 βιαιας).

182 1597 247 1664 Non
268 1608 335 1664 eret
357 1616 467 1685 reapse
487 1598 568 1665 venti
593 1596 741 1665 divinitus
764 1607 827 1663 tom
851 1596 973 1663 excitati
998 1595 1050 1662 iiie
1070 1595 1207 1673 sonitus3
1228 1593 1284 1661 sed
1299 1595 1353 1683 qni

181 1719 326 1789 edebatur
349 1721 469 1788 sonitus
491 1720 561 1788 telis
585 1731 667 1801 eret,
698 1720 798 1809 qualis
820 1716 952 1811 (ὡσπερ)
974 1717 1088 1797 editur,
1115 1717 1237 1806 qnando
1262 1717 1353 1785 vehe-

184 1857 297 1913 menter
320 1847 383 1913 ruit
403 1846 538 1912 ventus.
556 1844 698 1934 Replevit
717 1844 744 1911 is
763 1844 881 1912 sonitus
899 1854 999 1909 totum
1014 1845 1097 1908 illud
1111 1846 1252 1908 conclaue
1269 1840 1354 1930 (ὁλον

182 1992 228 2034 τον
251 1969 366 2058 οικον),
384 1970 416 2036 in
441 1988 502 2058 quo
520 1980 613 2035 oront
636 1973 793 2053 sedentes,
813 1979 887 2049 puta
903 1968 941 2036 ad
958 1988 1139 2036 communes
1157 1988 1265 2056 preoes
1281 1989 1353 2035 mox

181 2091 332 2162 habendos
349 2091 392 2160 ibi
409 2091 544 2158 oolieoti.
560 2092 651 2165 Οικος
667 2093 720 2179 qui
738 2091 790 2159 hie
810 2091 937 2172 dieitur,
955 2112 1050 2181 quum
1072 2090 1202 2158 addatur
1225 2093 1259 2154 ob
1275 2114 1352 2166 ησαν

180 2215 352 2301 inteperent,
382 2215 599 2303 intelligendus
632 2215 753 2283 videtur
786 2215 932 2283 conolove
967 2214 1044 2283 illud
1078 2215 1239 2304 superiuS,
1268 2216 1353 2304 quod

180 2360 269 2429 supro
292 2341 378 2430 (oep.
400 2344 437 2420 1,
456 2360 503 2406 vo.
531 2338 589 2429 13)
612 2352 775 2408 vocaverat
797 2365 830 2405 το
856 2342 1002 2431 ὑπερῷον.
1033 2368 1047 2400 «
1072 2338 1211 2406 Dubium
1235 2340 1353 2407 nulium

180 2473 240 2543 est,
257 2464 359 2554 inquit
374 2463 569 2532 Valckeneer
585 2463 623 2533 od
640 2464 673 2530 b.
694 2464 723 2544 l,
748 2464 823 2552 quin
840 2466 872 2530 in
888 2483 1032 2530 sermone
1049 2463 1227 2552 quotidiano
1244 2483 1354 2531 eoene-

180 2586 244 2652 ouia
266 2585 347 2653 diets
366 2584 482 2653 fuerint
504 2610 591 2653 οικοι.
609 2590 850 2654 Trnnssumsere
869 2587 1018 2653 Romani.
1037 2587 1201 2655 Vitruvius
1220 2585 1275 2675 (de
1290 2588 1351 2653 Ar·

183 2705 306 2775 obiteot.
327 2708 398 2776 Lib.
424 2710 488 2789 Vl,
514 2729 584 2798 eep.
613 2711 670 2795 to)
692 2720 843 2776 memoret
860 2709 956 2775 Oeoos
980 2709 1146 2797 quadratos
1168 2721 1229 2777 tam
1250 2712 1352 2800 amplo

181 2829 404 2917 magnitudine,
423 2840 457 2897 ut
473 2830 604 2897 feciliter
620 2832 651 2896 in
665 2831 704 2897 iis
721 2830 865 2898 tricliniis
878 2841 1010 2920 quotuor
1025 2832 1129 2900 stratis
1145 2833 1232 2900 iosus
1248 2844 1353 2923 posset

181 2973 257 3020 esse.
280 2955 324 3019 Io
347 2956 415 3034 bis,
435 2954 553 3042 inquit,
580 2975 663 3022 oecis
687 2958 772 3039 fiunt
794 2958 908 3021 virilia
928 2959 1114 3023 convivio...
1140 2957 1192 3024 Sio
1213 2981 1291 3034 οικος
1306 2969 1353 3026 ter

182 3075 340 3143 minimum
357 3077 530 3164 reperietur
546 3076 629 3166 opud
644 3076 851 3144 Atbaeneum.
870 3106 883 3135 »

224 3307 255 3372 5.
282 3308 325 3371 Et
345 3306 591 3392 apparuerunt).
621 3306 684 3370 Και
712 3307 852 3397 ωφθησαν
873 3307 966 3398 (Aer.
992 3314 1005 3376 i
1038 3306 1144 3395 PaSS.)
1168 3334 1269 3386 αυτοις
1296 3334 1353 3402 pro

184 3430 232 3492 ὑπ’
247 3432 374 3507 αυτων’,
394 3430 427 3497 b.
454 3451 483 3497 e.
510 3442 540 3497 et
560 3435 646 3496 nisae
667 3443 741 3497 sont
757 3434 796 3497 ob
821 3437 904 3518 iltis,
923 3437 1083 3524 corporeis
1100 3437 1238 3525 ipsorum
1256 3439 1354 3506 oeulis

183 3553 297 3623 oblatae
323 3567 415 3636 sumt,
445 3553 686 3647 διαμεριζομεναι
713 3556 871 3646 pinosus,
895 3562 1118 3626 distribuentes
1144 3572 1241 3628 semet
1269 3565 1355 3646 ipsos

184 3681 307 3763 tinpooe
322 3678 410 3768 (ὡσει
435 3679 542 3771 πυρος)
563 3686 647 3748 velot
672 3686 798 3767 ipsene,
818 3695 890 3773 puto
908 3685 995 3772 quasi
1013 3682 1187 3753 flammulae
1203 3687 1355 3775 quaedem

182 3782 371 3870 admodum
400 3803 572 3892 linguarum
600 3807 796 3886 efformatam
825 3809 987 3893 seditque,
1017 3829 1127 3896 graece
1158 3811 1277 3874 εκαθισε
1303 3834 1353 3888 τε,

183 3925 215 3992 b.
240 3944 269 3992 e.
295 3936 325 3991 et
343 3929 476 4010 ponebat
502 3950 534 3994 se
556 3949 759 4018 unaquaeque
783 3930 902 4020 lingua,
926 3932 1057 3999 seorsim
1080 3932 1119 4000 eb
1141 3933 1220 4014 ulio,
1238 3938 1283 4026 ep'
1303 3931 1353 3997 ἕνα

183 4045 305 4112 ἑκαστον
329 4073 447 4127 aoros,
465 4073 562 4136 soper
582 4074 834 4140 unumquemque
857 4059 1010 4140 ipsorum.
1029 4056 1231 4146 Portioipium
1249 4054 1351 4144 διαμε·

184 4175 333 4260 ριζομεναι
357 4175 541 4244 sumendum
565 4198 633 4245 esse
656 4189 761 4266 putem
786 4179 817 4244 in
839 4179 1063 4266 significatione
1085 4181 1204 4259 Media,
1221 4200 1282 4270 qun
1299 4201 1353 4248 no-

215 4434 233 4501 ι)
251 4435 381 4502 sonrys.
397 4437 753 4502 sensumsensurn.
805 4443 824 4505 2)
843 4441 882 4493 or.
895 4440 939 4492 or.
953 4454 1012 4507 pag.
1026 4443 1083 4492 een.
