3074 5054
193 389 259 456 454
533 388 668 457 nentis
691 390 1026 477 APOSTOLORUM,

190 579 366 667 effecitque,
389 589 424 646 nt
444 601 482 644 aa
504 600 568 645 aaa
590 583 758 664 sanquine¹
777 583 827 663 (ex
844 602 904 650 troo
924 583 1037 674 stirpe)
1064 596 1249 674 prognatum
1278 607 1378 675 genus

190 707 354 771 bominum
378 708 563 770 rar-ivereium
584 712 656 795 (nan
673 706 752 780 εθνος
768 708 964 798 aripenno),
984 729 1040 798 per
1064 709 1242 777 universam
1260 721 1376 780 terrum

190 829 395 911 inhabitaret,
420 841 556 897 metatos
579 832 712 921 (ὁρισας,
732 853 828 917 qaum
851 832 889 899 ab
911 845 1036 900 aeterno
1058 836 1266 921 definivisset)
1288 847 1378 903 certa

189 952 495 1046 (προστεταγμενους)
510 964 647 1042 tempora
662 965 826 1043 certosque
839 953 988 1022 terminos
1004 953 1235 1022 inhabitationis
1249 977 1375 1026 eornm.

234 1080 339 1148 Voces
360 1103 411 1154 της
431 1103 585 1153 nazaraeae
607 1101 707 1141 αυτων
731 1079 885 1168 pertinent
905 1079 943 1146 ad
966 1091 1152 1168 utrumque⁷
1182 1079 1220 1147 ad
1245 1103 1377 1170 προστε-

185 1227 352 1292 ταγμενους
367 1227 489 1293 καιρους
506 1205 651 1292 inquam,
670 1202 753 1271 etad
769 1229 823 1279 τας
839 1204 1004 1293 apodiatas.
1024 1206 1102 1272 Nam
1126 1203 1202 1293 quid
1218 1204 1375 1294 intelligas

186 1351 464 1419 nqaarerayqeoao;
485 1350 626 1417 καιρους,
653 1327 712 1394 nisi
747 1327 824 1426 quid
851 1326 1002 1396 addatur?
1024 1329 1140 1396 Sensus
1163 1339 1210 1395 est
1233 1349 1242 1390 ε
1268 1330 1373 1397 Denrn

186 1453 381 1521 distribuisse
396 1454 477 1520 inter
496 1452 638 1520 homines
654 1451 754 1520 uarias
772 1451 857 1520 orbis
873 1463 1027 1520 terrarum
1045 1454 1221 1542 portiana,
1239 1473 1278 1521 aa
1292 1454 1374 1522 deti-

185 1580 300 1647 nirisse
318 1599 488 1665 qnarnnarn
514 1577 687 1666 portionem
710 1580 864 1662 quamdin
886 1598 1028 1666 quaeque
1049 1599 1124 1666 gens
1147 1579 1317 1661 ineoleret;
1338 1591 1371 1647 nt

184 1702 281 1782 adeo,
300 1703 380 1769 sieut
403 1713 522 1782 eetera,
542 1702 584 1768 ita
607 1713 636 1767 et
658 1701 846 1791 populorum
870 1703 1085 1790 migratione,
1105 1703 1214 1784 exitia,
1233 1715 1265 1770 et
1290 1724 1370 1793 qnae

184 1847 255 1894 enm
277 1826 326 1894 bis
346 1826 511 1893 eoninneta
533 1837 623 1905 sunt,
641 1825 680 1892 ab
705 1826 804 1914 ipsius
827 1825 1020 1915 providentia
1042 1828 1207 1916 pendeant.
1234 1830 1369 1897 Loentio

184 1972 233 2015 επι
249 1973 310 2014 παν
326 1972 359 2012 το
376 1970 538 2040 προσωπον
554 1972 605 2022 της
621 1971 673 2037 γης
690 1947 783 2015 refert
799 1948 985 2016 Hebraiearn
1003 1949 1140 2037 γῑὲξηῆξ
1157 1966 1202 2036 Ἓξ
1217 1949 1367 2041 Εἶῶθη.

183 2079 231 2144 ΧΙ
251 2097 258 2140 :
278 2077 325 2167 8),
342 2072 484 2163 valetque
505 2095 553 2136 επι
575 2095 679 2136 aaran
702 2096 754 2147 την
777 2095 843 2163 yur.
862 2073 1068 2166 Προσταττειν
1087 2084 1133 2140 est
1149 2077 1320 2156 ordinare,
1340 2088 1369 2144 et

183 2222 256 2269 rnox
272 2203 476 2267 constituere.
495 2197 574 2264 Sunt
593 2208 695 2264 autern
715 2207 855 2286 tempora
877 2205 1046 2265 constituta
1061 2199 1366 2292 (nqaarerayqaeraz),

183 2339 322 2415 tempora
342 2337 448 2402 certa,
470 2322 543 2389 fixa.
567 2323 639 2391 Vox
661 2321 739 2396 atnoe,
760 2321 812 2388 bia
833 2322 912 2390 vaiet
932 2347 1026 2413 γενος.
1051 2325 1197 2392 Horatius
1219 2326 1267 2392 sio
1288 2326 1368 2395 dixit

181 2451 302 2540 (Canu.
326 2449 396 2517 Lib.
422 2451 459 2530 t,
479 2447 530 2514 od.
554 2450 585 2534 5)
605 2469 682 2530 qens
702 2449 843 2512 teanaanu
865 2466 921 2536 pro
941 2470 1040 2531 qeaas
1063 2451 1250 2516 tranianum.
1278 2448 1367 2537 Aina

179 2573 218 2640 de
229 2578 331 2657 stirpe
343 2572 419 2652 diei,
433 2581 540 2637 noturu
553 2581 610 2637 est.
630 2569 682 2638 Sia
695 2571 850 2638 Homerus
867 2571 969 2655 (iliad.
983 2573 1020 2639 Z.
1036 2575 1112 2658 itt)
1127 2571 1205 2638 dixit
1220 2598 1227 2640 :
1242 2573 1363 2649 Ταυτης

180 2722 226 2762 τοι
239 2720 335 2788 γενεης
350 2718 381 2760 τε
398 2720 449 2759 και
467 2699 595 2780 αἰματος
612 2717 743 2779 saxonae
761 2716 850 2774 errat,
870 2707 900 2762 et
915 2695 1046 2762 Proelus
1059 2693 1157 2784 (apud
1174 2673 1363 2777 stobaeum,

179 2821 281 2888 Sel’rn.
310 2819 390 2908 ret)
409 2841 416 2882 :
436 2818 556 2883 Λυκῑων
573 2841 631 2908 γαρ
649 2817 699 2908 αφ’
715 2821 846 2903 aenaeae
863 2842 924 2905 ειμι
944 2844 993 2883 και
1010 2844 1111 2894 αυτος.
1132 2821 1201 2887 Alia
1220 2822 1366 2911 exempta

178 2947 228 3014 dat
256 2945 426 3013 Patairetus
449 2944 503 3034 (ad
520 2943 553 3011 b.
573 2942 858 3034 1.).-Ὁροθεσια
879 2957 924 3013 est
945 2951 1157 3014 terrniaorarn
1180 2953 1310 3034 positio,
1332 2962 1362 3017 et

179 3092 252 3139 rnox
269 3073 401 3138 termini
416 3081 445 3137 et
462 3071 577 3136 tinnites
593 3069 666 3158 ipsi.

222 3300 278 3366 ⁹27.
307 3297 467 3376 Otraerere
490 3296 618 3379 Daune,
638 3303 726 3386 eta).
746 3296 865 3362 Graece
884 3298 997 3376 ζητειν,
1017 3299 1068 3385 qui
1091 3298 1267 3366 infinitivus
1283 3303 1361 3384 finis

178 3433 239 3503 est,
255 3420 393 3510 adeoque
418 3419 594 3488 reddendus
613 3445 622 3485 ε
640 3432 675 3486 at
691 3431 892 3505 quaererent.
914 3420 1039 3489 Soitieet
1058 3423 1173 3491 indicat
1189 3423 1241 3491 bia
1257 3427 1360 3515 Apos-

178 3546 272 3624 tolus,
291 3545 460 3613 bunraunnr
485 3564 581 3632 genus
605 3543 636 3608 io
660 3541 744 3610 tinne
767 3542 860 3610 finem
877 3564 894 3610 a
910 3545 978 3612 Deo
996 3544 1091 3613 tuisse
1107 3559 1245 3614 ereatura
1264 3548 1359 3638 inque

177 3670 269 3737 terris
290 3669 473 3737 eoltooatunr
497 3680 588 3758 atque
610 3666 648 3734 ab
671 3666 779 3735 eodem
802 3671 977 3737 conservari
1000 3681 1030 3738 at
1045 3670 1229 3759 gubernari,
1248 3685 1285 3740 at
1303 3672 1359 3740 ho-

176 3794 276 3860 mines
292 3794 393 3860 Deum
411 3804 612 3879 quaererent.

208 4021 228 4089 1)
244 4021 464 4073 vinanenvox
484 4010 613 4092 αἰματος
629 4035 682 4076 non
701 4022 740 4074 te·
787 4021 932 4088 scripsisset
966 4009 1124 4098 ardqtnnan
1158 4028 1246 4092 potius
1278 4042 1357 4095 quam

175 4105 245 4169 gitur
257 4104 284 4155 in
296 4102 376 4156 Codd.
390 4104 447 4166 AB,
467 4108 497 4157 ut
508 4117 557 4156 neo
568 4106 594 4156 io
609 4105 742 4157 nonnullis
788 4101 929 4184 αἰματος.

174 4187 336 4241 Minnsentis.
358 4188 439 4240 Abest
458 4189 556 4255 pariter
575 4191 607 4241 ab
627 4191 742 4256 antiquis
820 4204 839 4271 a)
857 4207 924 4257 γη,
945 4222 1016 4259 Μ,
1041 4208 1090 4259 μω
1114 4215 1214 4284 nupto„
1231 4220 1270 4269 est
1294 4195 1356 4259 θεον

173 4273 348 4336 versionibus,
360 4272 603 4340 vulgataeque
614 4273 741 4327 aunenr-
788 4289 815 4339 nn
827 4288 890 4340 eon.
903 4289 946 4339 nn
958 4293 984 4341 a
1000 4291 1026 4340 in
1040 4291 1141 4357 nuqua
1157 4291 1313 4343 ninuscuns
1331 4297 1357 4344 a

174 4357 256 4422 Opica·
271 4357 356 4420 Ᾱθὲΐθ
368 4355 532 4419 crediderim,
542 4369 630 4407 V⁰⁰⁰¹1¹
649 4346 741 4428 αἷμα·
787 4372 904 4438 antiquis
915 4374 1092 4438 versionibus;
1105 4376 1168 4426 item
1180 4375 1251 4442 apud
1263 4376 1353 4442 Chrys.

174 4454 223 4505 τος
240 4445 283 4498 hio
299 4460 354 4498 esse
371 4446 506 4511 glossema.
525 4445 656 4500 Glossator
671 4450 742 4500 enirn
791 4457 867 4509 uitur,
882 4457 997 4524 Theoph.
1010 4462 1037 4510 et
1048 4460 1190 4511 oecumen.
