3074 5054
481 389 619 457 CAPUT
655 389 702 469 11,
738 387 860 456 VERS.
899 388 1045 457 11-15.
1321 391 1363 455 77

185 577 314 661 dieden3
334 599 404 647 nam
428 580 548 648 Graeca
571 579 612 646 ita
633 578 725 645 uertit
746 577 835 665 quasi
858 577 1009 667 scriptum
1031 588 1113 645 esset
1135 603 1144 645 ι
1168 603 1204 667 τῃ
1226 601 1365 662 aereaere

184 729 238 781 της
259 704 395 781 κλασεως
417 731 471 770 του
491 729 595 796 αρτου.
621 705 763 773 Forsitan
786 730 838 767 και
864 703 916 772 hic
936 705 1069 794 sumpsit
1089 725 1147 794 pro
1169 728 1258 795 ηγουν
1280 708 1363 786 siae,

185 851 250 918 quo
273 851 367 900 sensu
389 831 547 899 Particula
567 855 619 894 και
640 830 757 920 passim
781 829 930 897 occurrit.
950 830 1035 897 llaec
1054 829 1081 895 si
1103 829 1153 896 cui
1177 829 1280 896 minus
1300 828 1366 917 pla·

184 964 292 1035 ceant,
310 955 423 1045 poterit
443 956 471 1023 is
492 976 584 1024 uoces
607 981 644 1045 τῃ
664 977 806 1039 retrorsa
828 952 945 1021 relerre
967 955 1006 1022 ad
1028 956 1175 1040 dpapas,
1194 956 1259 1023 sire
1280 976 1365 1023 com·

185 1076 292 1143 munia
314 1076 366 1144 illa
389 1079 549 1160 convivia,
568 1098 648 1168 quae
676 1079 707 1145 in
735 1078 892 1167 primitiva
920 1076 1060 1145 Ecclesia
1083 1077 1191 1147 fideles
1214 1077 1367 1147 habehant

183 1211 256 1266 ante
270 1202 479 1291 sumptionem
502 1203 731 1271 Eucharistiae.
754 1202 802 1270 Cs.
822 1201 944 1270 Estium
967 1203 1006 1270 ad
1025 1205 1038 1271 1
1060 1204 1133 1270 Cor.
1151 1203 1222 1270 Xl:
1242 1207 1298 1274 10.
1317 1205 1366 1273 Ad

182 1324 375 1405 fractionem
388 1329 486 1410 panis
511 1328 595 1416 quod
618 1327 742 1407 attinet,
760 1325 964 1393 dubitandum
981 1347 1042 1394 non
1059 1339 1122 1408 est,
1142 1329 1218 1418 quin
1235 1350 1270 1397 ea
1287 1330 1366 1397 rele-

184 1448 281 1516 renda
300 1452 341 1519 sil
360 1452 400 1521 ad
425 1454 633 1543 sumptionem
653 1456 750 1538 partis
772 1455 978 1520 eucharistici
999 1451 1067 1541 (του
1084 1476 1176 1545 apros
1193 1475 1265 1522 cum
1281 1455 1366 1523 Arti-

183 1573 288 1663 culo);
312 1597 405 1666 quam
434 1579 717 1668 interpretationem
741 1580 822 1646 sicut
849 1588 991 1645 contexta
1019 1579 1117 1645 oratio
1144 1579 1206 1646 iam
1234 1579 1363 1661 suadet,

183 1697 285 1784 egitur
299 1701 382 1769 enim
398 1700 437 1769 de
452 1706 554 1769 sacris
570 1703 747 1781 exercitiiS,
762 1703 847 1769 itaet
862 1702 896 1770 S.
914 1702 1096 1791 Scripturae
1113 1703 1152 1771 de
1165 1724 1225 1771 usu
1241 1703 1366 1772 Eucha-

183 1821 289 1889 ristiae
305 1823 452 1913 loquendi
471 1829 548 1922 ratio
565 1828 705 1896 eamdem
722 1826 930 1895 commendat.
950 1826 1054 1893 Pacis
1075 1850 1168 1913 quera
1185 1847 1364 1908 annuemus,

183 1945 285 2034 inquit
299 1948 468 2037 Apostolus
484 1951 516 2041 (1
538 1953 611 2020 Cor.
630 1956 662 2020 X
681 1975 689 2017 :
708 1953 777 2042 15),
795 1974 899 2018 111111
912 1955 1123 2036 participatio
1140 1956 1284 2037 corporis
1301 1954 1365 2017 Do-

182 2073 269 2137 miai
288 2075 359 2140 est?
378 2077 442 2142 lam
465 2075 564 2162 Syrus
592 2077 686 2146 verba
712 2102 748 2166 ep
773 2075 879 2141 κλασει
903 2100 957 2140 του
985 2099 1078 2166 aptae
1106 2076 1144 2142 de
1167 2076 1365 2144 Eucharistia

181 2197 265 2265 dicta
287 2220 355 2267 esse
377 2200 545 2281 intellexit,
570 2221 697 2269 nemea
719 2195 1061 2291 11111111ε1ἰ1ἶ1ξέοῑξ
1089 2193 1207 2305 ιῖὂῖοὲ,
1230 2201 1263 2267 h.
1280 2221 1308 2273 1.
1330 2204 1365 2266 ia

179 2325 336 2406 fractione
363 2326 603 2394 Eucharistiae.
627 2326 707 2394 Cum
731 2347 806 2394 vero
830 2339 932 2393 certae
954 2328 1105 2415 quaedam
1125 2348 1236 2411 preces
1257 2346 1366 2391 sacrae

179 2445 262 2535 (ταις
281 2470 484 2539 προσευχαις,
503 2471 575 2519 oum
597 2450 752 2537 Articulo)
776 2454 943 2538 iungantur
962 2451 1147 2518 institutioni
1168 2450 1199 2517 iu
1223 2448 1366 2516 doctrina
1447 2512 1455 2521 ,

179 2591 270 2641 sacra
285 2585 315 2642 et
330 2576 559 2666 participationi
582 2577 724 2666 corporis
746 2575 891 2656 Domini,
910 2595 970 2642 non
994 2575 1127 2644 obscure
1150 2572 1203 2641 hic
1221 2576 1364 2640 detineo.

177 2708 247 2764 tam
263 2709 308 2766 cst
324 2701 520 2769 incruentum
537 2701 614 2769 illud
638 2721 735 2769 nouae
756 2701 848 2788 Legis
864 2699 1073 2782 sacrificium,
1091 2699 1238 2768 sacrificii
1255 2698 1362 2766 crucis

177 2825 505 2906 commemoratiuum,
524 2824 607 2915 quod
624 2826 692 2892 Deo
709 2822 848 2913 quotidie
864 2823 894 2889 in
912 2825 1053 2892 Ecclesia
1069 2823 1228 2892 Catholica
1245 2822 1363 2910 ubique
1450 2873 1452 2879 .

177 2953 334 3014 terrarum
345 2948 487 3015 offertur.

223 3197 278 3263 15.
302 3217 364 3280 per
392 3199 559 3280 Apostolos
587 3199 623 3263 ia
648 3197 827 3263 Ierusalem
852 3188 998 3280 fiebant).
1029 3194 1150 3262 Graece
1180 3215 1187 3252 =
1219 3189 1271 3257 aa.
1301 3215 1361 3256 των

177 3316 365 3384 Αποστολων
385 3327 520 3411 qureret
544 3321 617 3388 Duo
645 3319 706 3388 hoc
733 3341 825 3387 versu
853 3319 1026 3387 dicuntur:
1051 3328 1081 3383 11
1101 3320 1211 3401 prima
1232 3316 1358 3405 quidem

178 3465 242 3534 quo
257 3447 360 3514 animo
376 3447 492 3537 passim
515 3447 616 3514 affecti
639 3446 754 3514 luerint
775 3447 860 3514 cives
876 3443 1125 3533 lerosolymitani
1146 3443 1185 3511 ad
1202 3462 1257 3524 ea,
1279 3461 1359 3531 quae

178 3681 256 3746 bont,
274 3695 358 3748 caque
378 3679 492 3746 genuina
511 3679 596 3733 Lucae
615 3679 743 3746 scriptura
791 3675 943 3729 habendum
955 3687 1011 3727 esse
1022 3673 1179 3726 existimem.

178 3764 360 3818 essevidetur.
823 3760 903 3812 Porro
923 3760 952 3811 iu
973 3757 1053 3810 Codd.
1077 3756 1119 3808 AC
1146 3755 1288 3821 multisque
1308 3754 1361 3806 Mi-

790 3843 907 3896 nusculis
919 3845 946 3894 et
962 3836 1261 3904 verss.copt.etVu1g.
1274 3850 1290 3887 a
1308 3835 1362 3887 tine

212 3940 232 4008 ¹)
248 3940 313 3994 Van.
336 3940 598 3993 11111111111111
615 3940 740 3991 Minuscc,
790 3929 869 3981 huius
887 3925 1007 3979 versiculi
1024 3923 1111 3976 addita
1129 3923 1254 3987 leguntur
1270 3919 1334 3971 haec
1353 3937 1359 3972 :

178 4023 312 4074 nonnullis
345 4021 450 4074 additur
481 4032 510 4071 εν
535 4005 742 4097 Ιερουσαλημ,
792 3993 884 4089 pallos
908 4018 939 4058 τε
967 4015 1001 4068 itt)
1034 4015 1127 4081 μίγας
1155 4013 1201 4053 eru
1230 4010 1357 4061 πάντας·

178 4111 289 4172 eamque
305 4117 397 4156 vocem
416 4104 543 4156 exhibent
561 4105 638 4156 etiem
658 4105 743 4155 Verss.
792 4095 829 4146 De
841 4092 938 4160 quihus
954 4092 1023 4143 idem
1044 4091 1135 4156 putem
1151 4100 1207 4138 esse
1223 4084 1361 4137 ferendum

179 4188 257 4252 11111,
279 4187 387 4254 Syriaca
408 4192 435 4240 et
455 4188 573 4253 Vulgata.
591 4187 643 4239 Sed
662 4199 745 4252 quum
791 4177 933 4237 iudicium,
953 4173 1106 4241 praesertim
1132 4185 1214 4237 quum
1237 4169 1362 4234 languida

177 4272 290 4324 otiosum
298 4271 420 4324 videatur
430 4270 495 4322 illud
506 4270 645 4332 addidisse,
659 4281 745 4333 neque
791 4257 856 4309 mihi
873 4255 994 4308 videatur
1007 4255 1126 4322 repetitio
1142 4251 1284 4318 superioris
1296 4264 1361 4301 sen-

178 4369 300 4421 magnam
325 4355 401 4408 lectio
427 4354 521 4406 habeat
548 4353 746 4412 auctoritatem,
792 4340 1031 4414 lentiaetiyww
1053 4320 1085 4387 δε
1105 4345 1189 4409 πασῃ
1208 4319 1291 4408 ψυχῇ
1308 4342 1361 4408 φο·

179 4453 226 4506 pro
246 4439 401 4506 glossemate
422 4437 487 4490 illud
509 4444 538 4485 er
555 4417 745 4512 lepeucalap
793 4414 857 4503 βος.
