3074 5054
486 393 624 461 CAPUT
660 394 703 474 V,
740 392 862 464 VERS.
903 395 1048 462 tt-to.
1305 395 1370 463 ili)

200 581 340 662 dicerent,
359 581 455 649 verba
467 581 541 664 ista,
559 593 590 647 et
605 594 699 649 eruut
714 585 1104 650 unanimiter-uirorum
1120 584 1367 669 demolierunt,

199 725 246 792 pro
268 705 447 793 parenthesi
469 727 537 773 esse
560 705 718 789 habenda,
745 707 829 796 qnod
845 728 906 776 non
924 707 1037 798 probo.
1055 707 1233 775 Putarerim
1250 708 1368 798 potius.

199 828 374 897 versiculum
387 828 542 896 decimum
555 842 699 918 quartum
713 852 770 920 pro
785 830 961 921 parenthesi
975 851 1044 898 esse
1056 829 1246 899 habendum.
1262 834 1370 922 ltaque

197 953 340 1021 versiculo
360 955 402 1021 ih
418 961 577 1032 narratur,
595 973 665 1020 mea
685 953 811 1041 quidem
834 954 1002 1034 sententia,
1021 957 1148 1038 effectos
1164 955 1248 1023 illius
1264 955 1371 1022 existi-

197 1076 348 1156 mationis,
373 1095 467 1164 quarn
488 1074 548 1142 sihi
576 1076 739 1165 Apostoli,
765 1089 801 1146 ut
820 1098 866 1145 rs.
892 1080 933 1146 id
956 1077 1083 1160 dicitur,
1107 1077 1191 1168 apud
1219 1077 1370 1167 populum

196 1211 377 1288 paraverant.
404 1201 509 1269 Sentio
533 1202 635 1282 enirn,
664 1222 736 1284 eos,
756 1203 810 1291 qni
832 1201 885 1271 hio
904 1202 1050 1273 dicuntur
1074 1203 1216 1271 infirmos
1239 1223 1314 1272 suos
1337 1201 1368 1269 in

195 1323 292 1412 plateis
313 1325 514 1414 exposuisse,
531 1347 594 1394 non
614 1327 676 1393 iarn
696 1326 891 1395 Christianos
907 1327 962 1395 sod
978 1326 1082 1395 adhuc
1097 1326 1239 1396 infideles
1255 1326 1366 1394 luisse.

193 1448 270 1534 Quae
284 1449 441 1517 versiculo
457 1449 578 1519 decimo
596 1462 706 1540 quarto
723 1453 879 1540 leguntur,
895 1453 996 1521 Lucas
1013 1453 1210 1542 interponere
1222 1450 1368 1531 voluerit,

192 1582 221 1638 ut
234 1572 332 1641 obiter
348 1585 484 1654 notaret,
511 1595 700 1664 quamquam
724 1576 829 1644 ludaei
847 1575 1122 1664 hierosolymitani
1140 1595 1202 1643 non
1218 1573 1369 1643 auderent

192 1693 378 1763 iamiliariter
392 1697 437 1764 uti
454 1697 614 1786 Apostolis
630 1697 814 1787 (κολλᾶσθαι
831 1723 950 1778 αυτοις,
968 1720 1015 1767 vs.
1037 1701 1103 1790 tt),
1120 1708 1254 1768 attamen
1270 1699 1368 1787 magis

191 1819 333 1906 armagis
349 1820 381 1886 in
399 1819 466 1887 dies
483 1820 712 1889 multitudinem
736 1821 929 1890 credentium
952 1823 1140 1890 accrevisse.

229 1941 384 2009 Particnla
412 1946 490 2007 ὡστε
518 1945 710 2011 construitur
742 1965 814 2012 cum
843 1944 1000 2012 infinitivo
1027 1944 1066 2013 ad
1093 1945 1293 2014 indicandum
1322 1945 1368 2012 rei

189 2066 326 2148 effectum
347 2076 400 2133 aut
422 2079 578 2134 mentium.
603 2066 685 2136 Vide
707 2068 766 2136 Gr.
785 2088 856 2159 pag.
876 2072 955 2138 557.
974 2072 1095 2137 Adoni.
1116 2072 1148 2138 l.
1174 2069 1369 2159 Praepositio

188 2212 261 2253 κατα
277 2188 433 2258 reddenda
450 2190 502 2258 hio
517 2200 565 2258 est
578 2212 650 2275 per,
667 2191 810 2280 valetque
831 2191 1023 2259 Nostratinm
1048 2194 1151 2276 inops.
1169 2190 1368 2278 significatur

187 2333 220 2382 ea
234 2315 484 2404 Praepositione‚
502 2314 600 2383 inisse
624 2315 740 2403 passim
762 2336 822 2399 per
842 2317 984 2400 plateas,
1003 2315 1036 2381 in
1053 2314 1183 2405 plateis,
1209 2313 1369 2402 expositos

185 2449 385 2525 aegrotantes.
413 2443 474 2506 Pro
499 2442 611 2505 eiicere
634 2457 744 2526 graece
767 2448 813 2506 est
829 2458 973 2531 εκφερειν,
1000 2448 1180 2522 exportare.
1199 2437 1261 2502 Per
1275 2455 1369 2503 voces

183 2561 427 2649 aequipollentes
442 2560 541 2625 κλιιαι
558 2572 589 2628 et
604 2558 774 2652 κραββατοι
792 2560 993 2650 designantur
1009 2563 1094 2627 varii
1107 2562 1230 2645 poneris
1245 2557 1364 2626 lectuli.

183 2685 345 2752 Genitivus
368 2708 531 2776 ερχομειιου
552 2687 671 2778 Πετρου
700 2687 814 2776 pendet
841 2687 879 2755 ab
901 2687 919 2761 ἡ
945 2710 1028 2751 σκια.
1050 2685 1156 2752 Diotio
1176 2706 1232 2767 κᾳν
1249 2686 1300 2770 (.--
1316 2706 1367 2746 και

181 2809 246 2890 aar)
273 2810 352 2877 valet
380 2821 482 2895 certe,
507 2813 642 2895 soltem5
665 2821 711 2879 est
738 2823 840 2879 autem
868 2810 1020 2901 elliptica3
1045 2809 1167 2898 plenam
1196 2807 1367 2876 orationem

179 2942 254 3020 puta
270 2953 339 3000 esse
355 2932 436 3002 hano
455 2963 462 3000 ι
481 2948 516 3003 ut
530 2937 643 3003 Petrus
659 2936 686 3002 si
703 2935 735 3002 in
752 2936 940 3004 transeundo
957 2956 1018 3002 non
1043 2934 1245 3014 consisteret,
1272 2950 1368 3020 expo-

178 3055 249 3122 sitis
272 3077 329 3145 per
351 3057 469 3146 plateas
496 3057 629 3125 infirmis
646 3079 756 3127 manus
772 3079 844 3127 suas
866 3058 1089 3149 impositurus
1107 3066 1238 3125 atcerte
1254 3055 1368 3123 umhra

179 3182 407 3268 praetereuntis
430 3183 565 3270 aliquem
581 3182 705 3251 illorum
727 3182 954 3251 obumbraret.
974 3184 1048 3252 Virn
1065 3181 1212 3250 dictionis
1227 3203 1283 3265 κᾳν
1300 3179 1370 3246 Bel·

176 3305 269 3392 gice‚
291 3307 417 3395 opinor,
446 3307 658 3396 expresseris,
683 3308 710 3374 si
739 3307 825 3375 dicas
849 3328 857 3368 :
883 3311 996 3393 opdat,
1019 3329 1054 3375 ιιι
1077 3327 1141 3374 was
1163 3306 1189 3372 'r
1211 3325 1271 3372 oon
1292 3324 1370 3371 unna

177 3432 265 3509 zijoe
281 3432 447 3514 achodrrw,
466 3441 526 3498 etc.
545 3431 647 3499 Etiam
672 3431 785 3520 reliqui
802 3431 943 3523 Apostoli
961 3430 1111 3498 miracula
1136 3428 1297 3520 patrabant
1312 3425 1367 3509 (oi.

177 3573 232 3619 vs.
253 3552 324 3642 i2);
351 3575 409 3623 our
424 3576 497 3645 ergo
522 3557 582 3624 hoc
602 3557 670 3624 loco
687 3558 798 3626 Petrus
822 3567 1013 3626 memoratur
1037 3556 1146 3625 solus?
1169 3553 1365 3623 Crediderim

182 3759 356 3772 ——nn-n

216 3893 238 3960 1)
254 3893 314 3946 Post
332 3894 432 3947 verba:
450 3905 506 3966 κᾳν
529 3883 547 3958 ἡ
570 3907 643 3947 σκια
663 3907 749 3949 επισ-
795 3884 947 3952 λασσοντο
971 3910 1030 3978 γαρ
1059 3910 1119 3951 arro
1147 3909 1247 3960 πασης
1277 3886 1367 3951 aode-

178 3993 276 4059 κιασῃ
288 3993 346 4034 τινι
360 3995 472 4050 αυτων,
487 3987 583 4052 legitur
592 3990 619 4040 in
634 3989 697 4042 Cod.
710 3990 746 4041 E:
795 4007 889 4066 νειας,
899 3991 939 4060 ὡς
952 4000 1008 4067 (sio)
1020 4009 1099 4073 ειχεν
1112 3983 1237 4060 ἕκαστος
1249 4008 1364 4062 curor,

179 4084 235 4171 ⁷:⁰⁶¹
252 4062 583 4150 postcommunialem
596 4065 749 4140 ασθενειας
796 4092 1364 4160 riceratanrureormacemorrannum,

179 4175 218 4225 ης
248 4174 347 4237 ειχον,
371 4185 451 4238 quarn
476 4169 614 4222 lectionem
643 4170 751 4224 exhibet
793 4181 875 4240 prout
905 4173 1017 4226 habebat
1051 4177 1230 4241 unusquisque
1264 4188 1364 4226 eorum.

179 4247 262 4301 etiam
279 4251 356 4315 ltala;
374 4253 482 4305 exhibet
493 4256 520 4304 et
529 4252 641 4318 Vulgata
650 4257 749 4318 nostra,
795 4257 928 4309 Glossema
940 4257 1056 4310 redolere
1067 4257 1131 4310 mihi
1139 4259 1244 4311 videtur
1254 4260 1366 4323 utraque

179 4331 203 4381 si
223 4330 309 4386 demas
325 4349 404 4387 vocas
415 4321 448 4396 ἧς
461 4343 554 4406 ειχον.
575 4336 605 4387 Ιιι
620 4336 709 4389 codice
728 4338 750 4390 Ι)
795 4341 839 4393 itta
853 4342 939 4395 lectio.
960 4342 1085 4395 Nauteam
1107 4341 1319 4395 Tischendorfius
1337 4341 1364 4391 in

180 4424 242 4486 post
264 4436 351 4477 vocem
375 4435 474 4476 αυτωιι
503 4426 599 4491 legitur
620 4443 627 4479 :
651 4410 749 4486 απηλ-
796 4427 1020 4491 textumreeepit.

1166 4541 1184 4599 9
