3074 5054
455 386 726 468 seruntur,
765 386 886 456 vous,
926 388 1070 455 to-nr.
1283 371 1349 452 scs

217 579 271 645 l9.
298 575 576 642 Circumdnntibns
599 585 706 641 antem
729 595 801 642 enen
829 577 1014 660 discipulis,
1047 571 1138 659 ete).
1167 570 1351 663 Lapidatum

176 700 300 768 Paulum
325 720 397 768 cnm
415 712 571 766 mortuum
589 699 767 781 crederent,
789 711 875 767 extra
898 700 1009 767 urbem
1035 709 1265 788 protraxerunt.
1284 699 1353 767 Sei·

176 823 243 891 lieet
264 823 346 890 intra
373 820 480 888 urbem
509 821 639 889 humere
667 822 847 902 defunctos,
876 835 910 891 ut
938 823 1072 904 Latinis,
1099 822 1142 890 ita
1166 834 1196 890 et
1223 823 1352 892 Graecis

178 943 257 1010 nelos
269 954 347 1010 erat.
366 942 414 1009 Gi.
434 944 591 1031 Brtinings
607 945 779 1033 Compend.
798 942 1061 1034 Antiqq.'Graee.
1081 947 1157 1034 Cap.
1172 946 1360 1026 XXer53·

177 1074 206 1131 et
228 1065 321 1131 Fuss.
352 1064 481 1154 Antiqq.
512 1066 606 1132 Rom.
633 1065 652 1154 S
680 1070 757 1135 ost.
789 1066 910 1146 Novelli
938 1079 1040 1136 autem
1068 1088 1107 1135 ex
1135 1068 1356 1155 Lyslrensibus

178 1186 341 1255 Christiani
370 1210 441 1256 eum
466 1189 651 1278 Apostolum
676 1212 733 1279 pro
757 1202 879 1260 mortuo
906 1193 1049 1261 relietum
1073 1196 1355 1263 circumdedissent

178 1311 457 1405 (κυκλωσαντων),
487 1315 579 1382 sunus
609 1315 695 1395 eius,
726 1327 760 1384 ut
787 1315 921 1399 videtur,
950 1318 1107 1398 curaturi,
1138 1319 1280 1406 protinus
1304 1319 1357 1386 ille

178 1439 330 1519 surrexit,
347 1439 520 1529 urbemque
537 1440 677 1530 repetiit,
704 1441 760 1508 sed
780 1441 973 1525 clanculum,
991 1453 1026 1509 ut
1050 1461 1182 1530 pronum
1207 1452 1254 1509 est
1275 1441 1356 1509 iudi-

179 1580 259 1630 care.
274 1600 320 1611 -
336 1564 391 1630 Est
414 1575 516 1631 autem
541 1565 731 1632 instantanea
748 1565 826 1633 haee
850 1566 935 1632 Pauli
953 1565 1072 1633 curatio
1090 1563 1171 1633 haud
1188 1565 1282 1633 dubie
1298 1587 1356 1655 pro

181 1685 364 1754 miraculosa
380 1685 532 1755 habenda.
552 1689 648 1756 Recte
664 1688 827 1757 Cornelius
850 1689 905 1778 (ad
930 1688 962 1756 h.
983 1689 1024 1778 l.)
1046 1713 1053 1755 :
1080 1719 1093 1749 α
1117 1687 1290 1771 Miraoulo,
1309 1692 1358 1755 iu·

180 1810 260 1892 quit,
280 1809 367 1877 Deus
382 1809 467 1877 illico
484 1811 617 1878 restituit
630 1812 790 1879 sanitatem
805 1823 835 1879 et
852 1813 932 1880 vires
952 1813 1064 1894 Paulo,
1082 1813 1186 1901 utqui
1203 1811 1360 1901 lapidibus

182 1929 327 2010 obrutus,
346 1932 540 2015 confractus,
554 1946 585 2002 et
601 1936 689 2023 quasi
714 1946 859 2004 enecatus
882 1937 1019 2018 iacebat,
1039 1937 1124 2005 illico
1146 1947 1306 2024 surgeret,
1323 1956 1361 2004 ao

184 2055 332 2142 postridie
347 2056 452 2126 valens
473 2059 657 2150 validusque
679 2074 821 2150 pergeret
843 2063 874 2130 in
898 2062 1067 2130 Derben...
1085 2063 1139 2131 Sis
1154 2062 1187 2129 S.
1206 2061 1362 2130 Sebastia-

186 2199 240 2246 nus
268 2181 386 2268 sagittis
409 2182 551 2251 confixus
577 2205 614 2252 ac
641 2207 698 2274 pro
727 2197 849 2254 mortuo
878 2186 1023 2270 relictus,
1053 2187 1137 2255 illioo
1161 2188 1220 2254 Dei
1248 2187 1362 2254 virtute

186 2301 356 2384 convaluit,
385 2305 555 2394 adiensque
581 2308 812 2377 Diocletianum
841 2311 967 2400 impiam
993 2311 1060 2377 eins
1083 2308 1297 2377 crudelitatem
1314 2329 1363 2376 re-

187 2421 315 2512 darguit.
336 2453 349 2484 »
374 2427 606 2515 Lepidationem
624 2429 704 2499 hanc
719 2432 889 2522 Apostolus
906 2443 1057 2500 memorat
1073 2433 1103 2499 in
1121 2433 1181 2521 Ep.
1197 2431 1269 2502 had
1286 2434 1360 2499 Cor.

188 2549 229 2615 Xl
247 2575 254 2618 :
274 2553 318 2619 ”lh
335 2574 342 2617 :
362 2555 459 2618 semel
476 2554 635 2636 lapidatus
651 2578 735 2624 sorno.

230 2802 377 2871 tlt-tt.
406 2803 544 2889 Coumque
567 2806 850 2887 evangelizassent,
870 2801 961 2888 ete).
987 2803 1143 2872 Postridie
1159 2822 1233 2871 snae
1250 2801 1366 2892 lapida-

192 2921 279 2992 tionis
305 2926 421 2994 Paulus
445 2927 571 2994 Derben
600 2926 757 3015 proiectus
785 2938 831 2994 est
858 2928 917 2994 unh
941 2946 1013 2994 cum
1041 2927 1182 2994 Bernaba
1209 2930 1271 3017 (νε.
1297 2927 1365 3009 tn).

192 3045 354 3137 Quumque
370 3050 401 3115 in
424 3022 482 3117 hae
504 3051 625 3117 civitate
647 3048 847 3137 Errangelinm
871 3048 1102 3139 praedicassent
1118 3050 1368 3142 (eonpyelnscpe

189 3192 232 3234 nor
248 3195 279 3235 τε
296 3173 445 3262 Parlioip.
465 3175 542 3240 Aor.
561 3173 665 3262 Med.)
679 3195 731 3247 την
755 3171 844 3236 πολιν
862 3195 991 3252 euenum,
1017 3195 1049 3262 q.
1069 3173 1102 3241 d.
1127 3196 1258 3260 cumque
1275 3197 1368 3241 euan-

191 3298 378 3377 pelizossent
400 3299 481 3363 leenc
496 3296 685 3386 ciuitatem),
704 3296 883 3387 multosque
898 3298 940 3366 ibi
955 3296 1016 3379 (Cf.
1034 3300 1111 3387 Cap.
1130 3301 1217 3370 XV:
1237 3303 1279 3369 56
1296 3321 1368 3370 eum

193 3419 266 3490 XVI
287 3446 295 3488 :
317 3420 562 3510 l)edduxissent
578 3422 617 3489 ad
641 3421 756 3489 Christi
777 3422 957 3510 religionem
982 3423 1254 3509 (μαθητευσαντες,
1272 3427 1369 3492 disci·

192 3549 280 3627 proles
306 3549 480 3632 fecissent),
509 3546 709 3635 imperterriti
740 3547 855 3613 reversi
886 3558 956 3614 sunt
984 3548 1205 3641 (ὑπεστρεψαν,
1226 3561 1369 3639 utsupra

193 3665 267 3757 Cap.
293 3670 396 3737 Xlll:
418 3671 472 3753 st)
495 3672 655 3757 hystrum,
682 3670 839 3752 leonium,
860 3681 890 3738 et
906 3671 1103 3738 Antiochiam
1124 3672 1366 3762 PisidiaelCap.

195 3791 269 3860 Xlll
290 3819 298 3861 ε
319 3796 385 3881 ll).
404 3795 552 3862 Rerlsere
576 3795 644 3862 illas
661 3796 800 3862 civitates
824 3796 1005 3876 volucrunt,
1024 3806 1058 3862 ut
1080 3795 1219 3863 novellos
1227 3847 1235 3877 ,
1255 3797 1307 3885 qui
1326 3796 1369 3864 ibi

197 3929 296 3996 erant,
322 3917 514 3985 Christianos
542 3919 574 3984 in
602 3928 746 4007 suscepta
769 3917 830 3984 lide
853 3918 1090 3999 confirmarent,
1116 3928 1147 3986 et
1171 3917 1370 4007 presbyteros

130 4078 137 4084 -
197 4039 254 4108 illis
270 4042 492 4131 praeficerent,
517 4055 613 4109 νινε.
632 4044 671 4109 dl
692 4054 721 4108 et
737 4045 780 4111 Ὦ
797 4054 969 4110 enarratur.
988 4081 1032 4091 —

239 4167 355 4235 Sensus
382 4188 430 4235 νε.
460 4170 499 4234 m
531 4166 583 4233 hie
611 4177 658 4233 est
685 4186 694 4227 :
725 4167 865 4255 Apostoli
898 4166 1090 4234 novellorum
1122 4165 1369 4234 Christianorum

198 4291 314 4358 animos
345 4288 612 4358 adhortationibus
647 4288 713 4355 suis
750 4288 993 4370 confirmarunt,
1031 4287 1224 4357 admonendo
1260 4307 1371 4377 nempe

1214 4529 1254 4588 dl
