3074 5054
485 381 625 449 CAPUT
663 381 711 460 V,
752 379 874 448 VERS.
917 380 1063 448 tlt—au.
1296 379 1356 447 151

180 569 415 659 praedicabant,
434 592 526 660 quam
543 571 587 637 illi
606 568 767 657 negabant.
786 570 868 657 Ergo
885 567 916 634 in
934 567 1072 635 novellae
1095 565 1254 655 religionis
1270 584 1359 656 prae-

179 692 329 762 dicatores
362 695 432 763 odio
463 704 646 763 exarserunt
678 693 875 784 potissimum
906 690 1089 760 Sadducaei.
1122 689 1215 776 Quod
1242 690 1357 758 dicitur

180 841 331 896 αναστας,
355 818 551 886 referendum
575 816 635 884 hoo
657 828 704 884 est
727 828 788 884 tarn
809 814 847 884 ad
869 820 884 878 ὁ
904 838 1060 906 αρχιερευς
1078 834 1170 904 quam
1191 813 1230 880 ad
1251 834 1358 887 παντες

179 948 205 1005 οἱ
228 966 283 1007 συν
307 967 404 1029 aurp.
429 945 539 1010 Putem
563 953 685 1020 autern,
710 961 816 1009 vocem
838 964 973 1015 αναστας
995 940 1026 1006 in
1050 938 1203 1030 praesenti
1225 939 1294 1006 loco
1319 936 1358 1004 ad

179 1067 365 1135 erectionem
389 1088 450 1135 non
478 1069 621 1152 corporis
649 1065 703 1135 sed
732 1069 834 1132 animi
855 1085 924 1133 esse
947 1064 1158 1145 referendam3
1184 1074 1218 1130 ut
1239 1062 1360 1130 scilicet

178 1188 381 1276 significetur,
399 1210 556 1258 summurn
579 1189 759 1279 pontificem
781 1198 963 1276 ceterosque
985 1186 1195 1268 Sadducaeos,
1214 1184 1360 1273 Synedrii

178 1333 369 1394 assessoreS,
387 1314 453 1382 zelo
470 1335 545 1383 suae
560 1325 663 1382 sectae
679 1313 881 1402 (επλησθησαν
894 1311 1000 1400 inico)
1017 1317 1184 1393 excitatos,
1203 1311 1362 1380 doctrinae

178 1438 371 1508 Christianae
393 1461 578 1530 progressus
601 1439 683 1508 haud
705 1440 840 1529 amplius
864 1439 982 1507 tulisse.
998 1439 1104 1506 —Dc
1128 1438 1284 1506 locutione
1306 1459 1362 1501 ccv

176 1585 234 1625 τινι
261 1586 338 1626 aaran
367 1563 480 1630 videsis
507 1563 672 1650 Vigerum,
697 1564 775 1652 Cap.
801 1564 867 1644 lX,
892 1561 976 1629 Sect.
1004 1563 1047 1642 V,
1073 1563 1118 1629 X.
1142 1559 1361 1629 Detruduntur

178 1686 319 1774 Apostoli
340 1706 402 1753 non
425 1687 630 1753 incarcerant
652 1691 817 1771 priuatum
832 1684 917 1753 velut
937 1687 1164 1770 emancipandi,
1184 1683 1238 1752 sed
1255 1685 1286 1751 in
1300 1706 1361 1769 pu-

176 1815 293 1880 blicum
312 1812 451 1905 (τηρησις
479 1810 648 1902 inportu),
675 1813 762 1903 quasi
784 1812 937 1881 manifesti
960 1811 1120 1880 cuiusdam
1144 1810 1274 1878 sceleris
1296 1813 1359 1876 roi.

227 2062 279 2127 l9.
300 2061 442 2144 Angelus
463 2071 569 2127 cartem
593 2057 751 2147 Domini).
770 2060 839 2125 Non
861 2059 922 2124 iam
945 2077 1025 2125 unus
1041 2067 1095 2124 aut
1109 2055 1186 2124 alter
1203 2076 1242 2123 cx
1258 2057 1361 2146 Apos-

177 2182 268 2261 totis,
287 2183 342 2251 scd
361 2184 499 2250 universi
523 2203 630 2251 omnes
653 2180 718 2272 (επι
741 2204 810 2256 τους
834 2177 1033 2263 αποστολους)
1059 2178 1280 2269 comprehensi
1297 2178 1363 2245 lue-

178 2317 247 2373 rant
267 2319 298 2373 ct
321 2307 353 2373 in
377 2327 536 2374 carcerem
559 2306 689 2374 detrusi.
716 2306 823 2395 ltaque
851 2303 1013 2393 desperata
1041 2303 1140 2371 rideri
1170 2312 1290 2394 poterat
1313 2323 1363 2370 res

177 2428 372 2516 euangelica3
391 2449 500 2496 verum
522 2425 577 2512 (dr)
594 2426 752 2517 Apostolis
777 2428 843 2494 suis
867 2425 974 2494 dexter
994 2425 1081 2494 adest
1099 2426 1200 2493 Deus.
1225 2424 1362 2514 Angelus
1473 2522 1475 2531 γ

178 2550 292 2640 aliquis
317 2552 459 2640 sequenti
485 2563 575 2619 nocte
591 2548 657 2637 (δια
678 2574 729 2625 της
751 2573 868 2628 aaaron,
890 2554 1032 2635 perndcnt
1048 2552 1078 2615 lo
1094 2549 1197 2633 nuit),
1217 2550 1365 2615 reseratis

178 2675 315 2742 carceris
341 2673 549 2756 foribus,eos
565 2675 637 2742 inde
659 2673 774 2741 educit.
801 2674 851 2741 Ad
875 2694 941 2741 rem
964 2673 1016 2740 hic
1039 2683 1143 2740 monet
1162 2671 1327 2739 Cornelius
1346 2692 1364 2739 a

179 2800 320 2889 Lapide:
347 2800 472 2867 «Disce
489 2799 559 2877 hic,
579 2802 698 2885 inquit,
718 2799 750 2866 in
773 2798 868 2867 rebus
891 2799 985 2866 arctis
1007 2798 1139 2866 maxime
1161 2797 1227 2865 suis
1252 2796 1361 2866 adesse

178 2924 302 3005 Deum,
316 2935 445 3013 tumque
460 2944 548 2992 suam
561 2925 747 3013 potentiam,
766 2924 858 2991 etiam
875 2944 931 3013 per
947 2923 1152 3004 miraculum,
1171 2923 1202 2988 in
1220 2923 1259 2989 iis
1274 2933 1362 2989 tuen·

178 3047 228 3115 dis
251 3048 429 3130 ostendere3
448 3048 552 3136 itaque
567 3049 683 3115 nemini
701 3060 774 3116 tuno
791 3048 1038 3136 desperandum,
1053 3047 1109 3115 sed
1125 3047 1229 3137 potius
1245 3066 1360 3114 acuen-

178 3171 250 3239 dam
275 3171 416 3261 spemin
446 3172 568 3252 Deum,
592 3155 723 3261 eiusque
747 3192 838 3261 opem
863 3172 995 3239 maxima
1021 3170 1135 3239 fiducia
1157 3169 1359 3239 invocandam

178 3313 265 3374 esse,
280 3294 324 3362 uti
342 3293 394 3361 hio
410 3294 521 3362 secisse
538 3294 718 3384 Apostolos,
738 3314 799 3362 non
819 3304 865 3361 cst
882 3292 1055 3362 dubium.»

226 3537 282 3604 20.
307 3538 379 3620 Ite,
399 3548 568 3605 ecstantes
590 3541 774 3624 loquimini,
793 3537 885 3626 etc.).
912 3540 1032 3609 Graece
1052 3538 1207 3613 creterrae
1231 3536 1264 3604 lr.
1285 3556 1314 3604 e.
1333 3547 1365 3603 et

178 3681 234 3725 uos
248 3664 407 3728 adtentos.
433 3663 488 3729 Est
506 3663 655 3752 Particip.
675 3665 751 3729 Aor.
770 3664 859 3730 Pass.
885 3682 956 3730 cum
984 3662 1209 3751 significatione
1237 3661 1360 3726 Medio.

180 3783 229 3849 ul.
249 3784 307 3853 Gr.
326 3804 396 3873 pag.
415 3786 494 3853 a7t.
512 3758 730 3853 Commendari
748 3786 808 3853 hoc
826 3785 922 3853 verbo
945 3785 1068 3853 videtur
1085 3785 1253 3876 praecipua
1269 3803 1363 3872 quae-

180 3906 251 3974 dam
276 3908 370 3974 animi
392 3909 564 3975 constantia
586 3920 617 3976 et
644 3908 814 3976 firmitudo.
838 3909 929 3975 Certe
952 3906 1063 3976 adduci
1089 3929 1150 3976 uon
1179 3927 1307 3998 possum
1330 3917 1365 3973 ut

181 4031 318 4112 credam,
337 4032 522 4101 vocabulum
539 4032 600 4100 hoc
616 4031 806 4111 redundare,
826 4045 859 4099 ut
874 4032 1001 4121 quidam
1024 4033 1143 4100 volunt.
1168 4034 1359 4116 intemplo,

183 4167 255 4244 puta
267 4157 298 4222 in
311 4158 405 4224 variis
418 4157 541 4247 Templi
554 4156 738 4247 porticibus.
757 4159 875 4225 Omnia
892 4159 985 4223 corbo
997 4161 1081 4224 vitoe
1097 4161 1214 4242 lanium
1227 4175 1360 4244 graece:

181 4303 233 4354 της
248 4283 461 4355 tolerante
493 4283 561 4348 Vim
577 4292 679 4349 autem
700 4281 752 4349 hic
775 4280 957 4369 intelligitur
973 4283 1078 4360 satos,
1093 4290 1127 4347 ut
1143 4278 1308 4346 conficitur
1324 4297 1363 4342 ex

184 4404 252 4471 looo
277 4405 437 4495 parallelo,
455 4407 531 4496 Cap.
550 4408 629 4475 Xlll
649 4432 656 4474 :
676 4410 731 4475 26.
757 4408 805 4474 De
829 4409 930 4472 salute
948 4419 1079 4473 aeterna
1095 4425 1154 4473 vox
1170 4407 1232 4479 ζωη
1248 4403 1363 4471 dicitur
