3074 5054
178 383 220 448 51
526 379 663 448 'ACTUS
697 378 1031 462 APOSTOLORUM,

176 570 286 639 adan.
312 572 373 649 ot,
398 569 417 656 S
442 570 902 659 nummulariorum
930 589 986 636 sua
1012 566 1195 637 defendebat
1221 567 1345 647 oratio;

173 704 310 772 ceteros,
329 692 511 783 praesertim
535 712 632 780 quum
648 703 709 760 tam
726 693 812 761 multi
837 703 957 774 essent,
975 693 1079 760 sinon
1096 690 1198 771 aliud,
1216 691 1264 757 vei
1282 689 1348 757 sola

176 817 246 895 iiia,
266 836 357 905 quam
381 815 473 884 modo
494 814 690 897 dicebamus,
709 816 899 885 consuetudo
915 817 990 885 satis
1013 816 1052 884 ah
1075 817 1207 884 istorum
1231 815 1349 883 caium-

178 942 230 1009 nia
245 939 433 1008 vindicabat.

227 1187 280 1254 16.
306 1184 369 1251 Seu
383 1186 440 1250 hoc
455 1182 528 1274 est).
546 1185 663 1252 Sensus
679 1195 726 1253 est
744 1210 751 1252 :
771 1185 803 1253 iu
823 1184 906 1274 quod
928 1203 966 1251 en
987 1181 1075 1250 vohis
1098 1181 1236 1249 nonnulli
1254 1193 1350 1248 temu-

180 1310 291 1378 lentiae
314 1308 467 1376 malitiose
490 1307 686 1388 adscribunt,
704 1321 751 1376 est
765 1313 822 1375 hoc
837 1307 1097 1398 complementum
1120 1306 1254 1373 vaticinii
1275 1306 1349 1372 olim

177 1453 195 1500 a
212 1432 296 1501 lotia
309 1430 466 1521 Propheta
484 1432 691 1520 pronunciati.
711 1432 900 1502 vaticinium
924 1429 983 1498 hoe
1002 1431 1131 1498 Petrum
1150 1430 1254 1499 statim
1275 1429 1349 1497 sub-

176 1557 253 1624 11111.
360 1611 362 1622 .

224 1789 278 1856 17.
304 1787 819 1870 1111111111011331111111111113,
838 1785 929 1874 oet).
948 1786 1117 1855 Oraeulum
1135 1786 1247 1865 lo'e'iis,
1265 1787 1349 1874 quod

75 1903 79 1919 '
178 1907 619 1999 hie(vs.17—22)aPetro
644 1910 710 1976 fere
732 1909 771 1976 ad
796 1909 928 1977 litteram
953 1910 1111 1992 recitatur,
1130 1911 1161 1977 in
1183 1909 1350 1998 Prophetia

178 2032 271 2100 loeiis
298 2032 409 2121 legitur
436 2034 511 2123 Cap.
537 2035 567 2101 11
593 2058 601 2101 :
624 2035 756 2102 28-52
779 2031 827 2122 (in
849 2033 966 2101 Bibliis·
982 2033 1150 2111 Hebraeis,
1174 2034 1250 2122 Cap.
1273 2035 1347 2100 111:

182 2157 296 2245 t-o).
314 2159 453 2247 Tempus
469 2177 531 2246 quo
547 2157 778 2246 adimplendum
794 2167 859 2224 erat
874 2157 906 2224 id
922 2157 1006 2247 quod
1028 2157 1080 2225 hin
1095 2179 1113 2225 a
1129 2159 1211 2226 inille
1228 2158 1349 2247 praedi·

176 2281 269 2362 eitur,
287 2271 304 2347 a
320 2279 473 2370 propheta
488 2282 672 2370 exprimitur
687 2301 744 2370 per
759 2281 922 2374 formulam
939 2298 968 2364 73
981 2296 1058 2368 appu
1074 2281 1108 2349 h.
1127 2303 1156 2349 e.
1172 2285 1346 2366 posthaec,

179 2379 272 2495 quam
293 2405 457 2474 formulam
478 2409 590 2474 Petrus
610 2407 829 2495 interpretatur
848 2431 856 2474 z
875 2429 904 2471 εν
920 2431 986 2482 ταις
1007 2430 1152 2494 εσχαταις
1174 2409 1299 2496 ἡμεραις
1315 2411 1351 2474 io
1386 2420 1391 2429 ‘

178 2532 357 2595 nouissimis
377 2531 507 2614 dietata,-
530 2549 608 2620 quae
629 2530 744 2597 locutio
761 2529 854 2596 refert
869 2529 1055 2598 Hebraieam
1071 2530 1170 2609 hano,
1183 2517 1350 2619 Prophetis

178 2654 374 2722 solemnem:
393 2668 485 2741 neap}
506 2667 641 2739 mannua,
660 2653 720 2721 hoe
736 2665 801 2736 est,
826 2658 861 2721 iu
875 2659 1073 2722 extremitate
1095 2658 1234 2722 dierum.
1257 2656 1350 2723 Notat

180 2789 282 2846 autem
298 2778 414 2868 passim
438 2776 491 2844 illa
513 2777 645 2845 formula
667 2778 865 2845 novissimam
890 2777 995 2845 mundi
1020 2787 1165 2858 aetatem,
1184 2777 1250 2845 dies
1266 2780 1350 2846 Mes-

178 2903 260 2980 siae,
285 2913 424 2991 tempora
445 2902 517 2967 novi
543 2902 749 2981 Testamenti,
775 2902 840 2968 sive
863 2912 957 2970 totam
977 2901 1060 2969 illam
1082 2901 1250 2991 epocham,
1271 2923 1350 2990 quae

178 3024 372 3115 protenditur
397 3025 436 3092 ah
467 3025 599 3093 adventu
628 3026 761 3094 Messian
791 3026 955 3115 usquead
985 3046 1165 3114 supremum
1199 3024 1349 3092 iudicium

177 3150 333 3239 finemque
356 3148 475 3216 mundi.
502 3149 550 3216 Cf.
569 3150 632 3217 ies.
650 3152 680 3217 11
700 3171 708 3212 :
727 3152 766 3231 23
789 3151 849 3238 Ep.
868 3149 907 3217 au
923 3150 1021 3217 Hebr.
1041 3151 1116 3239 Cap.
1133 3151 1146 3216 1
1166 3175 1174 3216 :
1192 3152 1226 3218 2.
1247 3149 1350 3218 Verba

176 3275 234 3341 ista
253 3295 261 3338 ε
280 3276 357 3339 dicit
372 3255 542 3354 Dominus,
560 3273 642 3362 apud
662 3273 776 3341 Ioiiem
798 3293 858 3339 non
881 3272 941 3341 hoe
964 3273 1089 3362 quidem
1107 3274 1174 3341 ioco
1192 3275 1347 3361 leguntur,

178 3397 234 3466 sed
258 3399 416 3487 paululum
438 3399 587 3480 inferius,
611 3398 896 3485 13511111Β1111.
922 3397 1020 3466 Hebr.
1043 3399 1120 3486 Cap.
1145 3399 1190 3464 111
1215 3423 1223 3464 :
1250 3395 1298 3483 ὅ),
1316 3399 1347 3464 iu

176 3521 238 3589 fine
253 3522 320 3588 eius
335 3521 483 3589 vaticinii.
627 3527 631 3534 '

223 3648 385 3730 effundam
411 3648 449 3711 de
475 3645 604 3729 Spiritu
620 3643 715 3730 tneo)
744 3652 858 3731 εκχεὼ,
888 3648 1068 3729 effundam
1096 3644 1135 3712 de
1162 3665 1222 3733 qua
1249 3646 1349 3714 forma

178 3770 288 3838 Futuri
304 3768 375 3836 vide
394 3769 452 3838 Gr.
482 3788 552 3858 pag.
568 3771 610 3836 56
627 3780 657 3835 et
677 3770 732 3837 68.
756 3769 896 3837 Verbum
916 3770 1099 3852 effundendi
1121 3766 1235 3834 indicat
1256 3767 1348 3855 largi-

176 3903 269 3977 tatem
285 3902 315 3959 et
336 3891 513 3958 varietatem
530 3890 681 3959 donorum
698 3892 832 3982 Spiritus
848 3891 970 3972 Sancti,
989 3911 1068 3980 quae
1083 3889 1136 3957 hio
1151 3891 1348 3979 potissimum

178 4019 400 4110 respiciuntur,
425 4029 459 4087 ut
484 4028 625 4086 contexta
651 4017 826 4107 Prophetae
849 4019 946 4086 oratio
969 4017 1070 4085 donet.
1096 4017 1250 4085 Hebraiee
1271 4028 1345 4084 est:

160 4141 301 4230 anau-unp
324 4146 442 4229 11131111,
464 4143 604 4226 honest,
626 4147 788 4229 effundam
809 4126 1110 4227 Spiritumm'eum.
1139 4144 1251 4209 Petrus
1279 4143 1348 4210 loi-

176 4263 237 4331 iem
254 4264 488 4354 interpretatum
506 4266 625 4335 scilieet
648 4267 782 4356 Spiritus
805 4267 936 4335 Sanetus
958 4265 1144 4333 charismata
1165 4285 1222 4332 sua
1242 4264 1347 4333 distri·

177 4387 243 4458 huit
259 4389 404 4461 eomodo
420 4411 481 4483 quo
498 4390 578 4473 mult,
599 4412 656 4459 nee
672 4392 725 4461 uni
742 4392 862 4474 omnia,
880 4391 935 4460 sed
951 4391 1009 4458 alia
1025 4389 1093 4458 aliis
1109 4390 1240 4458 confert.
1258 4391 1346 4478 Quae
