3074 5054
464 403 602 471 CAPUT
636 401 766 486 xvur,
804 396 926 469 Vuae.
964 398 1087 464 6-11.
1298 399 1363 467 dib

224 594 326 661 7-8.
352 595 396 658 Et
416 596 562 677 miuruns
576 595 677 676 inde,
703 588 794 677 etc).
821 591 943 658 Graece
966 607 974 650 τ
998 611 1050 650 και
1072 583 1209 673 μεταβας
1236 589 1361 667 eunden,

184 728 208 782 ot
222 719 385 800 diprensun
401 719 492 797 inde,
510 716 580 782 scii.
600 737 639 780 en
661 736 841 799 epnupopo,
865 732 935 779 nam
960 710 1044 800 quod
1071 721 1250 799 antegressa
1278 732 1363 780 ccm-

183 851 257 906 mate
274 850 433 907 narratum
449 851 507 920 est,
527 839 559 906 id
576 840 606 906 in
621 838 747 928 publico
766 837 952 905 Indaeorum
969 845 1121 903 conventu
1134 835 1299 918 accidisse,
1313 857 1363 902 res

181 965 243 1052 ipsa
260 965 336 1032 satis
353 963 480 1032 indicat.
500 965 539 1030 Et
555 963 759 1031 confirmatur
774 983 813 1030 ex
829 983 887 1043 eo,
913 960 998 1050 quod
1021 962 1123 1028 Lucas
1141 961 1243 1028 statim
1261 971 1361 1041 notat,

180 1088 307 1156 Paulum
332 1089 426 1155 ivisse
450 1089 480 1155 in
502 1088 628 1155 domurn
653 1087 716 1155 Titi
741 1085 925 1166 cuiusdam,
944 1087 1034 1153 cuius
1058 1086 1169 1154 domus
1185 1106 1364 1171 spnrupopue

180 1227 246 1280 erut
260 1218 423 1299 contiuua.
448 1215 573 1283 Dicitur
596 1214 649 1280 ilie
668 1213 759 1280 Titus
784 1215 888 1280 iustus
911 1206 1072 1297 σεβομενος
1093 1233 1144 1276 τον
1164 1207 1262 1292 Θεον,
1278 1209 1311 1278 h.
1332 1231 1361 1278 e.

178 1343 356 1424 proselytus
376 1350 501 1424 portae.
528 1338 608 1407 Vide
633 1357 728 1426 supra
751 1336 790 1404 ad
814 1337 891 1425 Cap.
913 1317 993 1402 xui
1020 1356 1028 1398 τ
1054 1337 1108 1403 16.
1134 1334 1265 1402 Panium
1291 1347 1365 1402 tnnc

179 1464 267 1530 etiam
292 1462 462 1552 hospitium
480 1473 614 1529 mutasse
630 1481 666 1529 ac
682 1461 829 1548 deinceps
847 1460 878 1526 in
895 1459 958 1527 Titi
978 1458 1067 1525 istius
1083 1458 1213 1526 aedibus
1228 1480 1364 1528 commo-

180 1600 277 1656 ratum
301 1589 416 1667 fuisse,
444 1609 504 1654 non
528 1588 618 1656 videa
642 1587 724 1654 unde
750 1585 876 1675 probari
894 1585 1012 1672 possit3
1030 1583 1228 1651 solummodo
1245 1604 1283 1651 ex
1303 1583 1365 1652 hoc

179 1721 316 1801 tempore
333 1713 364 1778 in
381 1713 444 1779 Titi
470 1711 563 1778 huius
580 1710 672 1778 domo
697 1709 890 1798 evangelium
917 1707 1113 1798 praedicasse
1132 1707 1209 1775 mihi
1227 1708 1361 1776 ridetur.

186 1866 198 1896 n
222 1837 295 1905 ldeo
320 1837 417 1918 sorte,
443 1837 485 1903 ait
505 1818 610 1904 Estins
634 1835 683 1925 (ad
708 1833 742 1902 h.
766 1833 808 1922 l.)
831 1833 958 1901 domum
983 1833 1163 1920 synagogae
1185 1833 1361 1920 contiguam

180 1962 285 2050 elegit,
305 1982 344 2028 nc
367 1961 525 2029 videretur
547 1961 629 2048 genti
655 1980 729 2028 snae
746 1979 873 2049 operam
896 1957 1136 2047 praedicationis
1162 1958 1364 2046 Evangeiicae

179 2084 378 2164 subtrahere,
397 2084 489 2152 modo
505 2085 550 2151 illi
568 2083 681 2150 velient
704 2085 808 2172 ipsum
824 2081 944 2149 andire.
962 2109 976 2140 o
1000 2080 1161 2170 Quidquid
1178 2081 1237 2162 sit,
1257 2093 1362 2148 narrat

141 2214 143 2218 ’
179 2209 294 2290 Lucas,
320 2209 484 2298 Crispum,
509 2208 725 2276 Corinthiaeae
741 2227 913 2294 synagogae
930 2205 1140 2295 praefectum,
1160 2204 1273 2273 deinde
1290 2205 1362 2272 reli-

177 2331 295 2416 gionem
312 2331 519 2399 Christianam
538 2331 633 2399 inisse
649 2330 825 2419 amplexum
843 2351 913 2397 cum
928 2341 990 2396 tcta
1003 2349 1059 2396 sua
1071 2329 1209 2408 familia;
1225 2339 1255 2395 et
1271 2350 1362 2417 prae·

179 2463 259 2520 terea
285 2455 399 2520 muitns
427 2473 464 2520 cx
493 2453 663 2520 Corinthiis
695 2451 733 2520 ad
761 2453 850 2520 Pauli
879 2451 1142 2541 praedicationem
1170 2450 1360 2531 credidisse,

179 2589 386 2665 susceptoque
413 2578 566 2667 baptismo
595 2577 720 2644 Christo
749 2576 846 2644 inisse
875 2577 1022 2644 initiatos.
1050 2613 1094 2625 -
1123 2573 1288 2649 Ακουοντες
1315 2586 1361 2642 est

179 2700 325 2789 Particip.
347 2703 536 2790 imperfecti.
556 2701 722 2778 Ακουοντες
743 2725 898 2766 επιστευον
922 2702 1001 2768 vaiet
1024 2701 1197 2768 audiebant
1213 2699 1359 2790 (Paulum

180 2823 378 2912 Evarngaiium
407 2826 653 2914 praedicantem)
681 2838 711 2893 et
738 2827 917 2895 credebant.
944 2830 1057 2894 Forma
1085 2828 1273 2910 Inopersooti
1301 2825 1362 2893 hoc

179 2946 245 3016 loco
273 2959 377 3016 aetum
401 2962 484 3018 notat
510 2963 544 3018 nt
566 2973 659 3036 saepe
687 2955 879 3037 repetitum,
908 2974 940 3041 q.
964 2951 996 3019 d.
1023 2963 1111 3020 erant
1134 2954 1284 3020 continuo
1308 2953 1361 3040 qui

180 3071 308 3140 Paulum
332 3072 492 3152 audirent,
521 3089 551 3140 et
573 3075 756 3156 crederent,
783 3085 813 3142 et
837 3075 1081 3165 baptizarentur.

224 3319 349 3386 e-rt.
375 3320 466 3386 Dinit
487 3329 594 3385 autem
617 3320 774 3386 Dominus
798 3331 903 3404 nocte,
924 3320 1013 3407 etc).
1033 3322 1081 3386 En
1102 3321 1141 3388 iis
1165 3340 1245 3409 quac
1261 3321 1362 3386 Lucas

134 3497 136 3499 .
181 3438 231 3508 hic
254 3441 366 3522 refert,
384 3444 461 3510 satis
484 3443 595 3510 confici
621 3454 743 3533 potest,
762 3444 893 3510 Paulum
918 3444 998 3511 vitae
1022 3464 1096 3511 suae
1119 3445 1260 3512 timuisse
1276 3465 1293 3512 a
1309 3445 1361 3511 In·

180 3547 282 3646 dacia,
296 3557 389 3656 atque
404 3567 474 3635 idco
497 3568 649 3648 voluisse,
669 3567 774 3636 relicta
798 3547 968 3646 Corintho,
986 3568 1046 3636 alib
1064 3568 1236 3657 proticisci.
1256 3571 1359 3657 Ergo,

180 3698 213 3755 ut
235 3690 370 3758 ministri
395 3693 443 3760 sui
464 3693 602 3760 animum
626 3692 842 3773 confirmaret,
867 3693 1022 3761 Dominus
1043 3696 1096 3760 itti
1119 3697 1296 3760 dormienti
1317 3696 1361 3782 (εν

179 3813 279 3903 νυκτι)
295 3819 330 3882 in
345 3821 469 3883 somnio
484 3839 639 3903 apparere
655 3819 740 3884 visus
756 3829 803 3885 est
819 3819 910 3903 eique
926 3820 1028 3884 dicere
1045 3819 1123 3908 (ειπε
1140 3815 1180 3882 di’
1192 3824 1358 3910 ὁραματος.

181 3936 250 4005 vide
265 3939 305 4006 ad
321 3941 398 4029 Cap.
417 3943 449 4008 X
468 3967 476 4009 :
496 3944 515 4010 5
533 3952 563 4007 et
578 3943 656 4011 XVi
677 3967 684 4008 :
704 3941 741 4031 9)
760 3967 768 4009 ι
787 3941 857 4009 Noli
875 3942 1002 4024 timere,
1027 3943 1082 4010 sed
1108 3963 1203 4033 perge
1227 3943 1358 4023 docere,

179 4074 346 4148 propteroa
361 4068 443 4151 quod
459 4061 559 4147 (droti)
576 4085 632 4153 ego
648 4064 793 4132 defensor
816 4065 872 4132 tibi
896 4066 1003 4148 adsto,
1022 4087 1175 4156 nemoque
1191 4076 1221 4134 te
1238 4067 1362 4135 invadet

181 4197 217 4251 ut
234 4199 262 4255 te
278 4190 362 4255 mute
374 4191 485 4255 habent
500 4187 568 4279 (roo
585 4212 724 4252 κακωσαι
741 4185 801 4268 σε),
813 4188 838 4254 i.
858 4208 886 4255 e.
906 4209 996 4256 uerno
1015 4189 1070 4257 ubi
1087 4190 1228 4272 nocebit3
1249 4211 1360 4280 perge,

182 4312 326 4402 inquam,
341 4313 482 4382 Corinthi
500 4315 613 4383 docere
633 4326 802 4400 propterea
825 4318 906 4402 quod
930 4313 1036 4406 (διοτι)
1057 4318 1145 4385 multi
1163 4318 1194 4384 in
1211 4317 1270 4385 hae
1285 4319 1362 4386 ciri-

184 4446 242 4501 tate
266 4446 317 4501 tua
343 4454 437 4523 opera
453 4435 492 4503 ad
508 4435 600 4503 fidem
622 4441 859 4504 convertentur!
875 4437 1046 4504 -Divino
1070 4437 1144 4505 huic
1166 4440 1283 4506 monito
1306 4439 1362 4506 ob·
