3074 5054
481 379 621 447 CAPUT
659 380 722 461 vt,
764 378 873 448 viius
910 380 1053 447 ii-id.
1294 380 1358 446 155

175 591 276 644 tunsae
298 573 374 638 hor.
400 569 482 639 Vide
505 569 637 659 adCap.
657 571 731 639 IV:
754 573 796 659 1),
815 571 919 660 ipsum
941 572 1173 656 corripuerunt
1188 570 1358 664 (συνηρπα-

176 689 259 770 σαν),
276 703 307 759 et
321 691 517 760 adduxerunt
532 692 571 760 ad
587 691 789 780 synedrium.

225 941 280 1006 15.
309 939 442 1028 Raptum
473 937 512 1005 ad
547 937 680 1005 tribunal
714 936 905 1026 Stephanum
938 938 1160 1006 subornatores
1191 937 1241 1006 isti
1275 958 1357 1004 nunc

177 1062 410 1142 accusaverint,
434 1062 594 1151 productis
621 1061 799 1129 subornatis
826 1081 844 1128 a
871 1082 905 1128 se
932 1062 1076 1129 testibus.
1106 1063 1151 1128 Et
1177 1070 1358 1127 statuerunt

178 1186 349 1277 (εστησαν),
376 1186 399 1253 i.
426 1207 455 1253 e.
480 1196 716 1271 proposuerunt
743 1187 792 1276 (ut
818 1205 913 1274 supra
935 1187 1012 1276 Cap.
1040 1188 1082 1253 t:
1109 1182 1164 1264 15)
1188 1205 1266 1274 quos
1288 1195 1358 1250 ante

179 1311 423 1378 subornaverant
445 1309 538 1378 falsos
565 1321 676 1391 testes,
702 1309 756 1398 qui
773 1309 917 1378 dixerunt
944 1312 1075 1378 :Homo
1097 1311 1155 1377 iste
1179 1330 1241 1376 non
1258 1318 1358 1376 cessat

180 1435 274 1502 verba
289 1433 391 1502 iacere
407 1445 515 1502 contra
531 1433 634 1502 locum
650 1445 790 1501 sanctum
807 1436 844 1516 ii.
860 1456 887 1502 o.
906 1434 1090 1523 Templum,
1108 1432 1150 1501 ci.
1169 1433 1249 1500 xxt
1265 1451 1273 1493 t
1292 1432 1354 1510 18;

179 1559 307 1626 XXV:
333 1555 390 1643 8),
419 1569 449 1624 et
475 1558 607 1645 Legem,
636 1576 748 1644 nempe
772 1557 954 1625 Mosaioam.
980 1557 1028 1622 De
1052 1554 1221 1644 Participio
1241 1551 1356 1630 λαλων,

181 1681 285 1749 iuncto
301 1679 397 1747 uerbo
413 1679 516 1748 Finito
533 1703 673 1758 παυεται,
698 1678 769 1746 vide
785 1681 843 1749 Gr.
862 1700 932 1769 pag.
952 1681 1031 1748 569.
1052 1683 1083 1748 1.

230 1929 283 1995 ih.
301 1928 497 1994 Audivimus
519 1930 625 2001 oraim,
643 1927 730 2009 eto).
749 1925 925 1993 Praemissa
947 1928 1009 1991 dato
1032 1924 1239 1992 accusationis
1260 1923 1360 2012 capita

179 2051 373 2132 coufiroaunt
395 2049 499 2142 (γαρ),
516 2050 691 2117 distinctius
711 2049 819 2116 eadem
839 2047 1035 2138 exponendo.
1059 2049 1144 2116 Nom
1164 2050 1360 2126 audicimus,

179 2173 344 2262 inquiunt,
363 2195 434 2240 eum
459 2177 630 2253 dicentem,
649 2177 732 2259 quod
748 2171 826 2262 (ὁτι)
848 2174 958 2252 Iesus,
975 2173 1164 2240 Nazareuus
1180 2176 1236 2238 isto
1253 2171 1280 2259 (ὁ
1297 2170 1361 2234 Να-

177 2299 308 2388 eupator
323 2299 427 2378 οὑτος,
446 2297 624 2365 contemtim
635 2295 661 2385 i)
677 2301 895 2364 destructurus
910 2307 956 2362 est
972 2298 1074 2362 iocum
1092 2299 1175 2362 huuc
1190 2297 1253 2382 (roa
1270 2317 1360 2358 τοπον

177 2443 298 2498 τουτον,
312 2422 382 2489 scii.
397 2423 602 2511 Templum),
617 2433 646 2487 et
659 2425 885 2487 immutaturus
898 2441 1001 2485 mores
1013 2421 1065 2510 (τα
1078 2419 1154 2507 aba),
1170 2416 1203 2485 h.
1219 2438 1247 2484 e.
1264 2419 1357 2500 iopes,

177 2567 258 2631 quos
281 2547 388 2612 Moses
409 2547 499 2612 uobis
523 2547 668 2612 tradidit.
692 2545 781 2612 Talia
806 2553 908 2610 autem
933 2543 1038 2610 dicere
1061 2544 1100 2610 de
1119 2542 1251 2631 Templo
1272 2552 1301 2607 et
1322 2541 1360 2607 de

178 2672 264 2757 Lege
280 2669 430 2750 Mosaioa,
449 2680 514 2735 erat
531 2667 605 2745 hoo,
623 2689 661 2734 ex
677 2668 848 2735 carnalium
869 2667 1054 2735 ludaeorum
1071 2668 1233 2748 sontentia,
1248 2677 1360 2732 coutro

178 2796 296 2860 Mosen
312 2804 341 2859 et
356 2805 466 2860 contra
481 2795 584 2859 Deum
600 2794 693 2858 verbo
708 2797 811 2878 socero
827 2795 1050 2858 contumeiioso
1066 2794 1129 2883 (vs.
1151 2791 1220 2881 11).

228 2920 322 3008 Atqui
338 2939 446 2985 uerum
463 2929 539 2998 erat,
559 2919 662 2985 lesum
683 2915 855 2995 Christum,
876 2916 1165 2997 Deum-hominem,
1185 2916 1360 2984 destructu-

178 3063 251 3109 rum
275 3063 344 3109 esse
366 3042 532 3131 Templum
554 3041 681 3130 (Matth.
699 3042 838 3109 XXIV:
861 3044 898 3122 1,
916 3044 956 3120 23
975 3042 1053 3108 Luc.
1073 3043 1176 3108 XlX:
1197 3038 1359 3128 11-11),

176 3178 210 3234 et
226 3166 394 3234 Mosaieam
412 3167 510 3255 legem
523 3166 743 3254 abrogaturum
761 3167 847 3256 (Gai.
866 3167 919 3234 V:
936 3169 969 3234 2.
989 3165 1087 3232 Hebr.
1107 3167 1168 3234 Vli
1188 3186 1196 3226 ε
1218 3168 1279 3245 ii,
1300 3165 1358 3243 18;

178 3292 260 3357 Vlil
280 3315 288 3355 :
306 3288 361 3378 7);
380 3313 436 3358 our
452 3312 525 3380 ergo
541 3303 635 3359 testes
658 3292 703 3359 iili
720 3292 865 3359 dicuntur
880 3294 958 3376 [uisi
974 3289 1088 3356 testes?
1103 3289 1153 3358 Ad
1170 3289 1361 3379 propositam
1461 3314 1463 3318 ⁴

177 3414 394 3504 quaestionem
426 3427 527 3496 rocta,
557 3427 591 3482 ut
618 3415 696 3482 mihi
727 3414 853 3505 quidem
884 3414 1022 3492 videtur,
1054 3402 1218 3503 respondit¹
1242 3413 1358 3480 listins.

185 3540 340 3607 «Verum
368 3540 494 3628 quidem
524 3553 607 3622 erat,
630 3544 750 3626 iuquit,
776 3542 877 3606 lesum
903 3539 1133 3607 destructurum
1162 3560 1231 3607 esso
1258 3541 1360 3606 locum

178 3663 289 3743 illum,
307 3672 337 3731 et
360 3675 549 3732 mutaturum
566 3665 765 3745 traditiones;
785 3664 838 3732 sed
857 3675 956 3731 tamen
973 3674 1060 3731 erant
1074 3663 1142 3732 falsi
1160 3675 1271 3742 testes,
1289 3664 1362 3753 quia

179 3788 373 3857 testabantur
388 3789 578 3879 Stephanum
602 3790 718 3858 dixisse
735 3810 813 3880 quae
831 3810 891 3856 noo
913 3789 1050 3869 dixerat,
1069 3801 1099 3857 et
1115 3810 1172 3879 per
1188 3809 1267 3880 quae
1283 3788 1362 3855 scie·

217 4067 236 4134 ¹)
253 4068 410 4134 synedrium
423 4071 557 4124 considere
568 4071 705 4124 Solebfliin
718 4085 748 4122 ea
796 4077 848 4129 Hoc
865 4081 904 4128 est
929 4094 934 4130 :
962 4078 994 4128 Iu
1022 4078 1141 4130 concioni
1168 4077 1239 4128 coesi
1263 4076 1361 4141 iopidis

180 4152 282 4218 Templi
306 4157 394 4220 parte,
418 4169 498 4220 quam
520 4157 649 4207 vocabant
665 4135 748 4223 mamb
794 4172 933 4210 consessus
945 4173 1059 4226 mopsus
1074 4159 1183 4210 tardetis
1196 4157 1308 4209 sedehat.
1323 4157 1361 4207 Ex

181 4234 284 4303 Νἲξΰ,
313 4245 344 4292 ut
372 4245 445 4306 patet
469 4255 502 4292 ex
528 4241 645 4294 Mishnae
663 4244 745 4294 Traot.
795 4256 847 4309 quo
864 4242 1171 4307 intelligituroausa,ob
1190 4244 1362 4306 quamtestes

181 4322 372 4376 Maurorum.
399 4319 478 4366 iiiiii*
494 4321 550 4369 hii·
567 4321 649 4368 ibiibi
668 4310 747 4370 113115
794 4325 851 4389 isti,
873 4338 958 4377 coram
977 4326 1105 4389 Syncdrio
1121 4323 1362 4384 stanteS‚dixerinb

186 4405 288 4469 maie
318 4406 413 4470 tanus
439 4409 488 4497 bul
514 4410 598 4471 airu
630 4426 748 4490 pru-rum
795 4417 879 4472 tooum
898 4405 1042 4495 unacum
1058 4424 1148 4470 aanor
1165 4398 1296 4488 τουτον).
