3074 5054
184 374 249 442 lul
543 371 678 440 AG'PUS
716 370 1047 453 APOSTOLORUM,

184 561 420 652 appellationem
448 561 664 652 imposuerunt
691 561 750 640 iis,
776 562 829 650 qui
854 561 929 629 olim
949 560 1184 650 appellabantur
1208 566 1364 655 Apostoli.

183 688 228 755 lta
253 685 502 776 Philippensium
529 685 689 775 apostolus
712 696 777 753 erat
800 682 1061 775 Epaphroditus:
1090 688 1258 772 Vestrum,
1284 689 1365 757 enim

181 812 298 901 inquit,
316 813 492 896 apostolam
516 820 546 876 et
569 812 749 878 adiutorem
772 812 964 876 necessitatis
983 831 1092 894 mece,·
1109 810 1151 876 ita
1167 811 1364 880 Cretensium

180 937 289 1017 Titus,
315 944 345 1002 et
364 935 551 1004 Asianorum
573 931 759 1001 Timotheus
779 933 929 1023 apostoli3
950 934 991 1003 ita
1012 934 1051 1003 ab
1077 936 1311 1024 Hierosolymis
1328 938 1366 1004 iis

182 1061 234 1150 qui
252 1070 340 1127 eraut
355 1056 538 1127 Antiochiae
553 1057 746 1147 scripserunt
761 1058 893 1147 apostoli
910 1069 940 1126 et
956 1059 1144 1149 presbyteri.
1159 1087 1174 1120 »

227 1186 262 1250 ln
286 1183 425 1252 eamdem
452 1181 635 1250 sententiam
662 1181 802 1270 loquitur
827 1184 958 1250 loannes
985 1182 1135 1250 Darensis
1161 1183 1283 1269 Syrus,
1311 1184 1363 1272 qui

182 1308 287 1376 tloruit
307 1306 431 1377 saeculo
453 1307 483 1376 V
506 1306 649 1388 ineunte,
672 1315 749 1375 teste
775 1305 952 1373 Abrahamo
974 1305 1191 1387 Euchellensi,
1210 1307 1365 1374 Maronita

181 1453 199 1499 e
215 1432 332 1500 Libano
349 1432 392 1522 (in
409 1450 466 1499 suo
483 1432 641 1514 Eutychio
653 1432 823 1514 vindicata,
843 1431 928 1497 Part.
950 1433 981 1512 l,
1000 1451 1080 1519 quae
1095 1439 1154 1508 est,
1169 1433 1208 1496 de
1220 1431 1365 1498 Alexan-

180 1559 273 1622 driae
289 1558 446 1622 Ecclesiae
461 1557 659 1639 oripinibas,
674 1575 744 1644 pag.
762 1552 853 1640 191).
874 1557 952 1623 Nam
969 1557 1100 1622 loannes
1117 1554 1182 1635 ille,
1202 1575 1364 1644 exponens

179 1680 314 1768 Caputb
337 1679 438 1768 Epist.
459 1679 472 1746 l
495 1677 532 1746 ad
553 1676 767 1760 Timotheum,
792 1675 870 1745 haec
888 1677 1021 1745 scribit:
1044 1677 1185 1746 «Prisco
1207 1677 1262 1746 illo
1288 1689 1365 1747 tera·

179 1823 272 1891 pore,
295 1806 418 1888 inquit,
442 1800 573 1890 quilibet
595 1801 759 1891 presbyter
781 1801 904 1870 duobus
926 1801 1203 1890 cognominabatur
1229 1803 1365 1870 nomini-

179 1927 254 2008 buS,
272 1926 439 2014 Presbyter
461 1926 597 2007 scilicet,
616 1938 647 1993 et
666 1926 854 2016 Episcopus.
872 1925 1052 2013 Presbyteri
1070 1925 1153 1993 enim
1169 1925 1365 1995 vocabantur

180 2049 308 2118 honoris
331 2071 424 2118 causa
445 2052 533 2138 juxta
556 2049 741 2117 ludaeorum
763 2070 881 2118 morem
904 2050 993 2117 illum
1016 2050 1070 2139 qui
1094 2048 1313 2120 honoratiores
1335 2062 1365 2119 et

109 2259 113 2268 Ι
178 2174 439 2264 archisynagogos
451 2173 600 2243 vocabant
617 2174 830 2263 presbyteros,
844 2175 888 2243 uti
903 2175 1019 2265 passim
1034 2174 1065 2241 in
1079 2174 1247 2263 Evangelio
1260 2177 1364 2266 scrip·

178 2309 242 2366 tum
259 2297 407 2366 occurrit.
426 2296 670 2387 appellabantur
693 2298 766 2365 item
788 2297 847 2386 ipsi
866 2297 1040 2387 presbyteri
1063 2297 1212 2386 Episcopi
1231 2309 1364 2388 propter

179 2421 283 2511 populi
302 2422 564 2510 procurationem,
583 2420 835 2510 quandoquidem
860 2420 1111 2511 procurationem
1128 2430 1160 2486 et
1174 2421 1362 2489 sollicitudi-

178 2566 248 2613 nem
262 2546 367 2636 populi
381 2544 442 2614 buc
454 2565 566 2614 nomen
574 2545 710 2614 denotat.
721 2546 814 2631 Quod
821 2557 923 2614 autem
937 2545 1077 2635 episcopi
1086 2545 1230 2636 appellati
1245 2546 1363 2614 luerint

178 2670 236 2758 ipsi
255 2668 448 2758 presbyteri,
466 2679 574 2737 notum
598 2669 633 2736 fit
654 2689 693 2736 ex
715 2688 752 2736 eo
777 2668 861 2757 quod
884 2668 1126 2758 scriptumest:
1146 2669 1240 2736 Misit
1255 2680 1361 2736 uatem

180 2794 318 2878 Paulas,
337 2805 367 2860 et
383 2796 520 2859 adducit
543 2794 742 2878 presbyteros
758 2795 919 2860 Ecclesiae
934 2795 1068 2877 Ephesi.
1088 2794 1215 2860 Etcum
1233 2813 1361 2882 praces-

61 2935 64 2941 ·
177 2915 269 2982 sisset
290 2915 322 2981 in
345 2935 401 2983 sua
424 2916 613 2995 narratione,
627 2916 806 2999 subiunxit,
825 2917 901 3005 ipsis
918 2915 1025 2984 dicens
1044 2935 1051 2979 :
1073 2918 1240 2983 Attendite
1254 2920 1359 3002 prepi,

179 3041 213 3103 ia
226 3059 287 3122 peto
303 3040 467 3104 constituit
480 3059 533 3104 uos
549 3040 691 3123 Spiritus
708 3039 844 3107 Sanctus
861 3042 1033 3125 episcopos.
1053 3040 1116 3107 Eos
1132 3050 1235 3108 autem
1252 3040 1358 3130 ipsos,

178 3181 256 3248 quos
273 3161 418 3250 superius
435 3170 595 3227 vocaverat
609 3163 826 3247 presbyteros,
845 3160 969 3229 demam
994 3161 1047 3229 hic
1069 3165 1228 3247 episcopas
1253 3162 1360 3252 appel·

104 3365 106 3369 Ι
177 3284 230 3350 lat.
249 3284 331 3350 Hinc
355 3283 448 3370 igitur
471 3282 597 3371 planum
622 3282 674 3364 fit,
698 3281 898 3373 presbyteros
923 3283 1019 3350 luisse
1044 3283 1209 3373 episcopos
1234 3305 1359 3376 quoque

177 3406 362 3474 nominatos.
383 3407 530 3495 Episcopi
544 3426 618 3474 uero
635 3406 774 3495 quiaque
791 3405 967 3474 nominibus
986 3407 1130 3496 appellati
1148 3419 1221 3476 sunt
1240 3434 1248 3476 ε
1267 3409 1358 3477 nimi-

178 3549 246 3597 rum
275 3532 428 3614 apostoli,
453 3532 647 3616 presbyteri,
669 3533 832 3616 principes
860 3535 1079 3611 sacerdotum,
1109 3535 1308 3616 sacerdotes,
1329 3543 1358 3601 ct

177 3657 329 3721 ministri.
349 3656 387 3721 Et
403 3651 464 3721 hoo
475 3653 601 3743 quidem
618 3653 739 3722 duabus
756 3653 795 3721 de
810 3655 925 3722 causis
940 3655 1063 3734 Primo,
1083 3654 1155 3742 quia
1172 3654 1355 3724 inferiorum

177 3780 278 3849 officia
296 3779 420 3849 habent.
440 3778 602 3861 Secundo,
622 3779 694 3867 quia
718 3779 891 3848 sanctiones
915 3779 1028 3849 horum
1051 3779 1190 3848 omnium
1212 3782 1354 3852 ordinum

176 3901 235 3992 ipsi
265 3899 442 3991 perficiunt.
468 3899 561 3985 Quod
588 3909 690 3966 autem
718 3911 902 3967 vocarentur
925 3903 1075 3986 apostoli,
1097 3903 1249 3971 Actorum
1279 3902 1355 3972 liber

177 4023 319 4113 pluribus
336 4023 367 4088 in
383 4021 462 4089 lucis
478 4020 679 4089 demonstrat.
697 4020 789 4106 Quod
805 4043 877 4090 vero
890 4025 1073 4108 presbyteri
1088 4037 1352 4116 nuncuparentur,

176 4148 207 4214 in
235 4168 291 4216 sua
314 4145 465 4214 catholica
492 4144 622 4235 epistola
647 4143 762 4213 iudicat
785 4147 925 4214 Petrus:
952 4148 1087 4215 Obsecro
1114 4169 1209 4233 erpo,
1236 4151 1350 4240 inquit,

172 4271 389 4355 presbyteros,
408 4271 464 4355 qui
477 4271 512 4337 ia
529 4270 613 4335 vobis
628 4279 722 4351 suat,
741 4291 798 4337 nco
824 4267 1049 4340 cour‘nnsarrrn
1064 4293 1190 4355 vassum
1210 4275 1264 4364 qui
1284 4293 1352 4343 cum

175 4402 256 4459 esset
271 4393 440 4482 Apostolus
464 4404 494 4459 et
517 4392 703 4483 episcopus,
718 4394 936 4483 presbyterum
952 4416 987 4464 se
1012 4409 1110 4465 vocat.
1129 4398 1247 4466 Paulus
1263 4398 1350 4465 etiam
