3074 5054
450 353 452 357 ’
489 354 627 422 CAPUT
663 357 726 437 lX,
760 356 880 426 Vsus
918 360 1019 427 2-3.
1286 352 1351 423 att

175 546 248 637 apud
272 548 461 615 recentiores
483 548 621 616 Graecos
645 549 735 615 etiam
761 548 800 616 de
819 560 904 615 aeota
928 548 1010 616 dicta
1027 548 1096 614 luit.
1122 546 1175 614 Sic
1198 545 1354 612 lucianus

176 674 295 762 scripsit
314 672 410 765 (apud
435 672 636 740 Kuiuoiilium
659 672 698 739 ad
723 672 756 739 ln.
776 672 840 762 l.):
860 673 980 748 ἁπασης
1003 668 1073 737 ὁδου
1090 693 1303 763 πεπειραμενος
1320 692 1349 733 εν

178 792 357 887 φιλοσοφιᾳ,
375 818 482 863 omnes
496 798 759 880 philosophorum
779 807 877 862 sectus
899 807 1060 880 repertur.
1079 794 1240 862 Articulus
1256 795 1287 860 iu
1304 816 1356 866 της

179 913 241 980 ὁδου
263 939 325 985 non
343 930 389 986 est
405 919 623 986 Demonstravi
642 919 840 986 pronominis
856 919 925 986 loco
942 923 1081 1008 positus,
1102 937 1208 984 uerum
1224 918 1355 999 definite

180 1052 255 1109 notat
285 1044 386 1123 viam,
418 1063 510 1133 quam
539 1045 630 1112 unice
662 1043 714 1111 hio
746 1044 926 1130 cogitaverit
952 1042 1166 1132 Theophilus,
1196 1042 1235 1108 ad
1262 1051 1355 1131 quem

182 1166 283 1234 scribit
298 1169 413 1236 Lucas.
433 1169 562 1236 Locutio
580 1191 654 1233 ειναι
674 1192 753 1243 τινος
778 1164 849 1232 o‘dov
876 1168 970 1234 refert
992 1167 1184 1234 Nostratium
1208 1165 1357 1255 loquendi

183 1288 321 1371 modum,
341 1290 464 1378 quaudo
480 1292 587 1360 dicunt
606 1316 614 1358 :
634 1293 738 1358 tideo
761 1313 823 1357 oon
847 1293 901 1356 dot
924 1293 1089 1375 peoooleo5
1106 1301 1158 1356 aut
1174 1289 1357 1367 Gallorum,

184 1441 210 1486 v.
229 1438 259 1506 g.
285 1417 317 1482 iu
339 1416 399 1484 hoc
418 1438 425 1480 :
445 1438 522 1482 ocum
536 1420 594 1501 qui
614 1427 688 1482 root
709 1418 747 1480 de
772 1419 804 1481 lc
827 1416 975 1500 Relipioa
997 1417 1172 1499 pretendere
1193 1414 1358 1498 reformor.

190 1545 342 1614 «Scilicet
361 1541 491 1608 verbum
513 1563 588 1604 ειναι
612 1562 684 1608 cum
706 1541 870 1621 Genitiuo,
889 1553 923 1607 ut
945 1551 1029 1607 notat
1052 1538 1286 1627 Hoogeveeuius
1309 1535 1361 1625 (ad

152 1671 154 1675 ’
185 1670 250 1758 vig.
269 1670 348 1757 Cap.
370 1667 418 1747 V,
445 1666 528 1733 Sect.
553 1667 617 1745 Vl,
636 1663 728 1752 Xll),
755 1664 940 1752 generaliter
956 1664 1020 1730 lere
1037 1673 1120 1730 notat
1132 1665 1361 1746 possessiouem

172 1791 227 1858 ¹rel
240 1789 399 1880 propriam
413 1787 461 1854 vol
474 1787 733 1877 metaphoricam3
749 1800 779 1854 et
792 1789 818 1854 is
832 1789 881 1854 oui
896 1788 1062 1867 servimus
1071 1787 1183 1875 gratias
1195 1785 1358 1872 debemus,
1396 1771 1399 1777 ¹

186 1885 403 1991 adhaeremuS,
427 1911 517 1978 ouius
540 1910 644 1978 verbis
669 1910 853 1979 adducimur
875 1913 923 1979 vel
947 1923 1050 2001 partes
1075 1911 1248 2000 sequimur,
1274 1913 1363 1976 illios

187 2059 248 2106 esse
264 2037 413 2105 dicimur.
434 2064 447 2093 »

226 2163 390 2250 Colligitur
413 2182 452 2228 ex
472 2163 511 2229 iis
528 2181 606 2251 quae
630 2161 691 2228 hoc
714 2161 868 2229 versiculo
892 2160 1050 2241 dicuutur,
1069 2161 1160 2227 etiam
1186 2159 1365 2249 synagogas

188 2300 266 2356 extra
285 2286 430 2355 iudaeam
447 2288 564 2375 positas
582 2287 856 2375 Hierosolymitani
881 2286 1025 2374 Syuedrii
1043 2287 1253 2355 iurisdietioni
1270 2286 1367 2354 luisse

188 2411 350 2479 subiectas.
377 2413 416 2477 Et
439 2411 558 2478 noverit
580 2409 788 2496 synedrium,
815 2414 940 2478 Aretam
965 2429 1087 2496 regem,
1114 2409 1165 2476 cui
1190 2420 1261 2476 tuuc
1289 2423 1367 2477 tem·

189 2537 268 2622 poris
293 2534 421 2624 parebat
444 2532 628 2605 Damascus¹
658 2537 692 2623 (ᾖ
720 2535 793 2600 Cor.
825 2535 872 2600 Xl
904 2561 911 2602 ε
943 2535 1012 2619 52),
1043 2554 1104 2600 uon
1134 2532 1366 2623 prohibiturum

190 2658 352 2745 quominus
391 2656 521 2737 Saulus,
551 2677 630 2744 quae
662 2658 691 2724 iu
724 2657 875 2723 mandatis
908 2656 1054 2736 haberet,
1085 2657 1212 2744 exsequi
1247 2666 1365 2746 posset.

190 2783 294 2849 Arelas
319 2781 372 2848 ille
397 2781 491 2848 liliam
516 2801 603 2848 suam
628 2780 745 2848 Herodi
773 2783 905 2871 Autipae
930 2783 1126 2849 matrimonio
1149 2783 1309 2862 iunxerat3
1330 2802 1369 2848 ex

191 2925 246 2993 quo
271 2905 412 2972 nonnulli
437 2906 654 2988 coniecerunt,
676 2906 759 2973 hunc
780 2909 906 2973 Aretam
931 2907 1027 2974 luisse
1049 2907 1235 2974 ludaeorum
1262 2926 1371 2997 prose-

191 3026 297 3113 lytum.
317 3029 367 3095 De
391 3030 459 3096 iure
483 3030 647 3098 damnandi
669 3031 779 3119 eapitis
804 3031 835 3096 in
861 3050 894 3096 re
916 3030 1058 3117 religiosa
1084 3029 1206 3098 ludaeis
1230 3030 1289 3098 sub
1313 3031 1371 3097 im·

191 3153 274 3239 perio
304 3155 517 3221 Romanorum
539 3152 667 3234 relicto,
686 3151 822 3219 diximus
843 3173 955 3242 supra,
982 3175 1014 3242 p.
1043 3156 1121 3222 alo.
1147 3152 1371 3221 -Credibile

192 3287 245 3354 est,
264 3275 459 3344 Christianos
474 3277 686 3344 Damasoeuos
707 3298 744 3344 ex
770 3298 879 3344 eorum
904 3277 999 3343 luisse
1023 3297 1170 3358 numero,
1190 3278 1243 3367 qui
1261 3278 1372 3344 Hiero·

192 3398 342 3486 solymae,
369 3400 419 3466 die
447 3403 645 3467 Pentecostes
669 3400 707 3468 ad
729 3402 813 3467 Petri
837 3401 1020 3467 concionem
1043 3401 1206 3481 commoti,
1224 3411 1370 3488 suscepto

194 3521 342 3614 baptismo
355 3523 493 3614 §Christo
518 3526 639 3592 lucrant
662 3526 785 3593 initiati.
812 3524 894 3594 Vide
918 3545 1012 3614 supra
1040 3526 1118 3614 Cap.
1153 3525 1184 3590 ll
1218 3550 1225 3592 ε
1260 3526 1367 3592 a-lt

194 3658 220 3714 et
242 3649 299 3715 ll.

237 3886 269 3950 5.
298 3883 436 3968 Contipo't
461 3896 497 3951 ut
525 3890 796 3980 appropinquaret
826 3884 1010 3974 Damasco).
1045 3885 1104 3952 Gr.
1131 3885 1254 3973 Eyeuero
1283 3904 1373 3947 actor

196 4009 314 4094 εγγιζειν
330 4029 367 4095 rp
384 4007 558 4096 Δαμασκῳ.
576 4010 750 4078 Damascus
767 4009 985 4097 Hierosolyma
1008 4007 1139 4075 distabat
1155 4007 1265 4073 itinere
1283 4005 1374 4094 quin·
1483 4093 1485 4095 ,

199 4155 356 4166 —-..-—-.—

226 4242 245 4309 1)
263 4242 321 4305 Quo
331 4243 388 4295 iure
397 4247 424 4296 et
432 4257 485 4310 quo
498 4247 615 4313 tempore
623 4248 763 4299 Damascus
808 4246 876 4297 tibus
887 4245 1021 4297 lriatorioia
1030 4250 1054 4295 et
1065 4243 1249 4310 peoprcplu‘cia
1258 4256 1291 4294 eor
1302 4243 1377 4294 itine-
1402 4229 1406 4232 ⁴

198 4323 300 4379 ditionis
312 4326 437 4379 Arabicae
454 4326 522 4380 facta
535 4328 628 4390 luerit,
642 4328 765 4395 disquirit
809 4327 1005 4380 riboaS.Paoli
1013 4325 1132 4391 Apostoli
1140 4325 1263 4376 collectis.
1272 4324 1379 4389 Legitur

199 4408 320 4463 Cellarius
332 4409 361 4462 in
373 4411 559 4464 Dissertatione
574 4413 610 4464 De
621 4413 765 4463 amoenata·
811 4410 838 4462 iu
851 4410 982 4465 Thesauro
994 4407 1108 4474 Ugolini,
1121 4411 1183 4460 tom.
1199 4407 1254 4468 Vll,
1264 4421 1291 4477 p.
1302 4407 1376 4459 ttat.
