3074 5054
450 401 906 489 curorxv111,vnns.
946 402 1089 471 m-rs.
1282 409 1347 475 eoo

178 590 354 668 adduxerit,
379 593 669 681 apprehenderunt,
693 604 723 660 et
746 603 814 660 unte
837 594 938 682 ipsum
967 594 1100 661 tribunal
1127 594 1344 678 verberaruut3

179 714 277 783 Gallio
292 726 395 782 autem
411 715 488 783 nihil
505 715 566 784 hoc
581 715 718 785 curabat.
737 755 781 766 —-
797 719 832 784 ln
850 738 910 806 quo
928 716 1003 785 mihi
1022 717 1123 785 officio
1138 739 1194 786 sno
1212 718 1347 786 defuisse

179 839 308 906 videtur.
328 841 550 909 Contumeliam
576 841 668 922 hano,
692 840 835 910 Sostbcni
853 843 980 932 impune
996 843 1127 925 illatam,
1147 845 1245 912 Lucas
1261 845 1345 928 ideo,

180 962 300 1052 opinor,
324 983 567 1032 commemorare
591 966 705 1047 voluit,
724 978 757 1034 ut
783 967 944 1047 indicaret,
963 967 1093 1036 ludaeos
1120 968 1197 1036 adeo
1220 991 1275 1059 spe
1291 990 1348 1038 sua

179 1086 270 1153 Panlo
294 1088 425 1156 nocendi
448 1089 618 1169 excidisse,
636 1101 670 1158 nt
692 1102 799 1159 eontra
820 1091 879 1180 ipsi
900 1092 979 1160 male
1000 1094 1137 1163 mulctati
1160 1115 1178 1162 a
1199 1095 1345 1165 tribunali

181 1211 373 1278 recesserint.

221 1457 275 1523 ts.
303 1455 424 1523 Paulus
439 1479 512 1523 mro
534 1479 604 1525 cum
624 1463 726 1526 adluuc
749 1431 968 1543 sustinuisset,
990 1462 1077 1545 etc).
1104 1465 1220 1531 Paulus
1245 1475 1346 1532 autem

180 1599 272 1666 quum
288 1583 401 1648 multos
417 1582 518 1650 adhuc
535 1584 601 1651 dies
622 1586 786 1672 (Corinthi)
802 1600 1013 1655 commoratus
1030 1600 1107 1655 esset
1122 1587 1346 1681 (προσμεινας),

180 1703 305 1784 deinde,
324 1709 409 1773 dicto
427 1710 497 1774 vale
519 1711 675 1793 [ratribus
688 1710 761 1798 (τοις
776 1708 917 1804 adsitque
934 1711 1187 1803 αποταξαμενος),
1203 1722 1347 1800 euam'qa·

179 1836 220 1896 ott
241 1832 395 1916 (Priscilla
423 1844 452 1900 et
474 1834 585 1923 Aquila
606 1855 676 1903 eum
698 1836 936 1931 comitantibus)
959 1841 989 1906 in
1014 1840 1156 1926 Syriam,
1179 1855 1345 1927 postquam

180 1955 357 2036 Cenchreis,
376 1957 407 2024 id
423 1969 481 2035 est,
499 1959 635 2047 inportu
650 1961 804 2039 Corinthi,
820 1975 912 2052 caput
923 1965 984 2030 sibi
999 1968 1190 2031 tondendum
1206 1980 1350 2036 curasset

180 2082 361 2170 (κειραμενος
388 2084 463 2149 hor.
496 2082 615 2172 Med.);
645 2095 715 2152 voto
742 2086 825 2154 enim
853 2087 1008 2156 nutriendi
1032 2109 1151 2157 comam
1181 2090 1349 2161 obstrictus

182 2216 256 2271 erat.

224 2333 364 2402 Verbum
380 2333 517 2402 bladium
541 2357 758 2421 αποτασσομαι
776 2335 902 2424 proprie
927 2335 1006 2405 valet
1022 2359 1135 2422 separo
1158 2362 1207 2406 me
1230 2342 1268 2406 ab
1291 2346 1349 2410 ah'·

183 2479 250 2541 quo.
270 2458 361 2546 Apud
377 2460 601 2527 Alexandrinos
620 2479 710 2536 vero,
730 2459 813 2549 quod
834 2470 917 2527 notat
932 2460 1157 2531 Valckenarius
1170 2464 1222 2554 (ad
1240 2462 1272 2531 h.
1293 2465 1347 2555 l),

181 2585 381 2654 adhibebatur
396 2591 434 2654 de
449 2591 663 2671 valedicendo,
683 2587 755 2676 quia
776 2588 895 2656 scilicet
916 2587 975 2657 hoc
999 2592 1138 2659 comitari
1160 2592 1238 2659 solet
1260 2614 1349 2684 sepa-

181 2710 343 2790 rationem3
365 2721 457 2800 atquo
484 2713 511 2778 is
538 2732 613 2778 usus
635 2713 755 2779 transiit
781 2713 819 2780 ad
843 2715 1011 2803 scriptores
1034 2715 1112 2782 Novi
1136 2717 1343 2798 Testamenti;

182 2836 246 2903 uide
270 2841 367 2906 Marc.
386 2841 415 2909 V
434 2864 441 2904 :
461 2841 516 2906 lb.
543 2842 563 2906 ι
589 2840 662 2905 Cor.
688 2841 718 2905 ll
742 2845 750 2906 ι’
771 2841 824 2908 15.
843 2877 887 2888 -
902 2839 974 2907 Vox
995 2863 1185 2930 κειραμενος,
1210 2853 1244 2909 nt
1269 2841 1345 2910 mihi

180 2960 310 3044 uidetur,
336 2962 497 3031 referenda
517 2975 563 3030 est
583 2963 621 3030 ad
642 2960 771 3040 εξεπλει,
793 2964 932 3054 adeoque
955 2965 993 3032 ad
1014 2965 1161 3048 Paulum3
1186 2978 1251 3034 tum
1274 2989 1349 3037 vero

180 3085 269 3153 verba
286 3086 362 3154 haec
381 3113 388 3155 :
407 3113 458 3150 και
483 3111 538 3151 συν
563 3112 645 3174 αυτῳ
668 3085 845 3178 Πρισκιιια
865 3113 916 3151 και
933 3087 1075 3170 duchac,
1094 3111 1150 3179 pro
1165 3089 1347 3159 parenthesi

180 3205 316 3277 habenda
343 3223 424 3278 sunt.
451 3212 659 3280 Grammatico
683 3223 783 3278 tamen
808 3210 885 3277 nihil
910 3210 1025 3294 obstat,
1051 3213 1217 3300 quominus
1239 3234 1347 3282 rocem

179 3353 347 3422 κειραμενος
370 3334 409 3402 ad
430 3331 551 3410 Ακυιας
573 3335 706 3412 releraS,
733 3345 767 3403 ut
788 3335 861 3402 lecit
886 3337 1003 3403 ductor
1026 3336 1189 3424 Vulgatae.
1208 3376 1251 3386 -
1270 3339 1350 3405 Cen·

178 3453 280 3521 ehreis
303 3475 376 3543 ergo
398 3456 512 3523 Paulus
531 3468 631 3546 ‘caput
658 3456 846 3524 tondendum
871 3458 1036 3537 curaverit,
1064 3459 1154 3547 quia,
1173 3470 1206 3527 ut
1223 3460 1346 3549 opinor,

178 3579 365 3666 exspirasset
391 3590 530 3668 tempus,
557 3601 613 3668 per
640 3580 724 3668 qnod
752 3600 871 3647 comam
895 3581 1014 3647 nutrire
1038 3601 1077 3647 ex
1101 3595 1250 3671 concepto
1278 3594 1348 3653 voto

178 3699 343 3776 debuisset.
374 3703 568 3791 Disputatur,
595 3715 699 3771 utrum
728 3724 837 3771 neo-ne
861 3702 921 3770 hoo
947 3703 1014 3771 loco
1048 3704 1280 3792 intelligendum
1308 3708 1349 3775 sit

126 3805 133 3823 ¹
177 3836 281 3891 uotum
306 3826 528 3893 Nostroeatos.
548 3827 674 3896 Vidcsis
698 3826 756 3893 hac
778 3827 816 3895 de
841 3848 874 3893 ro
899 3826 1100 3895 disserentem
1124 3829 1348 3919 Stapletonium

176 3946 223 4036 (in
243 3950 390 4014 Auttdot.
417 3949 454 4016 ad
477 3948 510 4016 h.
538 3948 590 4037 h).
616 3951 657 4016 Ut
678 3949 760 4038 apud
783 3949 987 4017 Athenienses
1010 3961 1118 4040 portus
1138 3954 1289 4040 Piraeus,
1309 3957 1348 4023 ab

177 4071 253 4139 urbe
280 4072 459 4153 distinctus,
490 4074 601 4140 incolis
628 4073 820 4154 abundabat,
850 4076 895 4143 sie
924 4088 953 4143 et
980 4077 1212 4147 Corinthiorum
1240 4092 1348 4171 portus

177 4196 362 4263 Cenchreae.
386 4197 468 4265 Vide
487 4196 600 4266 Valolr.
625 4196 664 4264 ad
686 4197 719 4264 h.
744 4198 767 4264 l.
792 4197 838 4265 lbi
862 4197 923 4266 hoe
946 4201 1047 4289 primo
1072 4202 1195 4269 saeculo
1224 4217 1346 4274 coetum

175 4319 270 4389 luisse
292 4320 539 4388 Christianorum
562 4321 745 4402 collectum,
770 4321 935 4389 conficitur
951 4343 990 4389 ex
1005 4325 1097 4391 Rom.
1116 4326 1195 4395 XVl
1215 4351 1223 4393 :
1245 4331 1275 4407 l,
1294 4330 1348 4397 ubi

177 4456 364 4512 memoratur
380 4446 520 4513 ministra
541 4446 691 4514 ecclesiae
713 4446 950 4514 Cenchre‘e‘nsis

1189 4560 1227 4617 29
