3074 5054
433 408 572 476 CAPUT
605 407 702 488 xvi,
739 407 863 478 VERS.
901 398 1002 476 143.
1232 409 1298 476 599

111 599 330 668 verumetiam
353 618 372 666 a
393 598 505 666 vicinis
529 599 760 668 looniensibus.
779 637 823 649 -
841 600 1013 689 Praecipua
1037 597 1170 688 quadam
1193 597 1301 688 probi·

112 735 174 792 tate
188 725 269 792 vitae
285 723 423 792 eminere
439 721 564 803 debuit,
578 722 669 790 cuius
685 722 767 790 lama
790 722 983 813 pervenisset
1005 721 1044 790 ad
1066 723 1185 791 vicinas
1207 724 1299 791 etiam

112 848 265 944 civitates.
286 885 332 898 —
355 847 448 914 Hunc
475 865 549 933 ergo
573 844 708 935 (τουτον)
733 846 954 927 Timotheum,
980 847 1038 913 etsi
1066 847 1209 914 iuvenem
1237 844 1296 936 (cl.

106 973 128 1038 'l
144 971 285 1039 Timoth.
305 970 351 1040 lV
370 995 379 1037 ε
400 971 469 1057 lb),
487 969 603 1037 Paulus
619 969 679 1037 sibi
697 970 843 1038 comitem
860 970 1027 1058 adiungere
1045 969 1162 1052 voluit,
1180 980 1215 1039 ut
1230 971 1298 1039 eius

115 1095 288 1163 ministerio
313 1095 343 1161 in
368 1093 575 1184 praedicando
600 1092 767 1181 Evangelio
792 1104 943 1163 uteretur.
970 1095 1051 1162 Ante
1074 1105 1173 1162 tamen
1203 1115 1300 1184 quam

115 1218 353 1310 praedicationis
381 1217 518 1286 officium
545 1216 711 1285 Timotheo
741 1218 968 1298 committeret,
992 1219 1135 1285 eumdem
1162 1220 1300 1286 airaim-

113 1345 192 1409 ca‘dit
206 1335 322 1427 (λαβων
337 1362 508 1431 περιετεμεν
525 1363 629 1405 αυτον.
656 1337 705 1407 Cf.
731 1338 813 1407 diota
832 1339 872 1407 ad
887 1341 965 1429 Cap.
983 1340 1061 1409 Vlll
1081 1363 1089 1406 ε
1109 1337 1181 1421 35);
1205 1338 1300 1430 idque

114 1463 187 1533 lucit
211 1475 347 1551 propter
374 1465 510 1531 Iudaeos
538 1466 574 1530 io
601 1465 668 1530 illia
695 1465 772 1530 locis
800 1473 1050 1548 commorantes,
1080 1474 1111 1531 et
1140 1463 1299 1531 Timothei

113 1578 210 1676 opera
230 1585 271 1654 ad
294 1585 387 1654 fidem
407 1585 525 1653 Christi
548 1585 786 1654 convertendos.
811 1587 890 1654 Nam
915 1607 1012 1676 quum
1033 1607 1140 1655 omnes
1167 1588 1300 1670 seirent,

112 1708 315 1778 Timotheum
343 1721 447 1778 natum
472 1730 541 1778 esse
568 1721 656 1799 patre
684 1708 837 1788 ethnioo¹,
863 1709 1004 1798 adeoque
1026 1729 1087 1777 non
1116 1709 1213 1778 luisse
1239 1711 1301 1778 oir-

113 1831 315 1912 cumcisum¹‚
334 1832 505 1900 noluissent
522 1833 714 1900 familiariter
729 1853 802 1899 eum
818 1852 855 1899 eo
872 1832 989 1899 versari
1006 1832 1092 1922 (ride
1108 1853 1205 1923 supra
1220 1835 1298 1924 Cap.

112 1955 163 2021 XI
189 1979 197 2023 :
222 1957 260 2036 T,
283 1957 330 2046 5),
355 1954 469 2024 nedum
492 1955 532 2024 ab
556 1976 593 2023 eo
620 1955 763 2044 accipere
790 1954 964 2023 doctrinam
993 1956 1164 2044 Evangelii.
1192 1958 1300 2047 ltaque

112 2078 317 2147 Timotheum
342 2079 539 2149 circumcidit
565 2079 681 2149 Paulus
702 2099 741 2146 ex
764 2077 909 2169 prudenti
931 2078 1065 2168 quadam
1088 2081 1298 2170 indulgentia,

113 2221 174 2270 nec
196 2203 256 2271 alia
276 2202 315 2271 de
335 2224 446 2285 eausa,
463 2208 568 2290 sartos
591 2205 725 2271 Iudaeis
747 2214 908 2288 tamquam
930 2204 1089 2287 Iudaeus,
1112 2216 1149 2272 ut
1165 2206 1301 2272 Iudaeos

113 2327 320 2412 lucrifaceret
338 2329 368 2416 (l
385 2328 459 2394 Cor.
478 2328 526 2395 lX
545 2347 553 2390 τ
573 2330 642 2414 20).

162 2559 265 2627 l-c.
292 2559 374 2626 Cam
391 2570 496 2626 autem
510 2563 748 2645 pertransirent
763 2562 923 2642 ciuitates,
942 2568 1029 2652 elo).
1049 2556 1181 2640 Paulam,
1199 2559 1297 2639 Silas,

114 2682 344 2751 ctTimctbeiis
361 2683 435 2751 dum
452 2684 690 2769 pertransibant
712 2680 747 2773 (d
751 2706 935 2776 ιεπορευοντο
956 2682 1098 2773 imperf.)
1115 2682 1209 2750 urbes
1226 2685 1301 2748 illua

112 2811 211 2898 (τας),
236 2809 404 2899 inquibus
429 2821 517 2877 antea
542 2809 629 2877 Pauli
655 2819 685 2876 et
708 2808 869 2876 Barnabae
893 2829 988 2898 opera
1012 2808 1156 2877 fundatae
1178 2808 1301 2875 inerant

72 2993 76 3001 .
114 2932 277 3001 Ecclesiae
305 2934 360 3020 (cl.
390 2935 467 3025 Cap.
496 2936 593 3006 XV:
620 2935 689 3019 56),
716 2933 809 3002 simul
837 2933 1191 3001 uranico-cariatone
1219 2933 1302 2999 inibi

114 3059 383 3124 commorantibus
411 3066 527 3150 (αυτοις
554 3058 744 3126 constructio
772 3056 812 3125 ad
839 3055 982 3145 sensum)
1008 3056 1169 3125 tradebant
1192 3056 1301 3124 obser-

114 3178 216 3247 vanda
230 3182 352 3264 placita
368 3182 418 3266 (ra
434 3177 606 3272 buppura),
621 3201 701 3271 quae
716 3202 818 3271 nuper
842 3179 1070 3268 Hierosolymis
1086 3180 1125 3249 ab
1141 3179 1301 3268 Apostolis

115 3314 148 3371 et
163 3303 358 3393 presbyteris
381 3304 503 3373 fuerant
522 3308 646 3373 decreta
668 3304 865 3398 (κεκριμενα).
882 3343 927 3354 -
944 3303 1156 3373 Ecclesiarum
1178 3314 1299 3385 autem,

117 3447 196 3516 quas
219 3427 251 3494 in
275 3428 339 3496 illis
364 3429 543 3518 regionibus
560 3432 676 3499 Paulus
692 3442 780 3498 antea
804 3430 993 3519 plantaverat
1005 3438 1036 3496 et
1050 3448 1134 3496 nunc
1150 3427 1302 3496 invisebat

117 3552 350 3643 prosperrimus
374 3566 439 3624 erat
462 3566 560 3624 status
578 3575 586 3619 ε
606 3576 677 3624 nam
700 3555 808 3624 fideles
825 3567 855 3623 et
874 3560 909 3622 in
928 3557 993 3640 fide
1014 3557 1164 3622 continuo
1184 3556 1302 3641 fiebant

117 3677 282 3760 firmiores
298 3679 349 3766 (τῃ
365 3699 466 3742 ararat
483 3700 668 3766 εστερουντο.
688 3676 848 3768 lmpcrl.),
868 3690 898 3745 et
921 3696 1051 3745 numero
1076 3676 1176 3745 indies
1191 3697 1301 3766 auges·

117 3799 229 3868 cebant
250 3807 454 3891 (επερισσευον
476 3826 520 3887 τῳ
545 3803 664 3892 αριθμῳ
685 3803 751 3866 καθ’
769 3803 897 3893 harpam,
923 3822 1056 3868 atemere
1072 3812 1165 3868 eraut
1181 3803 1217 3868 itt
1232 3803 1302 3868 diet

118 3926 370 4008 copiosiores-
385 3923 477 3992 Valet
493 3922 544 3993 hic
561 3923 648 3992 locus
664 3924 703 3992 ad
719 3924 926 4014 probandum,
947 3922 1065 4012 legibus
1081 3922 1302 3991 ecclesiasticis

155 4188 175 4255 1)
192 4187 338 4241 Verborum
360 4167 528 4260 ῃδεισαν...
551 4194 603 4235 τον
631 4195 690 4236 πα·
769 4189 788 4254 ¹)
808 4209 820 4234 ιι
837 4187 896 4240 Non
916 4187 1003 4240 luerat
1021 4187 1203 4251 circumcisus,
1223 4188 1302 4254 quia,

122 4287 193 4357 repa
221 4288 333 4341 αυτου,
362 4267 406 4327 ὁτι
432 4260 531 4337 Ελλην
558 4265 690 4354 ὑπηρχεν
736 4270 1304 4332 utTalmudicitradunt‚noueratiusma·

121 4362 241 4427 syntaxis
253 4363 292 4412 ast
305 4373 352 4427 par
362 4359 561 4423 detractionem,
574 4363 690 4428 utsupra
736 4355 784 4406 tris
793 4354 877 4405 filium
888 4353 1089 4418 circumcidere,
1102 4358 1176 4421 patre
1187 4356 1279 4408 invito.
1288 4375 1301 4401 a

123 4443 186 4509 cup.
199 4443 246 4496 XV
261 4459 268 4495 ε
282 4442 325 4496 36.
620 4497 625 4505 ,
735 4434 924 4488 Grotiusaclh.
938 4434 955 4486 l.
