3074 5054
189 350 233 423 te
525 343 660 413 eurus
690 325 1024 423 urusnotunuu,

187 534 359 611 multant
386 534 551 607 dialectum
576 533 798 603 Galilaeorum.
824 531 872 599 Cl.
896 529 1006 599 Matth.
1031 531 1169 602 XXVI:
1194 532 1249 598 75.
1275 530 1365 596 Hanc

187 661 276 735 tocie
291 661 431 733 dolituri
446 659 728 750 interpretationem
748 656 882 747 postulat
897 666 1039 724 contexta
1055 655 1165 723 oratio.

230 909 265 980 8.
289 918 319 978 et
340 909 519 996 quomodo).
547 906 665 976 Gallice
689 905 840 973 dixissent
859 933 865 972 :
883 909 1018 991 petisque
1043 915 1112 971 tous
1136 924 1184 970 cea
1203 905 1361 986 hommes,

184 1036 241 1125 pei
253 1055 329 1103 rocoa
343 1035 473 1121 perient
497 1034 547 1116 ld,
565 1043 638 1100 eoot
659 1035 712 1098 des
737 1031 894 1099 Guliliertc
901 1082 913 1115 ,
933 1053 1067 1098 couxsun
1085 1053 1118 1098 se
1134 1051 1241 1098 rtur-m
1259 1029 1361 1114 (πως),

184 1180 243 1251 pter
266 1159 385 1226 educata
400 1159 438 1223 tle
460 1177 539 1223 motta
556 1153 695 1247 (ἕκαστος
710 1156 808 1244 ἡμων)
831 1177 910 1222 trous
934 1159 977 1222 les
1002 1157 1173 1221 emiendotts
1189 1154 1362 1240 (ακοιιομεν)

186 1290 344 1363 enutritor,
360 1292 420 1349 otc.
435 1280 588 1348 Attonitos
606 1279 746 1374 ipsorum
762 1280 882 1346 animos
898 1279 1002 1368 prodit
1014 1279 1081 1369 ipse
1098 1278 1237 1346 turbatus
1252 1295 1361 1344 eorum

185 1421 305 1484 sermm
324 1423 394 1474 num
411 1402 580 1473 sedatiores
596 1402 747 1471 dixissent
764 1423 771 1465 :
791 1407 846 1491 qui
864 1402 916 1484 fit,
934 1413 967 1470 ut
983 1403 1145 1481 audiamus
1162 1423 1215 1470 eos
1231 1401 1362 1489 loquen-

185 1536 231 1597 tes
254 1527 347 1597 variis
369 1528 481 1616 linguis
502 1548 614 1593 eorum
638 1530 823 1611 reqionum,
852 1530 886 1593 iu
910 1529 1021 1614 quitus
1045 1527 1106 1594 nati
1131 1545 1256 1599 sumus:
1276 1545 1360 1593 nunc

184 1672 257 1724 roro
277 1651 384 1722 dicunt
402 1677 410 1720 :
429 1656 482 1741 qui
505 1651 540 1719 fit
558 1663 593 1720 ut
613 1651 775 1719 audiamus
792 1651 1023 1751 eosloquentes
1046 1652 1149 1716 coriis
1166 1651 1304 1732 lioperto,
1325 1650 1362 1712 ire

183 1776 295 1865 notter
311 1776 371 1844 nati
388 1777 517 1844 sumus?
532 1777 636 1844 Voces
652 1800 688 1865 τῃ
708 1772 771 1859 uduo
792 1773 942 1860 διαλεκτῳ
958 1775 1042 1860 ἡμων
1060 1773 1227 1862 pendente
1244 1771 1303 1855 (vs.
1324 1768 1362 1857 9)
1384 1781 1385 1785 ’

184 1896 358 1966 letiorem
373 1922 485 1964 αυτων.
504 1900 649 1988 syntaxis
666 1899 743 1967 llaec
759 1910 806 1967 est
824 1920 831 1961 :
851 1923 914 1972 πως
934 1919 1082 1982 ακουομεν
1099 1893 1223 1969 ἕκαστος
1238 1919 1274 1983 τῃ
1293 1889 1361 1976 ιὸιᾳ

182 2019 332 2110 dialecto
346 2023 477 2110 ἡμων...
488 2020 659 2088 relocaret
676 2047 830 2088 aaronica
847 2020 992 2112 propedem
1008 2047 1061 2085 του
1078 2018 1175 2098 Θεου;
1191 2040 1230 2086 ex
1246 2018 1361 2107 quihus

183 2156 282 2236 petet,
300 2145 443 2214 attonitos
468 2145 516 2214 his
538 2145 655 2214 dixisse
671 2169 839 2232 ακουομειι,
858 2158 888 2213 et
905 2145 988 2235 quod
1008 2146 1068 2211 iam
1085 2144 1226 2211 dixerant
1241 2169 1277 2232 τῃ
1296 2139 1361 2226 educ

180 2264 329 2356 declicare
348 2269 452 2356 ἡμων,
471 2268 503 2338 id
526 2270 639 2338 iterum
660 2270 776 2339 dixisse
797 2291 853 2359 per
872 2270 967 2338 uerba
991 2292 1058 2342 ταις
1079 2268 1236 2356 ἡμετεραις
1258 2264 1361 2356 ploc-

181 2418 260 2472 σαις.

227 2642 260 2707 9.
288 2641 405 2706 Partiri
418 2650 447 2704 et
463 2641 572 2720 Medi,
588 2639 678 2726 oet).
698 2641 789 2727 Quod
807 2646 954 2709 urtioerse
971 2642 1113 2710 dixerant
1132 2668 1139 2709 :
1159 2644 1194 2706 ie
1210 2663 1271 2726 quo
1288 2645 1361 2706 etuti

173 2785 304 2848 numus,
325 2764 356 2834 id
372 2763 587 2833 admirabundi
611 2785 684 2832 mox
707 2766 881 2833 distinctius
906 2767 1080 2852 declarant,
1100 2768 1200 2833 varias
1217 2786 1268 2833 eas
1284 2787 1360 2854 geu-

182 2899 243 2967 tes,
273 2906 352 2974 quae
379 2886 529 2953 miraculo
556 2886 708 2969 aderant,
739 2889 799 2955 iam
829 2901 1039 2957 recensentes
1069 2887 1248 2975 Ελαμιται,
1279 2908 1359 2976 quos

179 3009 290 3078 Graeci
307 3006 479 3094 Ελυμαιους
503 3008 669 3087 vocabant,
688 3011 811 3078 oriundi
830 3024 917 3079 erant
937 3034 976 3080 ex
990 3014 1155 3080 Provincia
1172 3012 1356 3100 Elymaide,

126 3142 130 3152 ‘
179 3152 259 3222 quae
274 3133 331 3200 sita
350 3143 415 3199 erat
436 3133 475 3200 ad
491 3134 594 3201 sinum
609 3135 784 3202 Persicum.
803 3138 956 3204 Eleaticis
980 3137 1074 3204 uicini
1090 3149 1177 3203 eraut
1192 3138 1312 3202 Parthi
1328 3147 1359 3202 et

179 3256 281 3322 Medi.
304 3256 383 3323 Tres
403 3254 473 3322 illae
493 3268 599 3344 gentes
621 3261 779 3326 communi
809 3260 910 3349 lingua
936 3261 1100 3329 utebantur
1126 3261 1267 3328 Persica.
1293 3261 1357 3347 Qui

178 3390 362 3469 sequuntur,
392 3382 510 3449 incolae
536 3384 779 3473 Mesopotamiae
807 3398 837 3453 et
864 3387 1019 3466 Iudaeae,
1050 3388 1173 3476 utrique
1205 3389 1357 3454 Aramaea

177 3503 317 3570 orientali
340 3505 504 3573 utebantur
525 3508 648 3596 lingua,
667 3510 722 3577 sed
745 3510 876 3579 dialecto
898 3511 1125 3601 discrepabant.
1151 3513 1229 3579 Nam
1251 3513 1355 3578 Meso-

176 3636 369 3714 potamenses
385 3628 574 3716 Babylonica
590 3631 796 3722 loquebantur
820 3634 968 3716 dialecto,
989 3620 1119 3702 ludaeae
1141 3654 1215 3702 vero
1236 3634 1356 3701 incolae

176 3751 469 3839 Hierosolymitana.
492 3754 640 3823 Galilaeis
660 3758 786 3846 quidem
803 3760 920 3848 pariter
939 3780 1042 3827 sermo
1060 3760 1178 3848 patrius
1194 3770 1259 3826 erat
1275 3759 1354 3826 Aca·

175 3892 281 3941 maeus
298 3873 350 3940 ille
365 3874 542 3958 orientalis,
557 3878 612 3946 sed
635 3890 697 3945 tam
714 3900 732 3947 a
748 3881 1070 3969 Mesopotameusibus
1087 3900 1180 3969 quam
1196 3901 1214 3948 a
1230 3880 1354 3948 ludaeis

174 3995 259 4062 varia
274 3996 385 4064 iterum
402 3996 533 4067 dialecto
550 3998 716 4069 distabant.
743 4004 819 4069 Erat
839 4023 912 4090 ergo
939 4024 996 4070 cur
1017 4014 1047 4070 et
1068 4006 1353 4092 Mesopotamenses

173 4126 204 4182 et
223 4116 354 4186 ludaeae
375 4120 495 4189 incolae
518 4124 716 4206 mirarenter,
735 4127 819 4215 qnod
841 4126 985 4196 audirent
1006 4126 1163 4209 homines,
1181 4147 1198 4194 e
1214 4128 1352 4196 Galilaea

176 4277 345 4295 μ

204 4379 223 4445 1)
242 4379 327 4434 Lectio
338 4391 508 4455 ηκουσαμειι
525 4385 679 4437 auctoritate
696 4385 821 4439 Codicum
835 4387 959 4441 destituta
971 4393 1019 4442 est.
