3074 5054
175 362 242 430 178
522 363 658 432 ACTUS
693 364 1028 446 APOSTOLORUM,

218 552 319 618 7-8.
345 554 483 618 Etcum
506 555 697 621 discessisset
724 557 855 640 ampelos
878 559 933 640 qui
956 557 1142 641 loquebatur
1170 559 1243 637 illi,
1265 563 1354 643 616).

174 677 233 745 Gr.
263 681 278 741 ὁ
306 673 427 756 λαλων,
458 677 541 766 quod
570 677 623 745 hic
651 689 698 745 est
725 679 927 768 Participium
953 679 1146 768 imperfecti,
1177 690 1211 746 ut
1243 700 1356 769 supra,

174 819 206 887 p.
229 800 364 866 161-
384 800 521 888 ¹Angelus
543 821 581 868 an
606 813 677 890 post
698 800 775 869 illud
797 802 987 892 colloquium
1005 804 1107 872 subito
1124 805 1300 883 evanuerit,
1319 824 1358 870 an

173 943 248 991 vero
264 923 380 991 sensim
403 943 440 992 ac
463 924 627 992 visibiliter
643 925 838 1007 discesserit,
857 946 895 993 ox
912 947 987 994 voce
1005 917 1134 1002 6611166
1159 928 1283 995 1666661
1304 948 1359 994 66-

175 1048 253 1137 quit.
272 1048 304 1116 Si
329 1049 416 1138 prius
434 1048 511 1117 illud
526 1050 693 1132 acciderit,
708 1052 756 1118 vel
773 1050 845 1119 inde
862 1053 961 1142 potuit
983 1053 1154 1141 intelligere
1169 1052 1358 1132 Cornelius,

175 1175 317 1263 angelum
345 1174 442 1243 luisse
463 1177 516 1264 qui
535 1176 579 1242 illi
597 1178 804 1267 apparuisset.
823 1215 867 1226 —
892 1178 1056 1246 Cornelius
1079 1178 1158 1245 nihil
1181 1188 1359 1258 cunctatus,

176 1301 286 1365 statim
303 1298 387 1384 (vide
401 1321 449 1368 vs.
477 1302 532 1385 55)
558 1303 674 1392 loppen
698 1303 783 1370 misit
805 1326 821 1369 e
844 1306 1022 1370 domesticis
1038 1307 1105 1370 suis
1120 1307 1199 1369 duos
1217 1298 1283 1394 (deo
1299 1326 1361 1366 των
1445 1360 1448 1364 ,

177 1447 299 1487 esseron
321 1425 441 1517 αὐτου),
459 1426 615 1515 simulque
639 1428 767 1494 militem
790 1429 955 1518 quemdam
979 1429 1179 1517 religiosum,
1203 1448 1300 1494 unum
1323 1448 1363 1494 ex

178 1548 217 1616 lis
234 1549 286 1638 qul
311 1549 473 1618 ministerii
491 1571 583 1618 causa
599 1557 728 1619 assiduo
745 1556 799 1619 illi
815 1557 951 1619 aderaut
966 1553 1038 1635 (των
1054 1576 1362 1645 προσκαρτερουντων

178 1699 275 1762 aurp.
293 1676 375 1745 Vide
391 1698 485 1767 supra
501 1678 539 1746 ad
554 1680 631 1768 Cap.
652 1680 665 1744 l
682 1704 689 1745 :
707 1681 759 1747 rt.
779 1678 874 1746 Hisce
890 1680 966 1747 viris
982 1690 1052 1746 ante
1066 1690 1244 1747 narraverat
1267 1699 1365 1767 quae-

180 1821 314 1891 cumque
331 1799 552 1886 (166666161ὴί
569 1803 766 1871 accidissent.
794 1821 795 1824 ’

225 2042 258 2108 9.
285 2039 418 2107 Postero
444 2052 550 2107 autern
576 2044 645 2123 die,
669 2051 755 2130 616).
785 2042 932 2131 Sequenti
962 2043 1032 2125 die,
1063 2046 1146 2112 circa
1175 2045 1363 2127 meridiem,

181 2185 254 2234 cum
276 2176 338 2233 tres
361 2166 406 2232 illi
431 2167 496 2234 viri
513 2168 574 2234 iam
598 2188 659 2235 non
677 2168 786 2256 procul
802 2188 819 2236 a
835 2170 932 2258 loppe
948 2170 1109 2246 abessent,
1124 2172 1236 2238 Petrus
1253 2172 1364 2239 orandi

181 2310 273 2360 causa
293 2293 497 2358 adscenderat
517 2287 630 2383 (ανεβη)
655 2295 692 2359 iu
718 2297 906 2377 superiore,
924 2314 1034 2382 graece
1053 2318 1061 2359 ε
1081 2317 1129 2358 eur
1145 2317 1179 2357 ro
1197 2290 1306 2380 dopo,
1329 2299 1368 2361 iu

183 2425 297 2484 tectum
304 2463 314 2496 ,
333 2414 398 2482 sive
414 2413 575 2482 solarium.
593 2415 806 2484 Orientalibus
825 2415 916 2505 plana
933 2427 1021 2482 erant
1036 2415 1185 2483 domuum
1202 2427 1294 2483 tecta.

231 2665 284 2733 10.
310 2665 355 2730 Et
376 2685 447 2730 com
467 2665 618 2746 esuriret,
637 2663 737 2730 uoluit
754 2661 909 2752 pastore).
934 2664 1013 2729 Cum
1030 2663 1159 2740 PetruS,
1177 2661 1230 2728 illa
1246 2660 1313 2741 die,
1332 2671 1369 2728 nt

183 2786 319 2870 videtur,
345 2784 447 2854 adhuc
471 2786 611 2866 1616666,
629 2808 779 2871 mopuoru
795 2789 949 2871 inciperet
971 2789 1090 2852 sentire
1107 2788 1226 2870 famem
1242 2784 1368 2874 (εγενετο

184 2911 387 3003 προσπεινος),
401 2910 505 2979 cibum
521 2930 644 2977 sumere
660 2909 782 2996 volebat
788 2935 796 2992 ;
814 2930 923 2998 graece
939 2935 947 2976 :
961 2911 1128 2999 γευσασθαι
1145 2911 1232 2994 (Aur.
1248 2909 1366 2989 Medd,

185 3032 269 3124 quod
295 3033 437 3102 Verbum
462 3035 551 3102 etiam
580 3036 719 3101 absotute
742 3032 958 3102 adhibebatur.
986 3033 1039 3101 Sic
1064 3033 1188 3099 Flavius
1213 3031 1369 3122 losephus

184 3157 332 3248 (Auliqq.
355 3157 425 3226 Lib.
451 3158 515 3239 Vl,
534 3160 610 3248 Cap.
636 3159 715 3226 XlV
736 3183 743 3225 :
763 3156 794 3238 5)
817 3158 855 3225 de
879 3157 972 3225 Saulo
997 3159 1081 3244 Rege
1105 3156 1256 3245 scripsit:
1278 3155 1370 3243 μολις

187 3278 220 3346 δε
248 3279 354 3347 ἑαυτου
381 3306 537 3373 praeparor
566 3305 792 3374 συνηναγκασεν
819 3283 837 3356 ἡ
863 3304 937 3372 γυνη
964 3281 1147 3370 percuciet,
1178 3277 1212 3346 h.
1238 3299 1266 3345 e.
1295 3303 1371 3347 cum

187 3427 261 3473 vero
276 3409 333 3472 6166
348 3409 388 3472 od
403 3429 435 3473 se
452 3410 615 3488 rediisset,
632 3410 752 3473 mulier
768 3400 988 3492 (Pptbouisso)
1006 3407 1105 3489 coipit
1120 3425 1191 3469 eum
1208 3414 1244 3469 ut
1262 3404 1371 3469 cibum

188 3540 325 3616 cuperet.
350 3531 491 3599 Conlerri
516 3542 616 3621 potest
639 3531 800 3602 Gallorum
823 3531 947 3615 pobter.

235 3657 431 3724 Parentibus
453 3661 657 3742 autemillis,
677 3657 764 3740 616).
788 3657 909 3722 1616666
932 3664 1034 3722 autem
1059 3652 1208 3743 temporis
1225 3649 1300 3718 dum
1317 3654 1373 3717 itti

189 3779 346 3872 (εκεινων),
361 3803 472 3873 nempe
496 3783 517 3849 ii
541 3781 622 3872 apud
648 3802 728 3870 quos
750 3779 1013 3859 commorabatur,
1031 3777 1070 3845 ad
1086 3778 1167 3844 Petri
1188 3776 1371 3866 petitionem

191 3908 293 3975 cibum
306 3922 463 3994 pararent
479 3876 783 3998 (uapuoreuulorruv
803 3907 874 3974 scil.
894 3902 1039 3991 166666),
1058 3905 1172 3969 cecidit
1186 3923 1282 3985 super
1298 3922 1372 3966 eum

190 4038 305 4102 meotis
322 4057 484 4120 recessus,
500 4054 609 4123 graece
629 4059 636 4101 :
654 4036 984 4109 arcesseremusne,
1004 4049 1065 4119 qna
1085 4025 1230 4116 loquendi
1249 4025 1371 4091 ratione

189 4160 380 4249 significatur
396 4183 466 4229 eum
482 4162 584 4229 subito
602 4171 632 4228 et
647 4161 796 4229 divinitus
814 4162 845 4226 in
871 4160 923 4226 illo
941 4168 1020 4226 statu
1045 4157 1156 4225 mentis
1180 4153 1278 4222 luisse
1295 4174 1374 4220 666-

161 4343 164 4349 ,
190 4286 342 4354 stitutum.
366 4288 539 4369 Εκστασις,
556 4287 595 4354 ab
619 4283 769 4373 εξιστημι,
788 4289 826 4352 de
847 4296 933 4352 statu
951 4285 1083 4366 deiicio,
1103 4283 1128 4349 si
1148 4283 1288 4348 nominis
1304 4291 1375 4366 ety-

192 4427 263 4476 mon
288 4421 428 4501 specteS,
455 4420 540 4479 notat
561 4411 765 4477 dimotionem
788 4432 804 4474 e
827 4412 891 4475 1666
913 4410 961 4474 661
984 4408 1207 4489 statuisque
1231 4407 1301 4488 quis
1322 4405 1375 4469 oet
