3074 5054
488 383 626 449 CAPUT
663 385 695 454 Ι,
732 384 842 452 VERS
878 385 1001 450 9-to.
1303 384 1345 448 27

182 571 335 658 Evangelio
359 572 452 661 (Cap.
478 572 614 640 XXiV:
639 575 699 654 to,
714 572 818 663 seq),
848 576 969 652 lesum,
984 573 1100 639 interea
1122 573 1196 640 dum
1220 571 1346 638 elevatis

179 693 311 760 manibus
334 694 493 784 Apostniis
519 695 587 762 suis
611 694 825 776 benediceret,
851 695 883 762 iu
906 696 1001 763 altum
1026 694 1100 761 ierri
1128 693 1287 783 coepisse;
1314 706 1347 758 nt

177 814 247 882 adeo
270 817 351 883 inter
369 816 619 885 adscendendum
643 817 857 899 benediceret,
873 830 904 885 et
927 818 1129 886 adscenderet
1151 818 1231 883 inter
1251 815 1345 882 bene-

178 937 335 1006 dicendum
358 939 426 1026 (και
451 963 562 1029 εγενετο
587 963 617 1004 εν
641 965 684 1025 τῳ
709 940 840 1030 ευλογειν
867 965 992 1018 αυτους,
1022 939 1124 1016 dacaru
1148 940 1200 1002 uu'
1226 962 1343 1014 αυτων,

178 1089 223 1128 και
249 1088 403 1156 ανεφερετο
431 1089 470 1140 εις
496 1090 546 1130 τον
575 1066 728 1156 ουρανον).
759 1069 863 1153 Quium
891 1088 965 1156 ergo
992 1068 1132 1158 Apostoli
1166 1070 1267 1134 lesuin
1299 1067 1346 1132 sic

178 1188 315 1277 paulatim
340 1189 371 1254 in
396 1188 491 1256 altum
516 1189 589 1255 ferri
615 1200 791 1278 spectarent
809 1201 839 1257 et
859 1189 1096 1258 adscendentem
1117 1191 1216 1257 oeulis
1239 1209 1346 1278 prose·

178 1322 351 1398 querentur,
365 1313 488 1379 tandem
504 1313 603 1380 nubes
622 1313 860 1381 adscendentem
876 1318 1014 1403 suscepit
1029 1315 1189 1402 oculisque
1206 1314 1345 1401 ipsorum

177 1432 328 1501 subduxit.
346 1436 474 1503 Scilicet
485 1436 561 1503 iliud
579 1435 730 1523 ὑπελαβον
748 1461 838 1501 unior
854 1462 913 1501 uro
931 1449 1133 1526 praegnanter
1148 1436 1264 1503 dictum
1281 1446 1343 1515 est;

177 1559 257 1644 quasi
273 1558 399 1646 Belgica
415 1559 536 1627 diceres
555 1581 563 1622 ε
582 1582 654 1625 eene
676 1563 757 1626 motin
777 1583 853 1626 uum
873 1565 944 1626 bem
965 1582 1003 1627 or
1026 1583 1064 1626 eu
1085 1581 1150 1627 uuo
1171 1563 1221 1625 uit
1240 1562 1346 1624 buuue

177 1701 277 1763 omen.
296 1683 408 1750 Varias
423 1683 463 1749 de
485 1682 599 1750 Christi
621 1683 823 1751 adscensioue
845 1684 1042 1772 quaestiones
1062 1682 1249 1769 theologicas
1265 1681 1345 1748 diiu-

177 1804 256 1886 cide,
275 1828 332 1896 pro
350 1828 436 1874 mnre
457 1828 533 1885 suo,
560 1818 668 1876 tractat
688 1809 722 1876 S.
744 1808 900 1886 Thomas,
921 1811 941 1876 5
962 1830 996 1897 p.
1020 1829 1052 1897 q.
1072 1812 1127 1876 57.
1150 1809 1199 1874 De
1218 1807 1346 1893 Syntaxi

178 1927 335 1997 uerborum
351 1943 547 2015 praequnute
564 1931 627 1999 dixi
646 1933 677 1998 in
693 1934 751 2001 Gr.
771 1953 839 2021 pag.
861 1936 944 2011 559,
963 1956 993 2021 γ.

219 2169 270 2235 10.
300 2167 437 2253 Cumque
459 2173 663 2235 intuerentur
684 2174 719 2234 in
743 2173 864 2235 coelum
884 2182 1008 2237 eurttuu
1031 2169 1150 2257 iilum).
1170 2171 1290 2238 Graeca
1306 2169 1348 2236 ita

99 2296 102 2303 '
179 2288 327 2357 reddenda
350 2305 422 2358 suut
438 2314 446 2354 ι
464 2315 561 2377 quum
584 2305 685 2359 esseut
710 2297 906 2360 intendentes
921 2292 983 2381 (sc.
1003 2294 1110 2361 oculos
1126 2294 1216 2380 suns)
1233 2295 1269 2356 iu
1284 2314 1349 2358 coe-

179 2413 258 2495 tum,
283 2417 405 2480 intereo
426 2417 502 2480 dum
526 2418 580 2480 itte
600 2415 702 2501 (nube
724 2416 776 2482 iiia
798 2415 975 2504 involutus)
996 2417 1099 2482 abibat
1122 2414 1170 2504 (iu
1190 2411 1344 2499 coelum);

177 2554 241 2601 nam
256 2537 376 2604 Graece
399 2547 445 2603 εει
468 2537 632 2604 Genitivus
656 2536 816 2604 absolutus
835 2559 843 2600 ε
864 2560 1063 2627 πορευομενου
1080 2560 1184 2600 aaron.
1205 2536 1346 2604 Verbum

176 2661 328 2735 creontem,
354 2660 384 2724 in
408 2680 469 2747 quo
497 2670 544 2726 εει
571 2684 591 2720 α
620 2664 793 2739 intermino,
818 2660 953 2749 eiiiptice
977 2661 1093 2729 ‘dicitur
1121 2682 1177 2750 pro
1205 2661 1346 2732 ατενιζειν

176 2779 341 2870 οφθαλμους
365 2782 518 2870 planeque
544 2781 638 2849 refert
660 2783 803 2849 Latinum
826 2786 954 2848 tendere
981 2787 1102 2862 oculos,
1129 2781 1212 2870 qund
1232 2783 1347 2847 Lucre·

176 2901 232 2969 tius
247 2901 405 2981 adhibuit,
425 2903 495 2970 Lib.
514 2904 524 2970 i
543 2927 551 2968 ε
571 2905 627 2969 67.
654 2903 799 2988 Syntaxis
815 2903 974 2991 Participii
1001 2922 1072 2969 cum
1089 2900 1182 2968 verbo
1199 2900 1348 2968 Substan-

176 3027 234 3094 tivn
257 3026 309 3094 bic
337 3028 464 3093 inseruit
487 3027 524 3094 ad
549 3026 782 3115 exprimendam
810 3030 1054 3094 continuitatem
1081 3038 1167 3093 actus
1196 3024 1346 3092 intuendi.

176 3151 221 3218 Gi.
241 3153 298 3220 Gr.
318 3174 350 3240 p.
371 3154 447 3219 550.
1390 3124 1392 3126 ι

217 3296 282 3340 ecce
305 3279 367 3341 duo
386 3279 455 3341 ciri
476 3277 671 3340 adstiterunt
695 3278 785 3338 tuctu
809 3278 880 3340 ilios
902 3280 938 3341 iu
953 3279 1088 3342 uestibus
1103 3275 1211 3362 olbis).
1231 3276 1349 3343 Graeca

176 3396 249 3465 baec
272 3399 409 3484 syntaxis
425 3422 433 3464 τ
452 3423 504 3461 και
516 3403 654 3473 ὡς-και
679 3392 744 3460 idon
767 3421 796 3461 κ.
823 3423 852 3461 τ.
881 3396 927 3475 i„
942 3399 1155 3466 auacniutbicn
1171 3410 1228 3465 est.
1252 3398 1284 3464 Si
1310 3417 1349 3462 ex

179 3521 317 3590 Hebraeo
335 3523 415 3591 liber
431 3526 565 3591 Actuum
592 3522 756 3589 translatus
778 3534 877 3603 esset,
892 3545 1091 3612 agnoscerem
1117 3524 1169 3592 bic
1190 3534 1350 3590 construc-

178 3647 288 3714 tionem
315 3646 499 3714 Hebraicam
527 3647 607 3714 hauc
626 3672 634 3712 ε
653 3659 723 3727 aqrq
750 3696 757 3711 ·
788 3696 794 3710 ·
825 3660 903 3729 ,rrrq
928 3647 1035 3730 Ἶιὲιξὲξ.
1062 3645 1171 3732 Augeii
1195 3644 1274 3724 duo,
1295 3644 1348 3731 qui

179 3783 301 3862 propter
316 3772 549 3840 similitudinem
573 3774 723 3862 assumpti
748 3774 890 3863 corporis
908 3772 1051 3850 humani,
1070 3771 1101 3835 in
1126 3770 1230 3858 specie
1247 3769 1347 3845 virili,

178 3899 241 3960 oiri
275 3907 435 3975 vocantur,
461 3896 619 3983 Apostoiis
655 3895 757 3963 adbuc
791 3898 912 3963 coelum
946 3893 1135 3961 intuentibus
1162 3911 1201 3957 ex
1234 3891 1350 3979 impro-

178 4019 241 4085 viso
257 4019 451 4086 adstiterunt.
478 4022 522 4085 Iu
543 4021 678 4085 vestibus
701 4024 797 4100 atate·
822 4041 878 4109 pro
895 4040 932 4086 eo
948 4020 1067 4087 Graece
1086 4015 1178 4082 estin
1195 4012 1349 4100 Singulari

179 4144 330 4208 mineum
350 4167 357 4206 :
376 4165 406 4205 εν
430 4139 529 4216 icturi
555 4141 664 4231 λευκῇ,
683 4144 735 4210 ubi
752 4144 946 4232 Praepositio
969 4166 998 4205 εν
1020 4140 1135 4207 dicitur
1150 4138 1190 4205 de
1214 4157 1268 4216 eo,
1288 4157 1349 4225 qun

180 4265 246 4353 quis
271 4266 396 4333 indutus
418 4279 484 4346 est,
510 4267 650 4357 adeoque
673 4268 711 4335 de
735 4288 773 4335 en
798 4273 833 4332 iu
855 4290 915 4352 quo
938 4267 1009 4355 quis
1031 4278 1095 4348 est;
1113 4264 1217 4351 itaque
1243 4284 1273 4324 er
1296 4281 1351 4326 nn-

180 4390 288 4457 tionem
313 4410 401 4457 suam
426 4395 553 4457 tuentem
577 4391 628 4458 bic
651 4392 740 4480 piane
761 4391 877 4495 obtinet
898 4390 962 4477 (Gi.
981 4392 1038 4457 Gr.
1063 4392 1147 4466 tta,
1165 4389 1273 4453 odunt.
1295 4386 1348 4471 i),
