3074 5054
421 399 557 468 CAPUT
591 398 641 476 V,
677 395 800 464 VERS.
839 394 986 463 tit-tt.
1238 393 1302 459 itt

165 594 221 660 il.
239 592 321 678 Quia
337 591 478 681 Apostoli
495 589 741 669 dimittebantur,
766 589 869 670 ipitius·
887 582 970 675 (eor)
986 583 1139 651 abierunt.
1150 583 1256 652 Verba
1276 587 1304 648 ot

120 737 175 800 μεν
191 737 242 777 ουν
258 713 346 781 reddi
364 724 493 802 possunt
512 737 520 778 ε
540 714 592 778 itit
616 713 741 796 quidem
771 712 890 792 ipitau·,·
910 719 956 774 est
977 717 1079 774 autem
1097 706 1139 774 ibi
1158 730 1212 794 μεν
1228 706 1303 774 soli-

119 839 245 905 tarium.
275 838 447 918 Sententia,
477 856 533 926 per
555 835 738 926 particulam
767 830 800 898 de
828 832 1038 914 subiicienda,
1068 832 1137 899 talis
1159 844 1205 899 est
1223 855 1231 896 z
1250 855 1305 898 rae-

118 965 287 1046 9leareruot
301 972 405 1028 atatem
422 957 484 1050 (de)
502 964 639 1045 impium
651 963 733 1025 tttect
748 959 906 1042 Syuedrii
920 960 1126 1039 nrortdotoo15
1143 977 1221 1045 quae
1239 957 1305 1046 ipsa

120 1086 282 1167 sententia,
302 1095 416 1154 mutata
432 1086 582 1153 orationis
598 1083 855 1164 conformatione,
873 1082 1028 1151 versiculo
1045 1085 1088 1151 ib
1105 1083 1301 1172 exprimitur.

121 1208 226 1276 Voces
257 1231 317 1273 απο
349 1232 513 1301 προσωπου
545 1208 684 1276 referunt
716 1207 935 1276 Hebraismum
964 1221 1043 1292 rapo.
1074 1207 1191 1275 Sensus
1223 1217 1304 1276 ost:

120 1331 262 1419 Apostoli
279 1351 297 1398 a
312 1331 465 1419 Syuedrio
483 1332 612 1421 digressi
630 1342 714 1414 sunt,
732 1332 920 1414 laetabundi,
939 1333 1024 1422 quudd
1044 1332 1158 1420 dignati
1177 1332 1307 1401 inissent

120 1451 377 1543 (κατηξιωθησαν)
394 1454 455 1524 boc
474 1455 610 1535 honore,
633 1468 667 1523 ut
685 1467 813 1545 propter
828 1455 917 1548 (ὑπερ
935 1456 974 1524 de
990 1477 1083 1525 eausa
1099 1459 1135 1523 ob
1151 1479 1257 1544 qurum,
1275 1467 1309 1523 ut

122 1581 194 1646 Act.
213 1580 292 1646 XXl
312 1603 320 1645 ε
343 1582 403 1658 15;
423 1581 515 1646 Rom.
535 1580 625 1648 XV:
645 1581 685 1659 83
704 1579 844 1669 Philipp.
862 1583 898 1646 l:
921 1583 982 1665 29)
1003 1583 1106 1649 lesum
1123 1580 1309 1650 contumelia

121 1701 332 1771 afficerentur.
363 1703 495 1790 Elegaus
518 1713 566 1770 est
589 1702 642 1772 hic
665 1701 832 1796 οξυμωρον.
858 1703 936 1772 Sunt
962 1705 1044 1772 enim
1067 1705 1126 1773 sibi
1155 1705 1310 1773 contraria

123 1825 331 1902 atrobatensi
351 1827 566 1913 ατιμαζεσθαι.

172 2070 226 2135 ld.
247 2068 348 2134 Omni
361 2079 466 2134 autem
483 2067 564 2154 die).
579 2068 699 2137 Graece
712 2093 814 2134 πασαν
827 2093 858 2134 τε
869 2071 985 2161 ἡμεραν
998 2072 1075 2161 (olle
1087 2070 1218 2159 dapem),
1234 2091 1308 2157 quo-

124 2194 214 2257 tidie.
230 2193 286 2259 list
299 2190 351 2258 bio
365 2194 542 2276 Proiecti05
557 2212 627 2259 nam
641 2193 732 2260 verba
746 2195 793 2262 sio
805 2194 1013 2262 construenda
1025 2205 1097 2262 suat
1112 2220 1120 2262 ε
1136 2218 1202 2258 oure
1219 2217 1313 2258 επαυ-

122 2336 217 2378 σαντο
233 2336 338 2378 macca
353 2314 468 2403 ἡμεραν
485 2337 514 2377 εν
531 2337 575 2400 τῳ
593 2320 661 2406 ἰερῳ
683 2341 735 2379 και
759 2322 826 2380 κατ’
844 2340 924 2381 araon
948 2312 1158 2396 ὃιὸασκοντες,
1177 2341 1207 2379 κ.
1226 2341 1256 2380 τ.
1276 2316 1310 2384 λ.

122 2440 174 2505 De
191 2441 390 2505 Traiectiooe
408 2438 523 2506 videsis
546 2441 604 2509 Gr.
624 2460 694 2529 pag.
715 2443 794 2521 bid,
813 2441 898 2508 etde
915 2441 1105 2530 Participiis‚
1129 2439 1181 2508 bic
1198 2442 1313 2510 iunctis

124 2564 221 2632 verbo
247 2565 368 2644 Finito,
386 2563 463 2630 ibid.
488 2585 558 2653 pag.
585 2567 663 2633 569.
683 2567 732 2632 De
749 2567 905 2634 locutione
928 2571 994 2630 κατ’
1020 2591 1101 2631 oreon
1125 2567 1241 2635 dictum
1269 2578 1317 2635 est

127 2707 224 2776 supra
250 2687 290 2754 ad
318 2688 394 2776 Cap.
417 2688 549 2756 11:46.
580 2689 698 2757 Sensus
729 2702 777 2759 est
796 2715 804 2757 ε
823 2691 933 2778 Neque
960 2691 1024 2758 ullo
1053 2691 1103 2759 die
1131 2691 1314 2759 intermitte-

127 2814 217 2894 bant,
237 2813 361 2903 publice
378 2814 408 2880 in
425 2814 560 2903 templo,
579 2826 609 2881 et
626 2817 770 2904 privatim
787 2817 817 2883 in
835 2816 980 2884 domibus
1004 2817 1184 2905 praedicare
1209 2819 1313 2886 lesum

131 2938 293 3005 Messiam.

494 3229 670 3304 CAPUT
721 3228 964 3303 sextum.

133 3429 326 3478 Aacunennoar.
345 3426 426 3493 Capta
438 3428 571 3480 occasione
581 3441 615 3478 ex
627 3426 740 3493 quadam
756 3424 862 3492 querela
876 3424 1078 3476 ilelionistarum
1089 3421 1216 3475 adversus
1226 3421 1319 3474 Chris·

168 3511 252 3561 tianos
263 3525 297 3561 ex
309 3510 446 3573 Hebraeis,
461 3511 576 3577 Apostoli
593 3511 720 3563 Diaconos
738 3509 897 3568 instituunt,
915 3522 955 3559 vs.
971 3509 1046 3558 t-o.
1067 3507 1155 3569 Pergit
1172 3520 1212 3557 res
1229 3505 1320 3558 Chris-

168 3594 237 3644 tiana
251 3607 360 3658 magnos
376 3594 493 3660 quotidie
512 3594 597 3646 iacere
613 3593 807 3658 Hierosolymae
824 3605 987 3658 progressus,
998 3590 1088 3641 multis
1099 3602 1152 3641 non
1166 3603 1200 3640 ex
1212 3588 1322 3654 plebeiis

169 3679 282 3737 tantum,
294 3689 386 3728 verum
398 3677 476 3727 etiam
486 3676 707 3728 consacerdotibus
718 3675 884 3727 ludaeorum.
896 3673 975 3724 fidem
986 3671 1080 3724 Christi
1091 3669 1322 3736 amplectentibus,

169 3772 208 3810 us.
219 3760 243 3810 t.
256 3758 340 3821 Quam
354 3773 448 3824 magna
459 3759 561 3811 dicendi
571 3760 596 3809 vi
608 3759 734 3811 adversus
743 3757 952 3810 contradicentes
964 3755 1091 3822 quosdam
1105 3753 1214 3805 ludaeos
1225 3753 1321 3805 deien-

170 3839 209 3891 dit
219 3840 387 3893 diaconorum
400 3855 483 3902 unus,
497 3840 660 3907 Stephanus;
672 3841 724 3903 cui,
738 3853 821 3906 quum
834 3840 856 3891 ei
870 3839 989 3890 resistere
1002 3850 1054 3889 non
1066 3839 1182 3902 possent,
1196 3835 1322 3903 blasphe-

171 3923 236 3974 miae
248 3924 346 3975 crimen
360 3923 519 3989 impingunt,
532 3937 655 3989 eumque,
673 3923 824 3989 compositis
839 3922 966 3974 adversus
976 3920 1050 3971 iilum
1067 3918 1138 3972 loisis
1150 3919 1276 3982 testibus,
1290 3919 1323 3971 ad

173 4005 330 4070 Synedrium
342 4004 518 4072 pertrahunt,
533 4020 571 4057 vs.
584 4006 677 4057 8-t5.

190 4187 219 4253 i.
244 4186 288 4252 Ic
306 4187 415 4252 diebos
437 4196 542 4251 atatem
562 4187 645 4265 iliis,
663 4184 755 4271 etc).
774 4184 954 4273 Respicitur
975 4196 1097 4273 tempus
1114 4235 1122 4265 ,
1137 4183 1221 4273 quod
1244 4182 1324 4251 indi·

142 4323 242 4378 catum
259 4310 316 4379 luit
333 4311 488 4380 versiculo
515 4311 624 4378 ultimo
652 4310 821 4397 antegressi
850 4311 980 4400 Capitis.
1008 4312 1091 4398 Ergo
1115 4330 1226 4378 sensus
1247 4321 1322 4376 est:

143 4435 203 4498 Per
218 4433 250 4500 id
267 4445 407 4522 tempus,
426 4454 522 4525 quum
539 4432 702 4523 Apostoli,
720 4452 738 4498 e
753 4451 881 4499 carcere
897 4432 1039 4513 liberati,
1058 4432 1220 4510 continue,
1239 4429 1326 4498 nullo

1134 4557 1173 4615 il)
