3074 5054
415 417 554 485 CAPUT
591 416 637 495 ll,
675 415 797 484 Vnus.
836 413 985 484 58—tt.
1263 418 1308 485 rt

117 620 191 667 cum
214 600 347 690 artic),
373 621 408 667 ea
424 600 545 668 scilicet
568 619 660 687 quam
681 598 773 665 modo
796 618 834 664 ex
853 599 938 666 lodie
960 600 1163 681 recitaverat,
1188 613 1309 691 spectat

117 741 175 788 vos
190 722 291 810 (itura,
309 745 438 802 τεκνοις,
467 719 563 801 πάσι,
590 720 693 786 Dativi
719 731 792 787 sunt
814 720 1017 809 directionis)
1040 731 1071 788 et
1095 720 1214 808 prolem
1237 741 1307 789 res·

117 856 198 911 tram
222 843 377 932 (τεκνοις),
396 854 426 910 et
442 863 549 909 omnes
565 846 623 928 qui
649 846 739 925 tanae
762 854 856 925 suat,
875 863 985 930 graece
1005 868 1012 910 :
1030 866 1092 917 τοις
1109 865 1151 917 εις
1170 866 1304 933 pauper,

116 965 231 1054 supple
257 988 363 1054 χωραν
388 988 470 1030 ουσι.
503 966 560 1031 llis
588 964 803 1052 intelliguntur
830 985 892 1032 non
921 965 1078 1045 Gentiles,
1112 965 1166 1033 sed
1199 966 1304 1034 ludaei

116 1089 262 1156 absentes
279 1101 310 1156 et
322 1090 433 1178 procul
451 1088 642 1168 habitantes;
664 1099 694 1154 et
716 1109 789 1155 vero
811 1089 980 1178 promissio
1003 1089 1056 1155 illa
1077 1090 1206 1177 proprie
1227 1089 1305 1156 lacta

116 1223 184 1277 erat
205 1211 345 1290 ludaeis,
371 1232 431 1277 non
455 1230 529 1277 vero
552 1210 742 1279 Gentilibus.
767 1211 881 1277 Confer
903 1230 982 1300 quae
1004 1211 1190 1298 scripsimus
1210 1232 1305 1299 supra

114 1333 157 1401 ad
172 1354 220 1400 vs.
241 1337 296 1414 l7,
315 1354 386 1423 pag.
403 1337 458 1401 55.

162 1477 371 1543 qraorauuupue
386 1461 585 1522 advocaverit
601 1459 779 1541 Dominus,
806 1456 897 1542 cet).
924 1456 1113 1537 «Ecclesia,
1139 1458 1302 1545 proprium

114 1594 227 1643 nomen
244 1579 315 1643 novi
333 1580 541 1657 Testamenti,
560 1579 641 1646 dicta
657 1579 696 1647 ab
713 1577 864 1658 canalem,
886 1592 932 1647 est
947 1583 1103 1663 evocatio,
1124 1599 1179 1646 seu
1197 1591 1302 1644 coetus

114 1711 333 1783 evocatorum,
358 1701 430 1788 quia
452 1721 543 1766 nemo
564 1699 702 1788 adiungit
718 1722 752 1769 se
769 1701 807 1768 ad
829 1701 913 1769 hunc
931 1703 1082 1791 populum
1106 1722 1162 1789 per
1178 1722 1212 1768 se
1228 1722 1300 1789 pro·

115 1819 224 1904 priore
242 1821 409 1898 instinctu,
433 1821 487 1887 sed
511 1835 639 1888 vocante
659 1824 860 1910 pergratiam
881 1826 1132 1912 praevenientem
1156 1824 1243 1902 Deo,
1269 1835 1303 1890 ut

115 1953 280 2029 propterea
301 1945 392 2010 toties
414 1944 530 2011 Paulus
554 1946 693 2011 nominet
715 1944 910 2011 Christianos
932 1944 1078 2022 κλητους,
1103 1957 1245 2028 aoratos,
1270 1946 1301 2011 in

114 2061 259 2129 omnibus
276 2063 341 2130 fere
354 2065 506 2152 epistolis.
526 2093 539 2122 r
564 2066 699 2132 Larinus
712 2063 750 2130 ad
767 2064 801 2132 b.
821 2065 842 2131 l.

162 2306 216 2370 to.
243 2304 315 2370 Vox
334 2301 550 2395 διεμαρτυρετο
572 2305 672 2392 (vulg.
697 2309 881 2389 testificatus
905 2304 965 2388 est)
989 2303 1042 2372 bic
1061 2304 1143 2370 valet
1158 2309 1297 2388 edocuit,

113 2435 149 2490 ut
166 2444 275 2491 sensus
293 2427 334 2491 sit
354 2451 361 2492 :
381 2426 512 2513 aliisque
529 2424 672 2514 pluribus
695 2426 800 2493 verbis
819 2445 873 2491 eos
894 2424 1062 2503 edocebat,
1081 2435 1154 2513 puta
1171 2444 1204 2490 ea
1223 2442 1302 2511 quae

112 2547 153 2612 ad
181 2545 275 2613 fidem
307 2547 515 2614 Christianam
544 2549 747 2636 pertinerent.
781 2546 924 2614 Verbum
956 2543 1208 2634 drapaprapopat
1242 2546 1302 2612 boc

112 2688 209 2735 sensu
233 2668 345 2756 legitur
363 2668 445 2758 apud
472 2671 579 2747 LXX,
610 2669 711 2736 Exod.
738 2670 847 2737 XVlll
870 2693 878 2734 r
905 2671 967 2748 20,
993 2676 1086 2756 atque
1111 2668 1203 2732 etiam
1227 2668 1298 2732 Act.

112 2790 191 2857 Vlll
208 2815 216 2855 ι
233 2794 296 2870 25,
313 2791 366 2858 ubi
390 2788 674 2881 διαμαρτυραμενοι
694 2801 851 2878 tamquam
864 2810 924 2856 von
937 2786 1151 2876 aequipollens
1165 2787 1302 2873 iungitur

112 2912 210 2979 verbo
232 2910 430 2987 λαλησαντες.
455 2914 503 2979 Cf.
531 2914 621 2979 etiam
646 2913 718 2979 act.
742 2913 1013 2993 x2l23XV111
1035 2935 1042 2976 :
1064 2914 1103 2989 53
1123 2912 1187 2977 XX
1207 2935 1215 2974 ε
1237 2912 1297 2989 25;

113 3034 213 3102 Hebr.
237 3038 266 3103 ll
287 3039 344 3102 :6.
367 3012 475 3124 ltaque
499 3038 599 3102 Lucas
619 3035 672 3103 bic
689 3036 805 3115 innuit,
824 3056 858 3102 sc
878 3055 939 3101 non
965 3035 1103 3120 integros
1125 3033 1209 3099 Petri
1234 3052 1300 3098 ser-

112 3175 222 3223 mones
245 3157 405 3238 recitasse,
435 3158 670 3245 longioremque
698 3158 795 3224 iuisse
821 3157 961 3224 eiusdem
990 3155 1180 3222 catechesin.
1207 3152 1297 3221 Conl.

112 3276 245 3344 Salmer.
259 3281 367 3346 Tract.
387 3280 465 3347 XlV
482 3280 513 3345 in
530 3280 601 3346 Act.
620 3283 683 3367 Ap.

158 3403 343 3486 salvamini)
366 3403 486 3469 Graece
509 3403 623 3475 σωθητε
646 3403 737 3489 (Aor.
757 3404 847 3470 Pass.
870 3423 942 3469 cnm
967 3401 1093 3468 notione
1116 3400 1202 3468 Med.
1221 3400 1297 3470 Vid.

110 3521 170 3587 Gr.
197 3541 267 3610 pag.
295 3525 373 3603 266,
404 3524 452 3611 ὅ).
484 3524 539 3590 Est
564 3534 666 3590 autem
695 3525 807 3598 σωθητε
835 3548 896 3588 auo
924 3523 1040 3590 dictum
1066 3533 1296 3608 praeponatur.

111 3647 228 3714 Sensus
244 3660 291 3714 est
311 3672 318 3713 :
338 3648 458 3715 Salvatc
475 3650 592 3715 animas
615 3660 750 3725 vestras,
775 3653 970 3734 seprepaudo
989 3671 1041 3716 aas
1057 3669 1114 3737 per
1131 3648 1298 3737 professio-

113 3789 182 3834 nem
200 3769 271 3836 [idei
290 3769 486 3836 Christianae
504 3781 534 3836 et
549 3771 780 3858 susceptionem
799 3770 943 3860 baptismi
963 3771 1001 3835 ob
1014 3773 1076 3836 isto
1089 3791 1191 3854 procu
1206 3791 1298 3852 peue-

113 3897 254 3976 ratione,
286 3893 325 3959 ab
355 3893 460 3980 impiis
487 3904 517 3959 et
541 3893 711 3960 incredulis
740 3893 945 3982 popularibus
970 3893 1081 3959 vestris
1111 3893 1296 3960 coaetaneis.

114 4015 183 4080 Vox
198 4039 283 4102 parea
297 4015 412 4102 passim
430 4014 475 4101 (v.
491 4035 522 4101 g.
539 4013 650 4080 ltlatth.
665 4016 712 4080 Xl
733 4039 740 4080 :
761 4018 822 4093 lti;
842 4017 920 4082 Luc.
936 4016 997 4083 Vll
1018 4039 1026 4080 ι
1047 4015 1104 4098 51)
1121 4014 1167 4079 sic
1184 4013 1298 4081 dicitur

113 4135 151 4201 tle
166 4137 347 4201 laomircibus
363 4139 420 4219 qui
435 4155 519 4199 urano
535 4146 668 4200 aetatem
684 4149 795 4218 optant.
1306 4132 1309 4138 ’

157 4362 212 4427 tt.
240 4360 304 4437 Qui
329 4383 401 4443 erpo
426 4372 613 4445 receperunt
636 4385 814 4431 sermonem
842 4363 937 4450 eius).
958 4365 1105 4431 Graece:
1126 4366 1224 4447 oium
1246 4384 1320 4423 aar·
