3074 5054
182 369 246 435 176
548 365 682 434 ACTUS
704 366 1034 447 apostotorum,

187 587 201 618 «
226 557 307 623 Hinc
322 554 511 636 ostenditur,
529 557 651 640 inquit,
672 557 779 623 Mosen
796 575 857 622 non
881 556 948 622 sinc
970 555 1125 623 voluntate
1149 556 1271 636 divina,
1286 558 1364 626 sihi

180 679 318 767 cognita,
338 678 509 765 sumpsisse
532 676 591 743 sihi
621 688 801 765 potestatem
824 676 998 745 vindicandi
1024 678 1172 767 poputum
1195 699 1286 746 suurn
1312 679 1351 747 de

179 804 381 894 oppressione
407 804 642 892 Aegyptiorum.
660 804 739 871 Nam
764 805 903 893 quamvis
919 805 950 872 id
968 806 1100 873 Hebraei
1119 827 1179 873 non
1196 806 1350 895 iutellige-

179 938 265 1009 rent,
291 929 357 1018 ipse
377 938 477 995 tamen
506 928 566 995 iam
593 939 658 996 tum
687 928 890 1016 intelligebam
916 929 1049 1018 ideoque
1069 928 1178 997 caedes
1202 930 1349 1018 Aegyptii

179 1051 261 1119 licite
285 1062 314 1119 et
337 1072 408 1118 cum
432 1061 580 1140 potestate
596 1051 634 1119 ah
651 1071 687 1119 eo
703 1049 780 1119 tacta
797 1052 942 1119 videtur.
962 1081 976 1111 »
999 1054 1077 1120 Cum
1094 1053 1180 1120 Estin
1197 1053 1271 1121 tacit
1286 1054 1350 1121 Lo-

179 1175 266 1241 rinus
282 1175 325 1260 (in
342 1177 412 1241 Act.
431 1175 489 1262 Ap.
508 1174 546 1241 ad
562 1172 595 1241 h.
614 1173 671 1262 h),
690 1175 742 1263 qui
759 1174 797 1242 ad
815 1174 898 1241 hunc
913 1175 1102 1243 versiculum
1119 1174 1195 1243 haec
1211 1176 1347 1244 scribit:

186 1297 328 1366 «Verba
356 1297 451 1378 haec,
470 1301 589 1382 inquit,
618 1295 764 1365 dicuntur
790 1317 806 1364 a
835 1296 989 1387 Stephano
1017 1310 1145 1388 propter
1167 1311 1350 1389 sequentem

178 1422 354 1500 historiam,
386 1423 416 1488 in
445 1442 506 1510 qua
540 1421 782 1510 deprehenditur
817 1423 988 1511 pervicacia
1016 1434 1046 1490 et
1073 1423 1258 1512 ingratitudo
1282 1425 1349 1491 He-

178 1546 341 1614 braeorum
366 1545 513 1613 adversus
534 1546 729 1613 liberatorem
746 1567 855 1627 suum,
874 1545 1084 1635 deputantium
1101 1546 1243 1635 Aegyptii
1262 1547 1348 1614 occi-

177 1671 296 1738 sionem
312 1669 478 1738 iurihuudo
503 1671 601 1738 Mosis
623 1670 707 1751 zelo,
726 1691 786 1739 non
808 1671 906 1738 amori
924 1691 995 1759 erga
1018 1682 1138 1759 gentem
1159 1690 1264 1752 suam,
1283 1682 1348 1738 eta

177 1796 245 1862 Deo
273 1805 418 1884 acceptae
444 1795 664 1862 auctoritati.»
691 1794 867 1863 Praciverat
890 1795 924 1862 S.
953 1795 1159 1883 Augustinus,
1184 1795 1237 1884 qui
1268 1794 1348 1863 haec

178 1919 324 2009 Stephani
351 1918 445 1987 verba
471 1919 689 1996 considerans,
711 1919 752 1985 ita
775 1918 943 2009 scripserat
969 1921 1110 2009 (Quaest.
1141 1939 1212 2008 sup.
1241 1919 1345 1987 Exod.

178 2044 306 2128 Quaest.
324 2044 379 2129 ht:
406 2072 419 2102 e
443 2041 587 2123 Videtur,
612 2044 734 2128 inquit,
753 2063 810 2131 per
836 2042 897 2110 hoc
919 2042 1128 2110 testimonium
1152 2044 1256 2109 Moses
1283 2041 1347 2110 iam
1375 2136 1378 2142 Ι

179 2166 325 2235 divinitus
341 2165 531 2245 admonitus,
553 2165 636 2255 quod
651 2165 811 2257 Scriptura
827 2187 862 2234 eo
879 2166 947 2234 ioco
963 2165 1079 2256 (Exod.
1094 2169 1170 2257 Cap.
1188 2166 1236 2256 ΙΙ)
1251 2177 1346 2250 tacet,
1366 2142 1374 2170 ³

177 2291 257 2358 inste
281 2290 399 2358 facinus
424 2289 500 2357 illud
528 2289 640 2358 audere
661 2290 809 2379 potuisse.
833 2318 847 2348 »
869 2292 936 2358 Nec
958 2289 1033 2357 huic
1055 2290 1223 2358 sententiae
1245 2290 1349 2359 obstat

177 2414 260 2505 qnod
276 2415 392 2507 (Exod.
411 2416 487 2504 Cap.
502 2415 531 2481 li
551 2436 559 2476 ε
581 2414 638 2503 m)
660 2416 763 2482 Moses
786 2413 862 2480 iliud
879 2413 997 2480 facinus
1012 2423 1213 2481 attentaturus
1229 2413 1346 2482 dicitur

176 2543 236 2608 huc
260 2552 352 2626 atque
367 2543 443 2607 ittuc
457 2542 712 2623 circumspectam
718 2588 731 2622 ,
750 2548 784 2605 ut
799 2537 934 2618 videret,
952 2557 989 2604 an
1014 2538 1081 2604 sine
1105 2547 1182 2605 teste
1202 2558 1268 2604 rem
1289 2557 1346 2628 pa-

176 2673 259 2729 trare
276 2674 397 2751 posset3
415 2682 503 2743 nam,
524 2673 558 2729 ut
574 2672 678 2729 monet
692 2662 873 2729 Frassenius
891 2662 1071 2751 (Disquisit.
1091 2662 1121 2729 in
1138 2660 1345 2729 Pentateuch.

176 2787 215 2854 ad
227 2787 260 2855 h.
275 2785 326 2868 1.),
344 2808 404 2857 non
421 2785 574 2853 erathaec
594 2806 668 2854 cura
684 2786 833 2854 indicium
849 2787 953 2875 operis
970 2785 1151 2867 malefacti,
1170 2786 1224 2855 sed
1240 2785 1345 2853 homi-

176 2912 225 2981 nis
253 2911 420 3001 prudenter
446 2910 580 2999 agentis3
606 2931 677 2978 cum
701 2911 782 2978 enim
806 2909 942 2991 videret,
969 2922 1089 2999 tempus
1112 2908 1249 2977 nondum
1273 2929 1346 2977 esse

177 3048 384 3127 opportunum
395 3047 430 3103 ut
445 3036 533 3103 tieret
553 3035 676 3125 publica
700 3035 731 3101 iu
744 3035 926 3123 Aegyptios,
950 3034 1164 3101 Hebraeorum
1181 3044 1344 3120 tyrannos,

175 3161 419 3240 animadversio,
445 3159 528 3250 quod
552 3160 635 3227 licite
658 3159 759 3226 iacere
775 3159 891 3247 potuit,
911 3168 998 3224 caute
1014 3158 1126 3239 voluit3
1146 3177 1184 3223 ne
1199 3155 1346 3245 Aegyptii

177 3285 237 3352 hoc
252 3283 363 3351 sactum
388 3284 565 3363 audientes,
583 3281 742 3348 crudelius
758 3281 789 3346 in
807 3280 964 3347 Hebraeos
987 3280 1158 3359 saevirent,
1177 3299 1253 3346 neve
1276 3279 1347 3367 ipse

176 3407 348 3497 periculum
365 3406 475 3496 capitis
490 3405 673 3473 incurreret.

220 3653 276 3720 26.
300 3650 453 3736 Sequenti
475 3671 549 3716 vero
568 3653 635 3733 ote,
654 3647 746 3738 etc).
774 3646 859 3739 Ωφθη
882 3670 982 3722 aurore
1006 3670 1189 3734 μαχομενοις
1212 3665 1268 3736 pro
1285 3646 1346 3711 ὑπο

174 3798 273 3839 curma
290 3774 373 3863 (scil.
399 3770 552 3866 αδελφων)
570 3794 772 3860 μαχομενων,
790 3783 823 3839 ut
843 3792 937 3861 supra
960 3773 1037 3861 Cap.
1057 3774 1109 3839 ll:
1129 3775 1149 3841 5
1168 3792 1176 3833 2
1197 3773 1221 3837 tt
1235 3775 1287 3856 stet
1303 3793 1347 3837 vta

173 3922 237 3984 par
258 3904 340 3966 deuon
363 3903 399 3965 de
421 3921 467 3966 ses
488 3902 608 3984 freres,
627 3902 683 3984 pai
704 3922 735 3966 sc
754 3900 914 3966 hottnicot.
933 3899 1046 3965 Confer
1069 3898 1169 3965 Exod.
1188 3898 1264 3988 Cap.
1282 3885 1343 3966 11':

178 4029 236 4106 15,
262 4028 319 4107 tr;
345 4045 429 4106 rem,
456 4033 560 4112 utpote
587 4034 708 4102 uotam,
734 4023 906 4113 Stephanus
928 4044 989 4091 nou
1012 4023 1184 4090 distinctius
1208 4034 1344 4091 enarrat.

176 4146 280 4216 Verba
296 4147 402 4213 Latina
418 4170 426 4212 :
445 4155 474 4210 et
489 4147 707 4213 reconciliabat
723 4167 773 4212 eos
791 4148 826 4211 in
846 4168 936 4231 pace,
962 4144 1037 4233 quid
1060 4145 1119 4213 sihi
1144 4144 1256 4225 veiint,
1270 4147 1347 4214 satis

179 4309 338 4320 ——n

207 4411 227 4479 ¹)
238 4411 296 4464 vid.
308 4411 408 4465 Estium
421 4412 449 4463 in
461 4411 508 4465 loc.
519 4411 616 4464 difficit.
630 4412 663 4465 ad
675 4411 702 4464 h.
714 4411 733 4464 1.
