3074 5054
451 377 588 444 CAPUT
624 377 736 458 XXV,
774 378 896 448 Vnus.
935 379 1082 446 nn—nt.
1297 377 1361 443 555

178 580 253 662 quui
269 570 321 639 hic
336 570 499 635 nobiscnm
519 570 634 634 adestis
652 572 873 661 (συμπαροντες
888 567 973 656 ipen)
991 569 1068 646 viri,
1087 589 1191 637 uorum
1205 567 1293 636 vobis
1310 566 1362 633 hio

178 700 306 764 cernitis
323 693 484 785 (Θεωρειτε)
506 696 665 758 hominem
684 717 755 760 eum
774 693 925 784 (τουτον),
946 705 1079 778 propter
1092 693 1186 784 (περι,
1212 702 1245 760 ut
1266 711 1362 780 supra

178 821 253 910 Gap.
274 820 355 887 ΧΙΧ
371 820 427 903 ⁶23)
450 837 542 906 quem
561 826 622 883 tota
641 818 805 886 multitudo
827 816 1011 885 ludaeorum
1031 837 1081 883 me
1097 827 1157 884 tam
1179 815 1362 901 Hierosoly·
1419 881 1421 886 .

178 965 261 1026 mae,
287 964 382 1030 queam
398 945 455 1008 itoo
478 944 512 1008 in
537 943 602 1008 ioco
619 941 682 1022 (και
705 938 819 1024 evanue)
836 954 1049 1009 eooeoeneromt
1067 948 1242 1034 (ενετυχον),
1260 939 1360 1008 acola-

178 1077 311 1146 mantes‚
330 1085 420 1146 eum,
439 1075 473 1132 ut
489 1062 646 1131 hominem
661 1065 854 1154 pestilentem
873 1067 964 1155 (Cap.
984 1067 1095 1135 XXiV
1111 1091 1119 1134 ε
1138 1064 1187 1146 5),
1206 1064 1274 1133 neoi
1292 1085 1360 1132 esse

178 1183 359 1257 tradendum
372 1209 429 1256 ueo
441 1189 575 1277 amplius
588 1188 691 1255 vivere
708 1201 863 1279 oportere.
884 1191 948 1277 Ego
961 1209 1035 1256 vero
1047 1211 1145 1275 qurum
1161 1201 1264 1255 niente
1278 1210 1361 1255 cone·

175 1315 410 1397 protendissem
427 1307 690 1400 (noreiessopemg
708 1313 782 1378 Aur.
802 1310 905 1401 ulad.)
922 1311 955 1378 h.
971 1331 1000 1378 e.
1017 1315 1251 1397 comperissem,
1271 1311 1359 1378 intei-

178 1436 334 1515 lexissem‚
349 1455 419 1501 eum
437 1434 514 1502 nihil
530 1445 630 1501 morte
646 1433 773 1523 dignum
789 1438 898 1521 secisse
911 1434 1138 1527 (πεπραχεναι),
1154 1445 1183 1501 et
1195 1457 1292 1521 quum
1307 1439 1361 1503 itte

179 1565 243 1644 ipse
264 1557 303 1625 ad
320 1559 492 1646 Augustum
509 1561 700 1642 appellasset
720 1567 823 1647 (auron
840 1581 946 1622 τουτου
963 1556 1248 1644 επικαλεσαμενου),
1268 1559 1359 1625 statui

177 1705 246 1752 eum
268 1686 304 1751 eo
323 1684 455 1751 mittere.
475 1685 593 1752 Verum
612 1683 688 1751 oerti
702 1681 819 1771 aliquid
837 1681 922 1771 quod
938 1683 976 1751 de
992 1683 1053 1751 hoo
1069 1684 1136 1750 viro
1153 1685 1288 1749 Domino
1305 1685 1359 1770 (τῳ

177 1813 295 1903 Κυριῳ)
317 1811 497 1899 Imperatori
512 1808 665 1886 scribam,
685 1828 746 1874 uon
770 1807 881 1875 habeo.
906 1810 1105 1898 Quapropter
1129 1807 1262 1897 produxi
1288 1829 1358 1877 eum

177 1957 285 2001 eorum
309 1937 394 2000 vobio
417 1939 472 2025 (ep’
496 1932 611 2019 ἡμων),
637 1944 667 2000 et
691 1933 858 2022 praecipue
882 1955 987 2001 eoram
1011 1945 1056 2011 te,
1083 1954 1174 2002 orex
1200 1935 1356 2024 Agrippa,

177 2068 228 2138 ut,
259 2057 459 2146 inquisitione
491 2057 588 2137 faeta,
622 2060 767 2122 tonberon-e
799 2061 882 2143 qnod
912 2058 1077 2124 scriberem
1108 2057 1198 2138 (ὁπως
1230 2065 1298 2144 σχῶ
1330 2082 1359 2120 τι

177 2180 311 2272 γραψω).
335 2182 414 2248 Nam
437 2184 609 2248 obstandum
633 2179 765 2271 (αλογον)
790 2180 866 2248 mihi
893 2180 1026 2263 videtur,
1045 2203 1128 2266 enen,
1148 2186 1203 2268 qni
1219 2186 1358 2249 uinctum

178 2306 320 2390 utiquam
341 2308 437 2371 mittit
463 2314 632 2396 (πεμποντα
661 2299 812 2390 δεσμιον),
828 2327 901 2380 ,ποθι
926 2309 1022 2370 etium
1051 2310 1104 2392 (μη-
1128 2305 1190 2386 και)
1218 2311 1358 2374 suintino

178 2441 291 2498 contra
306 2451 377 2495 enm
394 2429 459 2512 (τας
476 2435 542 2495 κατ’
558 2453 652 2494 αυτου
669 2429 780 2509 αιτιας)
796 2430 896 2499 delata
916 2432 1102 2519 significare.

224 2555 426 2643 Εντυγχανειν
444 2577 519 2635 τινι,
544 2558 727 2640 convenire,
750 2559 842 2622 odire
864 2559 1014 2642 ntiquom.
1034 2557 1239 2644 Hesychius:
1259 2582 1360 2650 europ-

176 2697 275 2763 χανει·
302 2699 515 2768 προσερχεται.
539 2715 583 2725 -
608 2678 641 2742 ln
665 2676 855 2745 dictionem
880 2677 1032 2754 πληθος...
1053 2703 1190 2766 steropen
1213 2692 1259 2748 est
1284 2702 1357 2748 oon·

177 2802 306 2870 structio
323 2805 365 2868 od
377 2824 515 2869 sensum.
530 2840 574 2850 -
592 2804 725 2867 Domini
742 2810 805 2892 (του
816 2802 946 2892 Kopion)
963 2803 1201 2893 appeliationem
1219 2803 1263 2886 (ut
1279 2806 1357 2873 seri-

177 2926 222 2994 bit
242 2925 408 2994 Suetonius
431 2926 460 2992 iu
487 2928 560 2992 Vite
584 2925 668 3010 Ano.
691 2926 768 3014 Cap.
789 2928 830 2994 55
854 2936 884 2993 et
904 2927 933 2993 iu
959 2928 1032 2993 Vita
1058 2929 1180 2994 Tiberii
1203 2931 1279 3019 Cap.
1299 2928 1357 3014 27)

177 3054 337 3139 Augustus
354 3062 384 3118 et
404 3050 550 3118 Tiberius
575 3052 795 3141 repudiarunt3
823 3053 1021 3142 insequentes
1049 3074 1122 3123 vero
1151 3055 1358 3144 Imperatores

177 3195 244 3242 eam
269 3173 471 3242 admiserunt.
501 3175 669 3243 Traianum
692 3176 812 3243 Plinius
841 3178 1023 3266 saepissime
1050 3179 1091 3246 ita
1117 3179 1295 3269 appellavit.
1314 3216 1356 3229 -

170 3298 277 3364 Αιτιαι
295 3299 316 3366 i.
337 3319 369 3386 q.
390 3319 483 3387 supra
501 3301 559 3383 (vs.
580 3297 613 3380 7)
630 3323 814 3386 αιτιωματσ..
