3074 5054
180 360 247 426 ato
538 355 673 424 Actus
707 356 1040 440 APOSTOLORUM,

168 576 224 595 ·—
236 546 373 633 Ονοματι
388 555 434 612 est
450 545 481 611 in
495 544 607 611 Dativo
620 545 813 631 Relationie,
829 559 863 615 ut
879 556 990 614 vocant
1006 546 1220 615 Grammatici.
1241 548 1364 614 Aeneas

180 670 231 737 ille
250 670 288 737 ab
304 668 366 758 (εκ)
391 679 459 736 octo
483 669 543 734 iam
564 669 652 736 annis
674 669 879 738 decumbebat
899 671 930 736 in
956 670 1102 757 grabato,
1122 690 1217 757 quum
1241 669 1364 758 paraly-

179 791 259 858 ticus
285 803 377 858 esset.
399 792 447 856 De
464 810 539 857 voce
555 789 801 880 παραλελυμενος
818 793 932 861 videsis
950 812 1029 881 quae
1045 803 1190 859 notantur
1206 810 1303 880 supra
1321 791 1362 858 ad

179 915 256 1002 cap.
274 914 352 981 vm
373 938 381 979 :
401 916 433 981 e.
453 893 455 896 ’

225 1156 280 1222 54.
306 1157 351 1220 Et
378 1160 425 1221 oit
450 1159 543 1224 itti...
567 1171 659 1224 sonet
682 1171 710 1224 te
735 1163 909 1244 Dominus,
935 1159 1027 1247 etc).
1052 1160 1155 1226 Sareot
1182 1170 1216 1225 ut
1241 1159 1364 1226 Graece

180 1302 281 1355 ιαται,
309 1279 339 1344 in
361 1279 545 1348 ludicatiro.
569 1283 653 1350 Beue
675 1284 838 1352 Cornelius
865 1311 871 1351 :
905 1314 918 1343 r
942 1285 1083 1351 Assertio
1109 1284 1213 1365 Petri,
1236 1285 1361 1366 inquit,

178 1402 302 1470 tacitam
331 1403 467 1470 continet
494 1404 720 1472 invocationem
750 1407 886 1486 Christi,
917 1407 1006 1474 cuius
1027 1407 1140 1473 virtute
1167 1416 1292 1472 sanatus
1316 1416 1366 1472 est

178 1527 343 1594 Aeneas»
370 1526 466 1594 Addit
488 1529 600 1596 Petrus
619 1550 627 1591 :
646 1530 754 1598 Statim
777 1533 912 1620 surgito,
930 1545 962 1599 et
981 1543 1044 1598 terte
1068 1535 1133 1615 ipre
1156 1531 1214 1596 tibi
1228 1534 1364 1597 sternito

179 1651 292 1716 lectum
308 1650 460 1739 (στρωσον
477 1673 596 1736 ocavto>
614 1654 684 1721 scil.
703 1651 893 1745 κραββατον,
913 1677 984 1724 uam
1001 1655 1116 1723 locutio
1135 1655 1271 1744 elliptioa
1287 1654 1362 1743 est),

177 1773 335 1840 Hactenus
351 1773 403 1839 alii
420 1773 479 1862 ipsi
498 1783 680 1843 straverant.
695 1815 739 1826 -
756 1780 804 1844 De
821 1799 857 1845 eo
875 1780 957 1867 quod
974 1779 1101 1845 interest
1120 1779 1200 1844 inter
1221 1778 1363 1865 lmpera·

178 1896 274 1962 tivum
291 1895 467 1963 Praesentis
483 1908 513 1965 et
528 1898 665 1980 Acristi,
683 1901 810 1971 videsis.
829 1903 887 1969 Gr.
908 1921 978 1989 pag.
999 1904 1078 1969 tter.
1098 1903 1130 1968 ὃ.

223 2144 279 2209 55.
305 2144 349 2208 Et
371 2145 523 2211 viderunt
542 2163 612 2208 eum
637 2163 764 2223 omues,
782 2142 870 2224 etc).
900 2144 963 2209 Pro
988 2165 1038 2205 τον
1062 2143 1207 2233 {aperto
1231 2141 1283 2208 alii
1302 2142 1363 2207 Co-

176 2264 264 2336 dices
292 2266 406 2333 habent
432 2290 484 2330 τον
510 2267 652 2357 Euporo.
671 2305 716 2315 -
743 2267 848 2332 Soron
876 2264 989 2354 (pinta)
1017 2266 1230 2355 appellabatur
1258 2265 1363 2332 omnis

179 2389 263 2477 regio
280 2391 463 2479 campestris
480 2391 564 2457 eirea
588 2393 706 2480 loppen
731 2391 946 2479 Lyddamque.
966 2393 1124 2480 interpres
1142 2390 1246 2459 noster
1262 2412 1362 2480 quum

179 2522 276 2579 vertat
300 2514 426 2600 Lyddoe
447 2526 477 2579 et
498 2515 659 2598 Sororeoe,
679 2514 828 2581 Sarouem
853 2514 999 2581 habuisse
1021 2516 1142 2583 videtur
1164 2535 1221 2605 pro
1244 2515 1363 2604 oppido

180 2636 285 2724 aliquo
309 2637 435 2724 Lyddae
456 2637 571 2704 vicino.
598 2640 633 2704 ln
656 2659 718 2726 quo
740 2638 870 2705 fortasse
897 2659 957 2704 uon
980 2639 1105 2705 erravit.
1132 2638 1213 2706 Vide
1234 2639 1362 2705 Wineri

179 2765 647 2844 BtoltsctesReolwtrteroocta
666 2764 705 2831 ad
720 2785 827 2832 vocem
844 2766 963 2848 Soron,
979 2775 1009 2831 et
1026 2764 1252 2832 Rosenmulleri
1269 2766 1360 2831 Bibl.

180 2889 408 2955 Attertlmmalc.
429 2888 502 2956 Vol.
524 2890 572 2969 ll,
592 2912 624 2978 p.
653 2892 684 2956 l.
704 2911 737 2977 p.
760 2890 840 2969 lto,
856 2889 928 2955 coll.
950 2891 987 2955 P.
1010 2891 1040 2955 ll
1048 2938 1057 2969 ,
1079 2911 1112 2977 p.
1134 2891 1211 2957 555.
1231 2888 1363 2974 Paraly-

179 3010 260 3078 ticus
276 3012 328 3079 ille
345 3010 435 3098 vulgo
459 3021 550 3080 notus
572 3013 669 3079 luisse
692 3011 815 3079 videtur
831 3011 1048 3098 Lyddeusibus
1066 3021 1095 3078 et
1111 3011 1276 3080 Samnitici
1293 3011 1361 3097 agri

180 3134 302 3200 incolis.
330 3135 398 3200 lloc
413 3144 496 3201 certe
515 3135 615 3201 innuit
631 3137 750 3215 Luem,
768 3135 842 3202 dum
866 3134 959 3216 dicit,
978 3136 1095 3202 incolas
1112 3135 1238 3222 Lyddae
1257 3146 1287 3201 et
1303 3135 1362 3202 Sa·

180 3256 283 3336 ronis,
302 3276 397 3344 quum
414 3256 563 3324 vidissent
585 3258 789 3347 paralyticum
814 3257 902 3325 illum
918 3258 957 3325 ad
974 3259 1199 3325 invocationem
1222 3256 1362 3324 nominis

179 3379 251 3445 lesu
273 3379 375 3447 subito
392 3380 566 3447 restitutum
590 3380 687 3448 luisse
702 3381 842 3460 sanitati,
862 3401 898 3448 eo
922 3380 1073 3448 miraculo
1098 3390 1288 3458 commotoS,
1307 3399 1361 3446 re·

178 3502 322 3590 ligionem
345 3503 553 3571 Christianam
573 3524 642 3571 esse
658 3503 831 3593 amplexos.

223 3748 278 3815 56.
304 3747 348 3812 ln
369 3748 469 3830 Ioppe
492 3757 615 3823 notem,
634 3753 720 3832 etc).
748 3745 949 3812 Antecedenti
972 3745 1123 3812 miraculo
1144 3744 1237 3812 veluti
1260 3764 1362 3829 oppo-

176 3872 267 3936 nitur
281 3865 341 3956 (te)
356 3868 441 3937 aliud
457 3868 654 3946 miraculum,
673 3878 707 3934 ut
720 3869 814 3955 magis
831 3868 1029 3958 stupendum.
1051 3870 1150 3952 Ioppe
1166 3874 1242 3957 (inp,
1263 3870 1363 3936 lonae

175 3996 190 4060 l
213 4013 221 4056 τ
247 3993 281 4080 5)
309 3992 383 4059 urbs
410 3992 449 4059 ad
478 4012 563 4059 mere
591 3990 849 4058 mediterraneum
878 3992 952 4072 sita,
983 4011 1044 4057 non
1073 3990 1182 4079 procul
1211 3989 1319 4056 aberat
1343 4011 1363 4058 a

175 4116 295 4203 Lydda.
313 4117 448 4181 —Erat
469 4113 511 4180 ibi
533 4114 687 4203 discipula
705 4113 855 4202 quaedam
871 4111 931 4200 (τις
956 4114 1118 4204 palaepoli
1137 4110 1171 4177 h.
1191 4131 1220 4176 e.
1242 4110 1364 4178 mulier

174 4241 347 4312 Christiana
375 4244 545 4333 quaedam,
571 4244 695 4310 nomine
724 4245 873 4322 Toditleo,
899 4263 978 4327 quoe
1003 4245 1213 4325 interpretato
1236 4241 1364 4306 dicitur

173 4367 312 4445 Dorcas,
331 4366 364 4433 h.
392 4388 420 4433 e.
447 4387 527 4456 quae
549 4366 673 4446 mulier,
699 4365 725 4432 si
753 4364 952 4432 Aramaicum
983 4364 1050 4430 eius
1079 4383 1191 4430 nomen
1220 4359 1363 4451 (anana)
