3074 5054
179 426 244 493 aaa
524 421 658 511 nouus
692 422 1024 499 dromonorum,

176 614 264 693 dam3
291 635 361 681 nam
378 613 455 680 nihil
480 614 625 680 intererat
649 613 783 693 referre,
806 613 883 681 dnos
901 633 1014 702 pueros
1039 614 1188 702 quosdam
1214 613 1354 681 eamdem

177 756 343 805 mammam
362 719 495 804 suxisse.
516 775 561 784 -
577 737 705 802 Saulus.
726 738 803 816 Hic,
822 749 855 802 ut
872 737 951 801 inter
968 737 1138 803 recensitos
1154 739 1354 826 praecipuus

178 873 335 949 postremo
354 861 423 929 loco
441 861 628 927 nominatur.

223 1109 256 1174 2.
282 1107 548 1173 Ministroatibos
569 1115 674 1169 autem
700 1107 766 1171 tttts
794 1107 932 1169 Douriao
955 1116 984 1168 et
1009 1107 1246 1203 ieiunantibus,
1265 1102 1355 1183 eto).

177 1229 311 1296 Eosdem
328 1229 498 1317 intelligas,
517 1229 569 1317 qui
595 1228 686 1295 modo
703 1228 790 1294 luere
814 1228 971 1295 recensiti.
997 1230 1117 1297 Graece
1133 1241 1202 1294 est:
1223 1226 1357 1317 leucop-

175 1378 306 1445 pouurou
324 1351 356 1418 dt
372 1376 472 1417 αυτων
496 1377 539 1439 τῳ
557 1355 704 1443 Κυριῳ...
722 1377 783 1417 erae
805 1379 838 1417 το
863 1354 1009 1439 aucupe,
1030 1375 1162 1442 quorum
1188 1356 1357 1423 verborum

175 1497 284 1545 sensus
301 1488 347 1544 εει
365 1503 373 1543 :
394 1477 475 1543 Cum
498 1479 534 1541 tt
555 1479 681 1560 patblico
697 1479 798 1542 cultui
813 1479 922 1541 divino
939 1489 1163 1565 operarentur,
1181 1481 1265 1543 dimit
1281 1480 1358 1562 Spi-

173 1608 257 1671 ritus
274 1604 422 1687 Sanctae,
442 1614 502 1670 etc.
522 1603 647 1670 Scilicet
666 1623 725 1669 t'ox
742 1599 935 1693 lcicouppco,
950 1603 1034 1690 quod
1046 1602 1175 1670 uerbum
1192 1617 1238 1670 εει
1249 1607 1357 1671 Deuo-

176 1727 356 1795 minativum
377 1747 394 1794 a
419 1725 511 1801 λειτος
537 1730 682 1810 publicus
700 1737 730 1792 ει
748 1750 832 1818 appar
854 1749 949 1811 opus,
970 1728 1113 1794 universe
1137 1738 1220 1794 notat
1242 1749 1362 1793 manus

177 1855 305 1935 aliquod
326 1854 485 1936 publicam
499 1853 606 1935 obire;
623 1850 675 1917 hic
691 1853 783 1929 νειὸ,
801 1872 872 1917 oum
898 1851 1028 1918 addatur
1043 1877 1086 1938 τῳ
1110 1853 1218 1942 Κυριῳ
1234 1853 1357 1940 (Dativ.

176 1974 385 2060 directionis),
406 1973 585 2065 lcirooppeu
603 1974 787 2041 sumendum
805 1986 851 2042 est
867 1974 905 2042 dc
922 1976 1112 2053 ministerio,
1133 1976 1215 2064 qnod
1233 1976 1359 2064 publice

177 2098 281 2166 obitur
300 2100 383 2166 circa
404 2098 520 2166 cultum
545 2098 604 2164 Dei
629 2099 673 2189 (le
693 2101 812 2164 service
836 2098 954 2179 dioto),
978 2100 1067 2166 cuius
1093 2119 1164 2188 pars
1189 2100 1357 2188 praecipua

176 2236 222 2291 est
239 2224 268 2291 iu
285 2226 389 2292 Novae
406 2226 497 2313 Legis
514 2224 665 2291 incruenti
684 2223 835 2291 sacrificii,
847 2225 1019 2304 oblatione,
1043 2245 1141 2312 eaque
1157 2224 1227 2304 hic,
1246 2245 1357 2313 qnam-

178 2369 269 2435 quam
291 2370 350 2415 non
368 2351 435 2438 ipsa
454 2351 483 2414 vi
502 2349 586 2416 vocis
603 2347 780 2441 lcrrovpyau
797 2350 994 2437 exprimitur,
1014 2361 1114 2416 tamen
1139 2371 1199 2415 non
1223 2350 1358 2416 obscure

176 2474 378 2562 significatur.
405 2477 483 2541 Nam
501 2475 526 2541 si
544 2474 642 2541 nudas
665 2485 696 2541 et
719 2493 819 2540 meras
837 2494 946 2562 preces
963 2474 1063 2540 Lucas
1080 2473 1132 2540 hic
1149 2472 1286 2540 indicare
1304 2494 1358 2539 vo-

178 2598 303 2678 luisset,
322 2618 417 2686 quare
434 2619 512 2678 non,
531 2618 704 2687 promere,
723 2620 974 2688 προσευχομενων
992 2593 1024 2660 dc
1041 2620 1140 2659 αυτων
1158 2597 1360 2685 scripsisset?

179 2721 271 2808 Atqui
297 2720 335 2787 de
351 2721 416 2787 sola
433 2720 662 2809 praedicatione
679 2721 764 2788 vorbi
783 2721 878 2788 divini
896 2741 956 2786 non
974 2730 1057 2786 recte
1073 2719 1202 2787 dixisset
1225 2716 1360 2808 λειτουρ-

175 2867 307 2933 pouucau
336 2842 368 2908 dc
396 2866 517 2923 αυτων,
547 2843 663 2912 addens
687 2869 730 2929 τῳ
757 2845 865 2933 Kupup
895 2845 1010 2928 (Datin.
1037 2828 1259 2929 Ducanaris),
1286 2845 1360 2933 quia

177 2967 272 3034 divini
290 2967 374 3036 verbi
389 2968 577 3057 praedicatio
594 2969 721 3057 proprie
737 2989 798 3034 non
818 2973 851 3033 iu
866 2970 969 3034 Deam
986 2971 1044 3058 (τῳ
1061 2968 1182 3059 Κυριῳ)
1199 2969 1357 3056 dirigitur,

178 3091 232 3159 sed
255 3091 294 3158 ad
318 3091 456 3158 fidelium
480 3092 652 3180 suscipitur
673 3092 916 3171 institutionem3
934 3092 1129 3160 sacrificandi
1153 3104 1254 3160 autem
1277 3092 1360 3159 actio

178 3213 296 3280 directo
318 3213 351 3279 lit
371 3215 439 3279 Deo
464 3219 518 3302 (τῳ
538 3214 670 3305 Karpia),
700 3215 765 3280 sive
791 3215 821 3279 in
843 3216 944 3282 Deum
973 3214 1128 3301 dirigitur.
1154 3214 1360 3281 Animadver-

179 3336 304 3403 tendum
322 3346 368 3402 est
384 3337 487 3414 etiam,
503 3358 563 3403 non
578 3337 762 3425 simpliciter
778 3337 837 3404 dici
855 3322 1113 3405 uriaistroutidus
1128 3340 1190 3404 illic
1206 3340 1359 3417 domino,

181 3457 236 3526 sed
251 3458 321 3526 addi
339 3471 368 3524 ct
384 3461 609 3525 ieitmaatibas.
628 3462 724 3539 Nam,
743 3461 826 3549 quod
842 3461 1050 3550 Stapletouius
1066 3475 1169 3528 monet
1185 3461 1234 3547 (ad
1252 3461 1284 3529 h.
1304 3464 1359 3550 1.),

182 3581 324 3648 adiuncta
348 3581 425 3649 haec
448 3583 679 3650 circumstantia
704 3603 764 3649 nou
785 3583 918 3650 obscure
941 3583 1049 3663 docet,
1075 3585 1114 3652 de
1137 3584 1292 3672 Liturgiae
1307 3605 1361 3652 aa·

182 3708 264 3773 tione
297 3707 412 3774 Lucam
441 3707 545 3796 loqui,
574 3727 654 3794 quae
686 3709 813 3796 proprie
847 3709 1035 3776 sacrificium
1068 3720 1126 3776 est.
1163 3710 1359 3777 Sacrificium

183 3832 298 3920 quippe
330 3830 577 3898 Christianorum
609 3844 758 3920 perpetuo
790 3833 943 3900 antecedit
975 3833 1141 3916 ieiunium,
1172 3844 1206 3899 ut
1239 3834 1360 3922 antiqui

183 3957 290 4023 Patres
326 3967 530 4036 monuerunt,
570 3956 782 4044 augustiam,
823 3958 978 4034 Basilius,
1018 3956 1096 4037 alii;
1137 3957 1360 4045 praedicationi

184 4081 270 4149 verbi
291 4082 439 4149 ieiunium
464 4081 639 4147 necessario
663 4081 863 4148 coniunctum
885 4101 945 4148 non
968 4091 1026 4149 est.
1056 4083 1250 4169 Quamquam
1279 4080 1360 4148 nihil

185 4225 262 4293 opus
288 4215 334 4271 est
351 4202 410 4270 hoc
426 4203 606 4291 scripturae
623 4202 690 4271 loco
713 4204 751 4271 ad
773 4203 962 4293 probandam
984 4225 1022 4270 ex
1046 4205 1162 4291 scripto
1188 4203 1281 4270 verbo
1298 4205 1369 4271 Dei·

182 4327 333 4394 incruenti
358 4328 463 4393 Novae
487 4325 578 4412 Legis
602 4326 747 4393 sacrificii
772 4327 944 4394 veritatem.
971 4328 1036 4394 Nec
1059 4337 1122 4406 est,
1142 4344 1208 4392 mea
1232 4325 1361 4414 quidem

182 4453 351 4532 sententia,
380 4450 432 4517 hie
459 4450 565 4531 locus,
595 4462 750 4539 tamquam
783 4452 990 4540 dogmaticus,
1020 4464 1126 4520 contra
1158 4451 1361 4521 acatholicos
