3074 5054
566 371 700 441 ACTUS
735 375 1052 447 APOSTOLORUM
1063 428 1071 456 ²

374 641 550 716 CAPUT
603 641 915 719 VIGESIMUM
968 646 1252 723 OCTAVUM.

225 860 417 910 Aacunasrosr.
445 857 570 922 Naufragi
592 870 607 908 a
628 849 825 921 Melitensibus,
846 873 906 912 nam
928 861 955 911 in
976 861 1090 914 insulam
1111 861 1227 913 Melitam
1251 866 1404 927 evaserant,

258 939 408 992 humaniter
418 940 596 1005 excipiuntur,
609 952 649 990 vs.
663 940 736 990 t-e.
751 940 788 990 lhi
800 954 815 992 a
828 941 916 1006 vipera
929 955 1031 993 morsus
1050 942 1162 1005 Paulus,
1185 941 1251 993 nihil
1271 942 1332 994 mali
1352 957 1406 1009 pa-

257 1023 337 1084 titur3
357 1035 436 1088 quam
448 1021 481 1074 ch
495 1035 549 1072 rem
562 1021 675 1072 insulani
688 1021 761 1073 illum
776 1023 883 1088 prodeo
895 1025 1019 1089 quopiam
1032 1023 1145 1086 hahent,
1159 1037 1197 1073 vs.
1211 1023 1285 1074 3-6.
1300 1023 1406 1077 Patrem

258 1103 357 1166 Publii,
379 1103 456 1168 primi
476 1102 552 1152 istius
571 1102 671 1153 insulae
691 1103 870 1167 Magistratus,
890 1105 995 1156 sanitati
1008 1105 1137 1165 restituit,
1156 1103 1406 1170 cumquehoealios

256 1185 325 1237 hene
337 1184 446 1244 multos,
461 1197 500 1235 vs.
514 1184 603 1233 7-lo.
618 1183 752 1235 Mensibus
763 1185 848 1236 trihus
859 1186 887 1235 in
898 1199 929 1237 ea
939 1186 1024 1238 insula
1044 1186 1196 1247 transactis,
1216 1185 1277 1237 inde
1296 1185 1407 1239 solvunt

256 1267 445 1334 appellunlque
456 1265 596 1329 Syracusas
607 1282 612 1324 ;
627 1266 672 1316 uhi
680 1280 728 1332 per
739 1267 855 1318 triduum
867 1272 1078 1330 commorantur;
1093 1268 1224 1320 hincvero
1232 1269 1406 1321 circumeun-

257 1354 296 1402 tes
309 1347 410 1401 Siciliae
422 1349 525 1414 plagam
537 1347 706 1409 orientalem,
720 1351 880 1413 perveniunl
892 1350 1036 1414 Rhegium,
1055 1354 1082 1402 et
1093 1363 1155 1401 mox
1170 1350 1305 1412 Puteolos;
1325 1351 1408 1403 inde-

258 1447 324 1500 que,
338 1435 397 1498 post
408 1432 463 1484 dies
474 1436 589 1498 septem,
610 1433 717 1484 Romam
739 1439 862 1500 pergunt.
883 1435 1112 1488 Proficiscentibus
1131 1437 1234 1488 obviam
1248 1437 1406 1488 veniuntab

257 1515 327 1568 Urbe
347 1514 500 1574 Christiani,
522 1514 565 1564 alii
585 1529 668 1580 usque
683 1515 717 1566 ad
730 1516 825 1567 Forum
848 1517 942 1582 Appii,
964 1517 1007 1568 aiii
1029 1532 1114 1584 usque
1135 1517 1168 1570 ad
1188 1519 1249 1570 Tres
1271 1515 1403 1570 tabernas

257 1597 364 1650 Romam
384 1611 443 1649 cum
463 1597 577 1648 venisset
595 1597 706 1660 Paulus,
730 1599 892 1664 permittitur
912 1599 959 1662 iili,
981 1603 1011 1652 ut
1029 1601 1056 1651 in
1075 1601 1237 1653 conductisa
1255 1616 1283 1652 su
1294 1601 1407 1654 aedibus

256 1683 363 1735 seorsim
382 1680 482 1732 habitet
494 1693 554 1731 cum
568 1681 645 1732 unico
658 1681 755 1743 milite,
776 1683 821 1748 qui
840 1684 972 1749 captivum
984 1683 1127 1747 custodiat,
1144 1699 1183 1735 vs.
1197 1686 1302 1736 u-rc.
1316 1685 1407 1738 Tertio

257 1766 290 1818 ab
301 1764 417 1816 adventu
429 1776 477 1814 sno
489 1763 531 1814 die
544 1763 672 1828 primores
691 1763 848 1815 ludaeorum
866 1764 900 1815 ad
920 1779 948 1815 se
968 1767 1107 1826 convocat,
1128 1765 1279 1831 eisdemque
1296 1778 1406 1818 causam

255 1847 418 1912 exponitcur
429 1846 548 1910 captivus
565 1847 647 1906 esset,
666 1847 693 1895 et
712 1845 847 1896 Caesarem
866 1845 1038 1911 appellasset,
1049 1859 1089 1896 vs.
1102 1847 1208 1896 tl-tt.
1223 1845 1270 1897 Die
1288 1847 1322 1896 ah
1339 1847 1407 1912 ipsis

256 1929 410 1987 constituto,
431 1929 483 1977 tam
501 1925 552 1976 illis
570 1939 649 1991 quam
667 1926 724 1977 aliis
744 1927 858 1989 ludaeis,
878 1927 923 1993 qui
937 1925 989 1978 una
1000 1941 1060 1979 cum
1076 1927 1155 1977 hisin
1166 1926 1309 1992 hospitium
1323 1942 1406 1980 suum

257 2010 444 2070 convenerant,
456 2007 627 2070 Evangelium
638 2008 779 2073 praedicat.
792 2009 958 2060 praedicatae
970 2009 1103 2062 doctrinae
1119 2009 1162 2061 alii
1175 2009 1253 2062 tidem
1265 2008 1406 2073 adhihent,

256 2093 300 2145 alii
321 2105 390 2154 non;
413 2103 525 2156 quornm
545 2091 754 2143 incredulitatem
772 2092 805 2143 ah
824 2092 888 2143 isaia
907 2092 1066 2157 praedictam
1086 2093 1182 2144 Paulus
1201 2093 1325 2146 ostendit.
1338 2094 1405 2147 Toto

256 2175 363 2227 hiennio
377 2177 465 2225 manet
477 2174 504 2224 in
516 2174 644 2226 conducto
655 2187 670 2226 a
682 2189 710 2226 se
720 2174 846 2241 hospitio,
867 2176 1001 2242 excipiens
1018 2178 1075 2228 sine
1091 2177 1241 2228 discrimine
1252 2191 1345 2229 omnes
1356 2179 1406 2244 qui

257 2258 332 2309 illum
340 2257 452 2315 adirent,
462 2257 517 2309 sive
532 2256 617 2308 ludaei
628 2259 683 2309 sive
695 2257 820 2320 Gentiles,
832 2260 859 2309 et
869 2258 1023 2324 praedicans
1038 2259 1088 2309 illis
1099 2259 1244 2311 doctrinam
1255 2259 1405 2324 Evangelii,

258 2341 364 2391 nemine
375 2339 540 2404 prohibente,
552 2353 590 2389 rs.
602 2339 708 2388 tit-3⁴.

272 2522 369 2588 1-5.
396 2522 440 2584 El
455 2541 526 2585 cuna
542 2522 750 2584 evasissemus
755 2571 768 2603 ,
789 2527 876 2610 ele).
894 2521 1107 2613 ⁴Continuatur
1124 2522 1258 2589 narratio
1278 2545 1286 2588 ε
1305 2522 1407 2590 Cum·

223 2663 283 2731 que
307 2644 389 2708 solvi
412 2645 614 2707 evasissemus
635 2638 839 2729 (διασωθεντες
856 2642 924 2711 scil.
945 2667 993 2708 επι
1009 2668 1062 2719 την
1078 2666 1144 2734 you.
1164 2642 1234 2711 vide
1249 2664 1347 2732 supra
1363 2645 1407 2712 ad

223 2766 299 2854 Cap.
318 2767 445 2834 XXVll
465 2789 472 2831 :
493 2765 552 2854 dl)
569 2766 599 2831 in
616 2776 748 2846 terram,
775 2776 839 2832 tum
864 2767 988 2834 demirm
1010 2787 1048 2833 ex
1064 2768 1175 2834 incolis
1200 2768 1407 2854 cognovimus

222 2886 280 2975 (ci.
300 2889 377 2979 Cap.
392 2887 518 2954 XXVII
536 2910 543 2952 :
559 2885 630 2973 59),
649 2886 786 2954 Melitam
804 2868 899 2968 (nunc
915 2887 1064 2970 Mallem)
1080 2888 1184 2955 vocari
1202 2887 1351 2968 insulam,
1371 2888 1404 2955 in

221 3027 313 3095 quam
326 3027 533 3075 evaseramus.
550 3007 671 3072 incolae
683 3018 784 3072 autem
797 3008 839 3094 (oi
851 3003 883 3071 dr
896 3005 1060 3098 (lapdapor)
1073 3009 1140 3076 eius
1155 3008 1302 3095 regionis,
1317 3010 1405 3076 cala-

221 3131 357 3197 mitatem
382 3140 519 3197 nostram
543 3130 692 3208 miserati,
712 3128 932 3197 humanitatem
949 3130 1039 3198 nobis
1056 3132 1251 3219 praestabant
1265 3134 1404 3199 minime

222 3256 382 3334 vulgarem
400 3255 445 3333 (ou
461 3275 513 3326 την
530 3258 709 3340 τυχουσαν).
733 3253 812 3319 Nam
833 3265 921 3319 strete
941 3257 1103 3337 lignorum
1125 3252 1247 3342 (πυραν)
1269 3261 1405 3322 accenset

221 3374 419 3464 (evaporasse)
437 3387 564 3465 propter
579 3380 749 3442 instantem
764 3378 826 3460 (τον
843 3382 1009 3467 εφεστωτα)
1026 3378 1049 3443 i.
1068 3398 1097 3444 e.
1117 3387 1310 3466 praesentem
1333 3379 1404 3467 plu-

222 3499 302 3565 viam
321 3513 350 3565 et
367 3510 493 3588 propter
509 3500 619 3587 frigus,
638 3519 694 3566 nos
710 3519 817 3566 omnes
833 3504 875 3565 ad
890 3521 921 3565 se
936 3500 1011 3588 (sub
1028 3520 1083 3567 sua
1101 3500 1194 3589 tecta)
1214 3514 1405 3584 receperant

222 3617 483 3711 (aposelasscarc).
500 3622 622 3688 Accidit
635 3633 750 3698 aulem,
760 3643 830 3688 cum
843 3622 959 3689 Paulus
972 3626 1140 3706 collegisset
1153 3623 1405 3716 (συστρεψαντος)

222 3756 463 3826 sarmentorum,
494 3765 572 3835 quae
600 3746 642 3813 ihi
673 3747 820 3827 iacerent,
849 3751 973 3832 copiam
1000 3752 1185 3833 quampiam
1204 3748 1244 3827 (τι
1261 3747 1402 3836 alodos),

223 3867 484 3956 imposuissetque
507 3867 684 3950 (επιθεντος)
707 3889 802 3958 super
825 3870 946 3957 ignem,
964 3881 998 3937 ut
1014 3871 1138 3959 vipera,
1157 3892 1237 3960 quae
1252 3873 1335 3940 inter
1351 3873 1404 3941 ilia

222 4001 377 4057 sarmenta
405 3991 519 4078 frigore
545 4003 672 4080 torpens
701 3991 779 4059 forte
807 3992 1020 4075 delitesceret,
1055 4017 1148 4079 prae*
1166 3993 1269 4082 (arm)
1297 4000 1405 4063 calore

256 4309 273 4374 ¹)
292 4309 356 4360 Van.
379 4325 449 4360 narr.
475 4310 524 4362 Pro
551 4317 583 4357 εκ
606 4308 645 4357 est
669 4319 730 4360 απο
760 4307 788 4358 in
834 4324 945 4377 eamque
962 4312 1100 4366 lectionem
1112 4312 1403 4380 vulgataquoqueex-

222 4391 303 4447 Codd.
324 4391 432 4446 ABCGH
453 4393 595 4458 multisque
620 4393 787 4456 Minusculis,
835 4390 915 4444 hibet.
