3074 5054
464 387 602 456 CAPUT
637 388 719 466 Vll,
751 386 872 455 VERS.
911 387 1057 455 tl-tt.
1295 389 1355 454 lot

179 579 351 670 Μαρτυρνου
367 600 461 652 σκηνη
477 626 485 655 ,
505 577 625 667 inquil,
645 575 684 651 ὡς
700 599 817 662 apoteca
833 600 887 651 τας
903 575 1024 652 πλάκας
1039 599 1093 641 του
1109 598 1216 662 ropac·
1234 598 1285 639 ror
1301 599 1360 666 pap

179 724 268 788 ropor
293 699 414 776 εντολας
440 699 586 781 εκαλουν,
604 725 656 764 και
674 723 848 791 preproperi,
866 726 917 764 και
936 698 1145 787 δικαιωματα.
1165 700 1277 769 Graeci
1294 711 1360 766 lex·

179 836 226 892 tus
253 845 364 892 seusus
395 835 442 891 est
472 844 479 886 :
512 827 763 891 Taberaaculura
796 828 974 892 testimonii
1002 835 1071 891 erat
1097 825 1192 891 inter¹
1221 827 1359 890 maiores

178 959 301 1015 nostras
322 952 359 1015 ta
380 950 521 1031 deserto,
540 947 607 1027 vel,
627 949 652 1015 si
671 949 790 1017 Graeca
815 949 914 1036 legas,
933 948 1058 1038 dempta
1079 948 1314 1038 Praepositam
1329 970 1359 1011 εν
1458 1005 1461 1009 .

179 1082 246 1138 ante
272 1096 336 1147 τοις
355 1097 363 1140 :
383 1072 635 1138 Tolerancalura
660 1075 836 1138 testimonii
858 1073 1010 1140 habebant
1033 1075 1169 1139 maiores
1196 1075 1301 1139 nostri
1327 1075 1362 1138 iro

178 1197 299 1259 deserto
317 1196 378 1259 tale
386 1243 398 1276 ,
417 1196 500 1258 sicut
512 1205 717 1278 praeceperat
739 1196 806 1261 itte
830 1197 889 1281 qui
912 1216 983 1261 crim
1006 1197 1095 1262 Mose
1112 1195 1306 1280 loquebatur,
1325 1207 1362 1262 ut

178 1317 212 1380 id
232 1319 350 1400 faceret
372 1318 544 1383 secundum
569 1321 733 1401 enemplar
754 1321 837 1403 quod
858 1321 992 1385 viderat.
1011 1320 1114 1407 Atque
1131 1319 1215 1386 huno
1231 1340 1357 1387 sensum

179 1438 269 1507 etiam
286 1440 380 1508 verba
397 1439 549 1528 Vulgatae
571 1441 747 1510 admittunt.
766 1444 934 1533 —ltaque
956 1443 1054 1510 torma
1070 1442 1275 1510 'tabernaculi
1294 1463 1354 1510 non

177 1563 215 1631 ab
239 1563 366 1631 homine
390 1565 560 1652 excogitata
577 1566 651 1646 luit,
670 1567 725 1634 sed
741 1566 780 1634 ab
803 1568 871 1656 ipso
894 1569 963 1636 Deo
986 1567 1150 1636 delineata.
1177 1570 1354 1652 «Inspice,

178 1688 338 1778 inquiebat
364 1692 469 1772 Dens,
496 1701 526 1756 et
547 1696 600 1777 sac
618 1695 790 1759 recaredum
810 1696 986 1777 eaemplar,
1012 1697 1096 1779 quad
1116 1695 1175 1760 tibi
1199 1697 1234 1759 ia
1256 1705 1360 1758 monte

177 1823 391 1879 monstratam
407 1825 465 1881 est.
484 1813 565 1881 Vide
582 1814 683 1882 Exod.
702 1816 797 1886 XXV
817 1841 825 1883 ε
844 1817 941 1897 8-t03
962 1817 1020 1904 Ep.
1038 1816 1076 1884 ad
1094 1815 1192 1883 Hebr.
1207 1816 1286 1883 Vlll
1302 1837 1310 1878 r
1327 1817 1359 1883 5.

177 1935 305 2002 Scilicet
328 1936 431 2016 Deus,
454 1955 526 2002 cum
551 1937 631 2004 Masi
655 1939 849 2028 praeciperet
872 1960 939 2007 rem
962 1939 1152 2022 faciendam,
1176 1940 1269 2008 simul
1294 1941 1362 2008 eius

176 2071 231 2127 aut
256 2060 368 2127 mentis
389 2071 442 2127 aut
464 2060 606 2150 corporis
628 2061 727 2130 oculis
751 2063 903 2131 obiecerit
929 2064 974 2130 rei
999 2063 1157 2132 faciendae
1180 2065 1358 2153 imaginem.

222 2312 277 2380 tt.
308 2312 400 2391 ernd
424 2317 639 2393 induxerunt,
659 2310 750 2400 etc).
769 2311 884 2380 Sensus
909 2322 954 2378 est
973 2332 981 2374 t
1001 2310 1084 2400 quod
1108 2311 1357 2379 'sabernaculum

178 2456 278 2525 quum
306 2437 440 2505 maiores
468 2438 565 2505 nostri
591 2457 609 2504 a
637 2435 760 2524 probris
788 2438 980 2518 accepissent
1007 2431 1261 2524 (διαδεξαμενον),
1287 2439 1364 2501 doce

176 2560 273 2625 Iosue
298 2563 526 2648 (perclamo),
553 2565 732 2628 intulerunt
762 2560 946 2648 (eranyayoo)
972 2559 1003 2624 in
1028 2561 1260 2642 possessionem
1287 2580 1362 2641 pen-

178 2686 274 2752 tiarn³
292 2687 335 2772 (er
359 2713 395 2777 τῃ
419 2711 604 2775 κατασχεσει
626 2686 819 2768 cerebrm),
839 2708 916 2771 quas
935 2687 988 2770 (ὡν
1015 2706 1071 2774 pro
1089 2686 1108 2747 ἁ
1125 2705 1181 2775 per
1197 2684 1363 2752 Attruotio·

177 2807 265 2894 nem)
293 2810 381 2877 Deus
408 2811 480 2878 inde
509 2807 778 2895 reputabimur
806 2810 882 2875 Αον.
914 2808 953 2875 ab
980 2805 1105 2886 εξωθω),
1131 2806 1364 2875 advenientibus

176 2930 320 3020 patribus
345 2933 478 3013 nostris3
506 2932 748 3022 perduravitque
771 2931 887 2998 mobile
908 2930 985 2998 illud
1008 2917 1186 2999 aediticium
1207 2927 1364 3018 usquead

178 3069 320 3145 tempora
336 3058 478 3126 Davidis.
499 3098 543 3107 -

226 3178 445 3268 Διαδεξαμενοι
465 3183 535 3249 scil.
554 3206 646 3256 αυνην
668 3181 825 3269 (σκηνην),
842 3180 926 3271 quod
948 3181 1232 3248 Demonstrativum
1256 3180 1365 3247 abesse

180 3315 303 3392 poterat
325 3305 365 3372 ob
385 3304 569 3372 antecedens
593 3306 768 3374 Relativum
791 3305 838 3378 ir.
866 3304 1006 3372 Verbum
1036 3299 1220 3389 διαδεχομαι
1241 3303 1267 3369 si
1293 3322 1364 3369 oum

179 3426 368 3493 Accusativo
384 3426 428 3492 rei
447 3426 595 3514 iungitur,
610 3426 649 3494 de
666 3427 704 3493 iis
721 3437 902 3514 usurpatur,
922 3426 974 3514 qui
992 3425 1189 3492 successione
1206 3424 1364 3512 accipiunt

179 3546 299 3637 aliquid
323 3546 362 3614 ab
384 3531 465 3616 aliis.
484 3549 649 3615 Notionem
673 3549 758 3615 vocis
782 3549 825 3614 ita
850 3547 957 3614 definit
972 3546 1085 3615 Suidas
1101 3545 1198 3636 (apud
1216 3544 1365 3613 Sohleus-

183 3689 293 3737 nerum
314 3670 346 3735 in
369 3671 476 3738 Lexio·
504 3671 542 3739 ad
567 3669 600 3738 h.
627 3669 699 3759 v.):
719 3667 905 3756 διαδεχομαι
927 3693 960 3734 το
983 3666 1035 3733 dra
1059 3666 1181 3733 πολλων
1202 3689 1364 3758 ερχομενον

187 3878 319 3888 ι---.

221 3997 754 4061 ¹)Tabernaculumindesertoitastrue·
801 3999 827 4050 in
854 3999 965 4064 Vulgata
987 3999 1124 4063 leguntur,
1151 3997 1256 4051 Codices
1276 3996 1366 4049 Graeci

188 4077 271 4142 hatur,
284 4084 315 4131 ut
330 4080 358 4130 in
378 4080 463 4132 medio
481 4079 618 4132 duodecim
638 4081 755 4132 tribuum
802 4083 856 4136 lere
874 4084 940 4135 nulli
952 4087 1113 4148 agnoscunt,
1126 4087 1156 4135 ut
1174 4097 1222 4135 uec
1236 4084 1368 4135 versiones

188 4160 364 4224 collocaretur,
378 4162 457 4227 idque
469 4163 503 4212 ita
521 4166 551 4214 ut
567 4162 600 4214 ad
612 4162 756 4228 quamlibet
802 4167 940 4233 antiquae,
952 4167 1016 4219 Itala
1026 4170 1052 4218 et
1063 4166 1178 4230 Syriaca.

191 4245 279 4296 mundi
296 4245 399 4311 plagam
417 4245 556 4310 dispositae
574 4245 757 4298 essenttribus
835 4248 855 4313 ⁵)
873 4249 900 4300 h.
914 4262 936 4300 e.
951 4249 1086 4300 interram
1105 4250 1272 4314 promissam,
1285 4246 1370 4299 adhuc

193 4327 248 4378 tres.
259 4327 324 4378 Vide
335 4328 413 4379 Num.
425 4326 487 4392 Cap.
502 4327 535 4379 ll.
802 4341 817 4380 a
835 4330 957 4393 gentibus
970 4330 1147 4384 chananiuais
1157 4342 1301 4396 possessam
1316 4328 1371 4379 sire

223 4410 241 4473 ¹)
258 4411 358 4465 Voces:
376 4410 430 4462 illle
450 4411 533 4475 Deus,
553 4424 621 4478 quae
637 4410 686 4463 hoc
702 4409 758 4464 loco
802 4415 965 4477 occupatam.
