3074 5054
495 394 634 462 CAPUT
670 395 753 475 Xll,
790 391 912 461 VERS.
951 394 1052 460 2-5.
1304 393 1366 459 511

174 585 337 665 Articulo;
357 595 387 652 et
402 585 512 651 abesse
529 594 661 673 poterat.
681 582 787 648 Auente
803 583 843 650 ab
859 605 991 674 αναιρεω
1009 583 1137 671 proprie
1155 594 1201 650 est
1217 586 1367 665 sustulit,

176 708 234 776 scd
258 729 320 798 quc
344 729 440 776 sensu
463 709 574 776 Cicero
598 707 738 790 111οΝ01.
764 710 862 775 Deor.
891 708 936 772 lll
959 728 966 770 :
990 709 1045 791 55)
1065 707 1169 774 dixit:
1195 709 1235 787 Q.
1266 711 1370 776 Varus

181 837 324 901 Drusum
346 838 455 919 ferro,
475 835 640 900 Metellum
664 854 783 899 ueueuo
807 835 995 897 sustulerat.
1022 830 1170 898 Iacobum
1195 832 1256 899 alio
1278 832 1370 900 modo

179 977 274 1047 quam
302 957 507 1053 decollatione
532 957 729 1024 interiectum
752 956 850 1023 tuisse
873 956 1031 1036 dicerem,
1062 975 1160 1044 quum
1188 957 1289 1023 Lucas
1317 955 1370 1023 hic

179 1101 242 1147 non
261 1079 406 1149 adhibeat
420 1101 527 1148 rocem
553 1080 674 1149 obviam
699 1078 952 1172 αποκεφαλιζειν,
977 1082 1147 1146 decollare.
1173 1081 1249 1146 Erat
1272 1079 1299 1146 is
1323 1081 1370 1147 la·

179 1202 299 1283 cobus,
328 1202 480 1270 Zebedaei
509 1202 612 1280 filius,
642 1202 737 1270 irater
769 1203 895 1270 loannis
929 1201 1072 1290 Apostoli
1101 1212 1131 1268 et
1158 1201 1370 1288 Evangelistae

178 1323 308 1413 (11101111.
328 1325 373 1394 lV
390 1346 398 1388 z
414 1324 492 1414 11);
508 1324 591 1393 idem
606 1326 666 1392 una
690 1325 872 1393 cumfratre
895 1346 952 1392 suo
977 1337 1007 1392 01
1029 1327 1123 1392 Petro
1146 1344 1295 1414 praesens
1312 1325 1370 1393 luit

179 1467 254 1514 cunr
270 1446 414 1514 Christus
432 1451 722 1532 truusfipururetur
738 1450 769 1514 in
786 1459 889 1515 monte
902 1447 1031 1515 Thabor
1043 1446 1165 1536 (Matth.
1184 1448 1279 1516 XVII
1297 1472 1304 1514 :
1322 1447 1366 1525 1).

180 1574 232 1639 De
256 1572 316 1640 lroc
332 1573 445 1641 laccho
469 1573 656 1662 disputatur,
674 1585 780 1642 utrum
802 1594 915 1642 nec-ne
931 1574 962 1639 in
980 1573 1131 1661 Hispania
1150 1571 1368 1640 1110001010-

181 1697 295 1765 tianam
314 1696 564 1787 praedicaverit.
583 1698 669 1766 ldem
686 1698 790 1764 vocari
811 1697 889 1764 solet
905 1696 997 1763 etiam
1016 1695 1147 1763 lacobus
1166 1698 1284 1773 maior,
1303 1715 1366 1785 quo

180 1823 389 1909 distinguatur
412 1821 451 1889 ab
467 1823 618 1911 Apostolu
642 1822 755 1890 laccho
781 1820 913 1910 Alphaei
931 1821 1013 1900 lilio,
1032 1820 1085 1908 qui
1102 1819 1234 1887 lacobus
1257 1824 1366 1887 ruiunr

181 1946 298 2014 dicitur
312 1965 330 2012 a
346 1946 452 2013 Marco
476 1947 562 2014 XV:
586 1949 647 2026 10,
674 1957 703 2013 01
727 1944 822 2013 ludae
845 1944 986 2033 Apostoli
1012 1944 1105 2010 trater
1128 1964 1146 2010 a
1170 1947 1255 2012 Luca
1277 1946 1362 2030 (Act.

180 2071 194 2135 l
216 2090 224 2130 :
247 2067 316 2158 15).
335 2068 468 2136 lacobus
483 2081 589 2135 autum
615 2069 667 2136 1110
689 2070 742 2158 qui
766 2073 871 2153 frater
892 2070 1026 2134 Douriur'
1048 2077 1175 2134 vocatur
1198 2068 1229 2133 in
1248 2069 1308 2157 Ep.
1326 2069 1365 2136 ad

180 2191 307 2260 Galatas
327 2194 340 2259 l
360 2218 368 2258 ε
390 2195 449 2272 19,
468 2212 547 2260 0000
576 2193 721 2282 idemque
747 2204 794 2260 est
820 2213 891 2260 cum
920 2191 1034 2259 lacobo
1062 2194 1207 2268 minore,
1231 2190 1363 2280 Alphaei

180 2311 248 2378 filio
273 2312 336 2403 (Gi.
361 2312 659 2382 Wiudishmannum
680 2317 865 2397 Erlrlciruup
880 2316 934 2379 des
949 2315 1136 2397 Briesesuu
1151 2315 1202 2377 dic
1220 2313 1362 2396 Galater,

178 2433 218 2501 ad
244 2436 321 2524 Cap.
340 2437 354 2501 l
375 2456 382 2498 ι
401 2457 449 2505 vs.
471 2439 536 2522 19).
554 2438 679 2504 Primus
706 2437 996 2522 Hierosolymorum
1020 2412 1277 2524 Episcopusiuit
1301 2455 1361 2502 non

180 2559 351 2645 Apostolus
380 2559 512 2627 lacobus
541 2559 611 2639 ille,
641 2559 679 2626 de
708 2581 769 2647 quc
798 2559 851 2626 hio
879 2560 964 2648 (Act.
989 2559 1052 2625 Xll
1076 2579 1083 2619 :
1110 2561 1143 2646 1)
1166 2558 1278 2645 agitur,
1309 2557 1364 2624 sed

179 2682 350 2769 Apostolus
378 2683 510 2750 lacobus
537 2687 655 2764 uriuor,
685 2682 816 2772 Alphaei
840 2683 942 2762 filius,
965 2682 1059 2748 ludae
1086 2680 1225 2768 Apostoli
1246 2678 1361 2745 trater.

180 2803 269 2871 ldem
285 2817 392 2871 auctor
408 2816 455 2871 001
479 2805 654 2894 Epistulae,
673 2825 753 2894 quae
776 2805 835 2872 sub
860 2805 927 2872 eius
949 2805 1074 2873 nomine
1089 2805 1170 2871 inter
1186 2804 1363 2891 Scripturas

180 2932 355 2999 Canonicas
372 2940 563 2998 recensetur.

229 3182 261 3246 5.
285 3181 401 3246 Videas
419 3192 524 3245 outeru
547 3185 621 3266 quio
644 3186 784 3265 placeret
806 3183 956 3265 10110010,
975 3181 1065 3271 etc).
1085 3181 1223 3270 Agrippa
1239 3198 1362 3247 causam

181 3302 223 3369 ob
241 3323 333 3390 quam
358 3304 507 3371 violentas
524 3325 633 3372 manus
650 3306 791 3372 iniiceret
807 3307 838 3371 in
855 3305 1023 3394 Apostolos
1040 3303 1119 3370 hanc
1135 3303 1362 3392 praetexuerit,

182 3426 268 3514 quod
295 3448 407 3516 nempe
431 3449 580 3497 novarum
610 3450 714 3496 rerum
743 3430 774 3495 in
804 3450 838 3495 re
865 3429 1008 3515 religiosa
1032 3438 1134 3494 essent
1157 3425 1305 3507 studiosi,
1335 3438 1365 3493 01

182 3550 315 3618 ludaeos
339 3551 377 3618 ab
405 3553 485 3619 auita
510 3553 659 3641 religione
683 3563 866 3620 averterent.
897 3553 956 3619 Sed
981 3572 1054 3618 vera
1076 3571 1170 3618 causa
1191 3550 1285 3618 tuerit
1308 3571 1362 3632 ea,

182 3695 275 3762 quam
289 3677 390 3742 Lucas
407 3676 459 3742 hic
475 3677 643 3765 significat,
663 3677 800 3743 studium
816 3675 935 3744 scilicet
950 3674 1135 3742 conciliandi
1154 3673 1213 3741 sibi
1226 3674 1362 3742 lavorcm

181 3798 264 3886 apud
282 3810 421 3866 recentes
437 3820 510 3867 suos
527 3800 668 3868 subditos
685 3799 738 3887 (cf.
758 3800 839 3868 dicta
855 3819 949 3888 supra
965 3799 1003 3866 ad
1020 3820 1067 3865 vs.
1087 3796 1135 3883 1).

184 3947 381 3963 ----·ι

217 4017 235 4083 1)
255 4037 267 4062 o
286 4021 361 4088 tussa
381 4017 520 4070 Clementis
541 4020 598 4071 Vlll
619 4020 659 4086 (ut
679 4025 752 4072 notat
777 4034 845 4087 ,pro
868 4032 898 4072 eo
920 4020 990 4086 quod
1012 4023 1088 4071 antea
1109 4018 1245 4084 legebatur
1259 4033 1264 4067 :
1277 4032 1363 4083 pera·

181 4100 294 4152 Lorinus
310 4101 336 4151 in
356 4099 413 4151 Act.
435 4102 468 4152 ad
484 4100 511 4151 h.
530 4100 557 4166 1.)
569 4102 597 4152 10
614 4103 751 4155 emendato
796 4100 1363 4168 0000001110000100,10100011000901100

182 4181 299 4232 Romano
311 4181 440 4232 breviario
454 4182 651 4234 restitutumest
664 4198 670 4233 ε
681 4196 750 4247 pro·
795 4185 979 4249 praedicasse,
996 4184 1118 4236 videlicet
1138 4183 1211 4234 nulla
1230 4182 1363 4232 mentione

180 4264 284 4315 vinciae
306 4264 452 4328 trispastos
472 4265 642 4317 eeclesiarum
662 4269 750 4318 trudi·
797 4265 1226 4318 100101101000111000.»(]1.Εο111
1244 4265 1362 4316 educto-

182 4348 277 4398 tiottem
288 4361 352 4408 esse,
363 4348 484 4398 lucabum
496 4349 654 4413 Hispaniam
663 4350 749 4400 adiis-
796 4351 879 4400 110000
895 4350 924 4399 tu
941 4349 1000 4400 locu
1011 4349 1173 4417 difficiliora,
1188 4347 1222 4400 ud
1234 4350 1287 4398 Act.
1300 4347 1364 4415 Cap.

184 4442 220 4490 ae,
233 4434 256 4480 ct
267 4429 303 4480 lli
319 4429 420 4494 altprect
439 4431 474 4480 od
491 4431 566 4495 {idern
577 4432 747 4492 cortucrtt'ssc,
796 4431 842 4482 xtl
858 4445 863 4482 :
878 4433 901 4482 ⁶2.
