3074 5054
175 378 220 444 ot
537 370 672 440 lorus
707 372 1041 460 urosuououvu,

219 567 275 634 tt.
305 586 395 652 qvem
418 565 505 630 Deos
526 565 692 630 suscitavit
715 565 826 629 solutis
852 566 1014 631 doloribus
1042 560 1206 650 inservi).
1237 563 1352 634 Adhuc

174 689 285 755 Petrus
300 686 339 755 de
354 685 478 755 Christo
495 686 632 776 loquitur
658 696 813 774 tamquam
830 686 868 754 de
884 688 998 755 eximio
1023 688 1156 776 quodam
1173 685 1349 775 Propheta3

175 811 306 879 necdum
323 810 406 878 euim
430 829 521 900 pares
546 819 632 876 crant
652 808 810 877 auditores
834 809 1016 878 sublimiora
1033 811 1071 877 de
1087 809 1202 877 Christi
1220 829 1353 899 persona

174 932 341 1002 audiendo.
359 934 408 999 Ex
431 933 551 1001 Graeco
568 932 736 1022 Participio
753 935 830 1000 Aor.
851 931 947 1009 λυσας
963 934 1080 1024 liquet,
1095 945 1199 1000 actvm
1215 936 1356 1000 solvendi

176 1060 229 1148 qui
253 1058 306 1126 hic
321 1057 453 1137 dicitur,
470 1056 509 1124 ad
524 1058 625 1124 Deum
643 1077 712 1124 esse
735 1058 944 1126 referendum.
961 1061 1069 1148 ltaque
1083 1071 1191 1126 auctor
1202 1058 1354 1146 Vulgatae

175 1182 279 1250 dicere
304 1181 401 1249 voluit
423 1201 431 1242 :
456 1203 547 1267 qvem
571 1183 655 1246 Devs
683 1184 883 1248 resuscitavit
910 1185 1073 1267 solvcvdo,
1096 1183 1164 1264 vel,
1186 1194 1353 1267 postquam

174 1312 316 1376 solvisset
354 1308 477 1372 dotores
521 1305 659 1389 inservi.
707 1305 769 1371 Pro
809 1301 920 1380 ωὸινας
958 1306 1057 1392 Syrus
1096 1306 1188 1375 habet
1226 1288 1354 1364 mn}

174 1431 344 1525 (viuculo),
366 1450 458 1519 quam
494 1448 602 1496 vocem
632 1438 736 1517 putem
764 1430 855 1497 etiam
883 1449 901 1496 a
925 1432 1018 1498 Petro
1046 1430 1142 1498 luisse
1167 1433 1351 1518 adhibitam,

175 1562 228 1650 qui
256 1581 329 1649 ergo
352 1559 493 1628 dixerit:
515 1556 603 1645 biritu
634 1556 723 1645 ’ἕῳ-3,
749 1558 772 1623 i.
802 1577 831 1624 e.
861 1560 986 1624 viuculo
1017 1561 1160 1644 ivsevvi5
1191 1580 1260 1627 uam
1294 1559 1355 1628 hoc

130 1722 135 1727 ’
176 1686 306 1756 suadent
328 1685 422 1754 verba
436 1687 556 1752 solvero
572 1694 602 1751 ct
619 1686 740 1766 teucri,
758 1703 838 1772 quae
860 1682 912 1751 hic
933 1685 1088 1773 leguntur,
1107 1705 1248 1775 quaeque
1269 1697 1354 1753 certe

177 1812 293 1879 rectius
315 1808 467 1899 quadrant
488 1808 520 1875 iu
541 1809 666 1873 viuculo
687 1807 753 1872 sive
773 1810 886 1892 toves,
910 1827 1002 1895 quam
1030 1809 1063 1874 iu
1090 1811 1222 1876 dolores.
1253 1811 1356 1877 Lucas

177 1946 297 2014 autem,
327 1933 380 2022 qui
408 1933 492 2000 Petri
520 1931 701 1998 concionem
728 1932 848 2001 Graece
876 1931 965 1999 uobis
993 1931 1137 2014 tradidit,
1163 1953 1219 2021 per
1245 1953 1355 1999 vocem

179 2055 288 2133 ωδινας
317 2079 378 2126 uon
402 2060 542 2137 dolores,
567 2055 622 2123 sed
648 2057 778 2122 viuculo
800 2055 866 2123 sive
887 2060 980 2142 foves
1002 2057 1177 2145 significare
1200 2057 1355 2140 voluisse,

178 2179 248 2247 ideo
269 2180 380 2246 coniici
407 2189 525 2267 potest,
553 2177 626 2267 quia
646 2177 678 2245 iu
702 2178 920 2260 Helleuistica,
939 2199 1000 2268 qua
1024 2178 1179 2261 utebatur,
1203 2179 1356 2262 dialecto,

179 2326 239 2373 vox
254 2302 354 2379 ωδινες
378 2304 470 2371 etiam
492 2303 532 2371 dc
555 2304 694 2369 vivcvtis
716 2303 782 2370 sive
796 2305 924 2389 suvibus
946 2303 1027 2372 dicta
1052 2303 1186 2385 videtur,
1204 2315 1238 2371 ut
1253 2303 1358 2393 colligi

179 2440 281 2520 potest
303 2449 342 2496 ex
357 2428 499 2495 versioue
522 2427 632 2505 LXX,
651 2426 682 2493 iu
700 2415 762 2516 qua
785 2427 974 2495 Hebraicum
991 2424 1099 2516 Qu,
1125 2428 1178 2495 ubi
1194 2430 1288 2514 foves
1304 2440 1360 2496 aut

181 2556 309 2620 vivcvtc
332 2562 433 2633 uotat,
451 2551 567 2641 passim
591 2570 648 2639 per·
672 2570 779 2618 vocem
803 2547 904 2626 ωᾶινες
927 2551 1094 2619 redditur&
1112 2554 1199 2638 Quae
1222 2554 1248 2620 si
1275 2565 1360 2621 recte

182 2676 335 2765 disputata
358 2683 447 2758 suut,
469 2674 636 2741 verborum
656 2675 739 2742 Petri
765 2694 876 2742 sensus
900 2674 952 2742 hic
975 2677 1034 2743 erit
1049 2701 1056 2743 :
1072 2699 1163 2763 qvem
1177 2679 1278 2761 Deus,
1296 2679 1359 2743 sot-

183 2801 279 2865 vevdv
294 2801 387 2884 [votes
403 2799 542 2882 ivsevvi,
561 2796 672 2881 qvibvs
688 2799 780 2881 quusi
802 2801 989 2864 constrictus
1005 2802 1167 2866 tenebatur
1170 2849 1183 2883 ,
1201 2802 1243 2865 od
1258 2803 1359 2866 vitam

182 2923 353 2988 revocavit.
380 2919 487 2988 Oratio
512 2916 723 3003 metaphorica
748 2931 812 3000 est,
830 2931 864 2988 ut
880 2932 973 3011 patet.
999 2923 1072 2990 Sive
1093 2926 1218 2990 viuculo
1235 2927 1362 3010 inserui

101 3083 102 3086 κ
183 3047 250 3136 (του
273 3040 366 3132 idco)
390 3042 489 3132 legaS,
515 3042 580 3110 sive
608 3044 736 3109 vivcvdu
762 3048 876 3112 tvvttis
903 3045 972 3135 (roo
994 3045 1153 3136 Θανατου),
1177 3067 1228 3114 res
1249 3047 1360 3116 eadent

183 3168 281 3250 radit,
299 3187 395 3257 quum
417 3168 565 3251 iuscrvvs
586 3165 706 3233 dicatur
729 3166 768 3235 de
788 3167 991 3257 receptaculis
1012 3170 1184 3237 animarum
1208 3147 1226 3237 a
1249 3189 1362 3259 corpo·

184 3291 270 3359 ribus
293 3289 480 3374 soluturum,
502 3290 657 3374 Iosevvvs
673 3298 795 3370 autem,
814 3289 880 3356 sive
899 3311 1003 3372 mors,
1022 3310 1078 3380 per
1094 3293 1360 3382 Prosopopoeiam

184 3423 339 3500 tamquam
367 3428 498 3500 persona
527 3407 579 3475 hic
606 3409 739 3492 sistitur,
768 3421 802 3478 ut
829 3412 985 3502 colligitur
1007 3433 1046 3481 eu
1068 3414 1192 3482 notione
1214 3414 1360 3485 dictionis

183 3535 357 3624 κρατεισθαι
384 3535 434 3597 ὑπ’
454 3555 566 3610 αυτου,
589 3552 669 3621 quae
691 3535 844 3622 sequitur.
871 3536 903 3604 Si
927 3537 996 3625 quis
1018 3537 1049 3602 iu
1071 3537 1174 3606 verbis
1193 3540 1295 3621 Petri,
1320 3539 1360 3608 de

183 3659 298 3749 quibus
321 3657 457 3744 egimus,
473 3659 594 3723 dotores
609 3657 682 3724 velit
700 3657 889 3748 intelligere,
907 3661 946 3728 ab
969 3682 1006 3729 eo
1029 3663 1111 3730 scire
1134 3663 1244 3745 uelim,
1263 3685 1359 3754 quos-

184 3804 254 3852 nam
271 3781 393 3851 modam
408 3781 551 3849 Christus
568 3793 638 3871 post
653 3794 784 3853 mortem
807 3806 975 3875 perpessos
992 3788 1190 3872 sitctotores,
1209 3789 1359 3878 aquibus

184 3917 265 3975 esset
279 3905 466 3974 liberandus.
483 3906 549 3973 Nec
569 3905 662 3974 verba
685 3906 760 3974 milri
784 3908 835 3976 det
858 3888 911 3976 aut
932 3929 1042 3990 voces,
1060 3910 1116 3977 sed
1131 3909 1274 3978 distincte
1290 3931 1358 3980 rem

184 4033 330 4122 explicet.

218 4241 237 4306 1)
254 4243 320 4294 Vsu.
337 4239 413 4290 Lucr.
436 4238 485 4291 Pro
507 4224 635 4288 icvcrov
651 4239 746 4305 legitur
791 4224 940 4277 nonnullos.

185 4312 395 4397 adacturum,
409 4328 436 4380 in
448 4329 510 4381 coc.
529 4330 559 4382 v.
577 4333 604 4383 et
620 4330 648 4381 m
664 4343 745 4382 vers.
824 4306 844 4373 ’t
861 4307 925 4359 vico
949 4304 1086 4358 seorsum.
1112 4305 1198 4359 tetre.
1228 4308 1256 4359 m
1277 4307 1357 4372 tux,

185 4384 244 4478 dyc.
257 4412 339 4479 (Eup.)
357 4411 431 4478 Copt.
450 4410 526 4475 Vulg.
539 4415 565 4462 et
577 4410 648 4477 apud
659 4410 748 4462 Patres
793 4404 892 4458 advoc.
914 4385 999 4454 ωδιν.
