<?xml version="1.0" encoding="UTF-8"?>
<!DOCTYPE html PUBLIC "-//W3C//DTD XHTML 1.0 Transitional//EN"
    "http://www.w3.org/TR/xhtml1/DTD/xhtml1-transitional.dtd">
<html xmlns="http://www.w3.org/1999/xhtml" xml:lang="en" lang="en">
 <head>
  <title>
</title>
<meta http-equiv="Content-Type" content="text/html;charset=utf-8" />
  <meta name='ocr-system' content='tesseract 3.04.00' />
  <meta name='ocr-capabilities' content='ocr_page ocr_carea ocr_par ocr_line ocrx_word'/>
</head>
<body>
  <div class='ocr_page' id='page_1' title='image "./commentariusina00beelgoog/commentariusina00beelgoog_0322.png"; bbox 0 0 3074 5054; ppageno 0'>
   <div class='ocr_carea' id='block_1_1' title="bbox 487 383 1365 458">
    <p class='ocr_par' dir='ltr' id='par_1_1' title="bbox 487 383 1365 458">
     <span class='ocr_line' id='line_1_1' title="bbox 487 383 1365 458; baseline 0.001 -8"><span class='ocrx_word' id='word_1_1' title='bbox 487 383 625 450; x_wconf 80' lang='lat' dir='ltr'>CAPUT</span> <span class='ocrx_word' id='word_1_2' title='bbox 659 383 712 458; x_wconf 91' lang='lat' dir='ltr'><strong>X,</strong></span> <span class='ocrx_word' id='word_1_3' title='bbox 750 383 872 452; x_wconf 86' lang='lat' dir='ltr'><strong>VERS.</strong></span> <span class='ocrx_word' id='word_1_4' title='bbox 912 384 1057 451; x_wconf 78' lang='lat' dir='ltr'><strong>58-ta.</strong></span> <span class='ocrx_word' id='word_1_5' title='bbox 1300 385 1365 452; x_wconf 72' lang='lat'><strong>295</strong></span> 
     </span>
    </p>
   </div>
   <div class='ocr_carea' id='block_1_2' title="bbox 178 570 1364 1384">
    <p class='ocr_par' dir='ltr' id='par_1_2' title="bbox 178 570 1364 1384">
     <span class='ocr_line' id='line_1_2' title="bbox 180 570 1364 664; baseline -0.005 -20"><span class='ocrx_word' id='word_1_6' title='bbox 180 577 361 664; x_wconf 78' lang='lat' dir='ltr'><strong>cogitaverit</strong></span> <span class='ocrx_word' id='word_1_7' title='bbox 385 571 528 662; x_wconf 89' lang='lat' dir='ltr'><strong>quidem,</strong></span> <span class='ocrx_word' id='word_1_8' title='bbox 547 570 601 638; x_wconf 89' lang='lat' dir='ltr'><strong>sed</strong></span> <span class='ocrx_word' id='word_1_9' title='bbox 618 570 720 638; x_wconf 82' lang='lat' dir='ltr'><strong>verbis</strong></span> <span class='ocrx_word' id='word_1_10' title='bbox 737 592 797 638; x_wconf 94' lang='lat' dir='ltr'><strong>non</strong></span> <span class='ocrx_word' id='word_1_11' title='bbox 816 573 1016 662; x_wconf 79' lang='lat' dir='ltr'><strong>expresserit.</strong></span> <span class='ocrx_word' id='word_1_12' title='bbox 1045 573 1213 660; x_wconf 81' lang='lat' dir='ltr'>Fingamus</span> <span class='ocrx_word' id='word_1_13' title='bbox 1238 591 1308 638; x_wconf 91' lang='lat' dir='ltr'><strong>eum</strong></span> <span class='ocrx_word' id='word_1_14' title='bbox 1332 572 1364 638; x_wconf 93' lang='lat' dir='ltr'><strong>in</strong></span> 
     </span>
     <span class='ocr_line' id='line_1_3' title="bbox 181 693 1364 785; baseline -0.005 -18"><span class='ocrx_word' id='word_1_15' title='bbox 181 710 284 767; x_wconf 92' lang='lat' dir='ltr'><strong>mente</strong></span> <span class='ocrx_word' id='word_1_16' title='bbox 300 697 447 764; x_wconf 89' lang='lat' dir='ltr'><strong>habuisse</strong></span> <span class='ocrx_word' id='word_1_17' title='bbox 463 695 645 762; x_wconf 91' lang='lat' dir='ltr'><strong>seutentiam</strong></span> <span class='ocrx_word' id='word_1_18' title='bbox 662 694 741 763; x_wconf 91' lang='lat' dir='ltr'><strong>hanc</strong></span> <span class='ocrx_word' id='word_1_19' title='bbox 761 722 769 764; x_wconf 91' lang='lat'><strong>:</strong></span> <span class='ocrx_word' id='word_1_20' title='bbox 787 697 889 782; x_wconf 83' lang='lat' dir='ltr'><strong>Quem</strong></span> <span class='ocrx_word' id='word_1_21' title='bbox 913 696 1039 785; x_wconf 88' lang='lat' dir='ltr'><strong>(lesum</strong></span> <span class='ocrx_word' id='word_1_22' title='bbox 1055 693 1271 783; x_wconf 83' lang='lat' dir='ltr'><strong>Nazarenum)</strong></span> <span class='ocrx_word' id='word_1_23' title='bbox 1289 695 1364 761; x_wconf 79' lang='lat' dir='ltr'><strong>llii·</strong></span> 
     </span>
     <span class='ocr_line' id='line_1_4' title="bbox 180 817 1364 909; baseline -0.005 -18"><span class='ocrx_word' id='word_1_24' title='bbox 180 821 413 909; x_wconf 88' lang='lat' dir='ltr'><strong>rosolyruitani‚</strong></span> <span class='ocrx_word' id='word_1_25' title='bbox 434 841 491 908; x_wconf 92' lang='lat' dir='ltr'><strong>pro</strong></span> <span class='ocrx_word' id='word_1_26' title='bbox 508 829 552 885; x_wconf 90' lang='lat' dir='ltr'><strong>tot</strong></span> <span class='ocrx_word' id='word_1_27' title='bbox 568 817 729 886; x_wconf 83' lang='lat' dir='ltr'><strong>beneficiis</strong></span> <span class='ocrx_word' id='word_1_28' title='bbox 747 821 912 907; x_wconf 78' lang='lat' dir='ltr'><strong>pessimam</strong></span> <span class='ocrx_word' id='word_1_29' title='bbox 928 821 1056 907; x_wconf 76' lang='lat' dir='ltr'><strong>gratiam</strong></span> <span class='ocrx_word' id='word_1_30' title='bbox 1077 819 1266 899; x_wconf 85' lang='lat' dir='ltr'><strong>referentes,</strong></span> <span class='ocrx_word' id='word_1_31' title='bbox 1292 839 1364 908; x_wconf 88' lang='lat' dir='ltr'><strong>per-</strong></span> 
     </span>
     <span class='ocr_line' id='line_1_5' title="bbox 179 940 1364 1034; baseline -0.005 -19"><span class='ocrx_word' id='word_1_32' title='bbox 179 947 277 1015; x_wconf 79' lang='lat' dir='ltr'><strong>secuti</strong></span> <span class='ocrx_word' id='word_1_33' title='bbox 310 956 400 1025; x_wconf 89' lang='lat' dir='ltr'><strong>sunt,</strong></span> <span class='ocrx_word' id='word_1_34' title='bbox 435 946 498 1010; x_wconf 87' lang='lat' dir='ltr'><strong>imo</strong></span> <span class='ocrx_word' id='word_1_35' title='bbox 516 956 560 1010; x_wconf 84' lang='lat' dir='ltr'><strong>et</strong></span> <span class='ocrx_word' id='word_1_36' title='bbox 591 940 682 1030; x_wconf 83' lang='grc' dir='ltr'>(και)</span> <span class='ocrx_word' id='word_1_37' title='bbox 715 955 870 1034; x_wconf 77' lang='lat' dir='ltr'><strong>tamquam</strong></span> <span class='ocrx_word' id='word_1_38' title='bbox 909 945 1139 1011; x_wconf 79' lang='lat' dir='ltr'><strong>malefactorem</strong></span> <span class='ocrx_word' id='word_1_39' title='bbox 1179 947 1364 1009; x_wconf 86' lang='lat' dir='ltr'><strong>occiderunt</strong></span> 
     </span>
     <span class='ocr_line' id='line_1_6' title="bbox 178 1065 1362 1158; baseline 0.001 -27"><span class='ocrx_word' id='word_1_40' title='bbox 178 1066 340 1158; x_wconf 78' lang='grc' dir='ltr'>(ανειλον),</span> <span class='ocrx_word' id='word_1_41' title='bbox 361 1065 530 1154; x_wconf 81' lang='lat' dir='ltr'><strong>suffigendo</strong></span> <span class='ocrx_word' id='word_1_42' title='bbox 547 1087 618 1132; x_wconf 90' lang='lat' dir='ltr'><strong>eum</strong></span> <span class='ocrx_word' id='word_1_43' title='bbox 635 1066 667 1133; x_wconf 95' lang='lat' dir='ltr'><strong>in</strong></span> <span class='ocrx_word' id='word_1_44' title='bbox 684 1087 789 1133; x_wconf 91' lang='lat' dir='ltr'><strong>eruce.</strong></span> <span class='ocrx_word' id='word_1_45' title='bbox 815 1068 880 1133; x_wconf 89' lang='lat' dir='ltr'><strong>lem</strong></span> <span class='ocrx_word' id='word_1_46' title='bbox 897 1067 922 1133; x_wconf 92' lang='lat' dir='ltr'><strong>si</strong></span> <span class='ocrx_word' id='word_1_47' title='bbox 940 1086 1112 1155; x_wconf 90' lang='lat' dir='ltr'><strong>ponamus,</strong></span> <span class='ocrx_word' id='word_1_48' title='bbox 1136 1067 1263 1132; x_wconf 89' lang='lat' dir='ltr'><strong>Petrum</strong></span> <span class='ocrx_word' id='word_1_49' title='bbox 1287 1066 1362 1132; x_wconf 91' lang='lat' dir='ltr'><strong>alte·</strong></span> 
     </span>
     <span class='ocr_line' id='line_1_7' title="bbox 179 1190 1361 1281; baseline -0.002 -21"><span class='ocrx_word' id='word_1_50' title='bbox 179 1214 246 1261; x_wconf 90' lang='lat' dir='ltr'><strong>ram</strong></span> <span class='ocrx_word' id='word_1_51' title='bbox 262 1204 380 1260; x_wconf 88' lang='lat' dir='ltr'><strong>tantum</strong></span> <span class='ocrx_word' id='word_1_52' title='bbox 399 1203 517 1281; x_wconf 90' lang='lat' dir='ltr'><strong>partem</strong></span> <span class='ocrx_word' id='word_1_53' title='bbox 545 1190 638 1258; x_wconf 92' lang='lat' dir='ltr'><strong>huius</strong></span> <span class='ocrx_word' id='word_1_54' title='bbox 666 1191 835 1258; x_wconf 88' lang='lat' dir='ltr'><strong>sententiae</strong></span> <span class='ocrx_word' id='word_1_55' title='bbox 863 1191 966 1258; x_wconf 89' lang='lat' dir='ltr'><strong>verhis</strong></span> <span class='ocrx_word' id='word_1_56' title='bbox 995 1191 1206 1280; x_wconf 83' lang='lat' dir='ltr'><strong>expressisse,</strong></span> <span class='ocrx_word' id='word_1_57' title='bbox 1237 1211 1361 1258; x_wconf 76' lang='lat' dir='ltr'><strong>calisam</strong></span> 
     </span>
     <span class='ocr_line' id='line_1_8' title="bbox 179 1314 606 1384; baseline -0.005 -2"><span class='ocrx_word' id='word_1_58' title='bbox 179 1318 269 1384; x_wconf 90' lang='lat' dir='ltr'><strong>istius</strong></span> <span class='ocrx_word' id='word_1_59' title='bbox 284 1340 336 1380; x_wconf 85' lang='grc' dir='ltr'><strong>και</strong></span> <span class='ocrx_word' id='word_1_60' title='bbox 353 1314 606 1382; x_wconf 78' lang='lat' dir='ltr'><strong>indicaverimus</strong></span> 
     </span>
    </p>
   </div>
   <div class='ocr_carea' id='block_1_3' title="bbox 176 1558 1363 3252">
    <p class='ocr_par' dir='ltr' id='par_1_3' title="bbox 176 1558 1363 3252">
     <span class='ocr_line' id='line_1_9' title="bbox 224 1558 1363 1649; baseline 0 -22"><span class='ocrx_word' id='word_1_61' title='bbox 224 1561 371 1627; x_wconf 77' lang='lat' dir='ltr'><strong>tro-tt.</strong></span> <span class='ocrx_word' id='word_1_62' title='bbox 398 1560 495 1624; x_wconf 87' lang='lat' dir='ltr'><strong>Huuc</strong></span> <span class='ocrx_word' id='word_1_63' title='bbox 519 1560 605 1624; x_wconf 85' lang='lat' dir='ltr'><strong>Deus</strong></span> <span class='ocrx_word' id='word_1_64' title='bbox 628 1561 810 1642; x_wconf 78' lang='lat' dir='ltr'><strong>suscitavit,</strong></span> <span class='ocrx_word' id='word_1_65' title='bbox 829 1559 920 1648; x_wconf 78' lang='lat' dir='ltr'><strong>eto).</strong></span> <span class='ocrx_word' id='word_1_66' title='bbox 940 1561 1027 1644; x_wconf 83' lang='lat' dir='ltr'><strong>Quae</strong></span> <span class='ocrx_word' id='word_1_67' title='bbox 1043 1579 1140 1649; x_wconf 91' lang='lat' dir='ltr'><strong>supra</strong></span> <span class='ocrx_word' id='word_1_68' title='bbox 1157 1558 1216 1641; x_wconf 87' lang='lat' dir='ltr'><strong>(vs.</strong></span> <span class='ocrx_word' id='word_1_69' title='bbox 1236 1561 1291 1648; x_wconf 79' lang='lat'><strong>38)</strong></span> <span class='ocrx_word' id='word_1_70' title='bbox 1307 1559 1363 1627; x_wconf 91' lang='lat' dir='ltr'><strong>do-</strong></span> 
     </span>
     <span class='ocr_line' id='line_1_10' title="bbox 178 1683 1361 1781; baseline -0.001 -31"><span class='ocrx_word' id='word_1_71' title='bbox 178 1683 301 1751; x_wconf 88' lang='lat' dir='ltr'><strong>cuimus</strong></span> <span class='ocrx_word' id='word_1_72' title='bbox 325 1687 363 1749; x_wconf 87' lang='lat' dir='ltr'><strong>de</strong></span> <span class='ocrx_word' id='word_1_73' title='bbox 386 1684 452 1748; x_wconf 89' lang='lat' dir='ltr'><strong>Deo</strong></span> <span class='ocrx_word' id='word_1_74' title='bbox 468 1685 577 1749; x_wconf 82' lang='lat' dir='ltr'><strong>Iesum</strong></span> <span class='ocrx_word' id='word_1_75' title='bbox 592 1694 727 1766; x_wconf 81' lang='lat' dir='ltr'><strong>uupeute</strong></span> <span class='ocrx_word' id='word_1_76' title='bbox 744 1684 871 1767; x_wconf 82' lang='lat' dir='ltr'><strong>Spiritu</strong></span> <span class='ocrx_word' id='word_1_77' title='bbox 886 1684 1002 1749; x_wconf 88' lang='lat' dir='ltr'><strong>Suucto</strong></span> <span class='ocrx_word' id='word_1_78' title='bbox 1018 1687 1197 1781; x_wconf 85' lang='lat' dir='ltr'><strong>eteirtute,</strong></span> <span class='ocrx_word' id='word_1_79' title='bbox 1217 1702 1251 1749; x_wconf 86' lang='lat' dir='ltr'><strong>ea</strong></span> <span class='ocrx_word' id='word_1_80' title='bbox 1269 1683 1361 1749; x_wconf 89' lang='lat' dir='ltr'><strong>ctiam</strong></span> 
     </span>
     <span class='ocr_line' id='line_1_11' title="bbox 178 1805 1359 1898; baseline -0.003 -22"><span class='ocrx_word' id='word_1_81' title='bbox 178 1810 209 1876; x_wconf 91' lang='lat' dir='ltr'><strong>in</strong></span> <span class='ocrx_word' id='word_1_82' title='bbox 239 1818 432 1898; x_wconf 85' lang='lat' dir='ltr'><strong>praesentem</strong></span> <span class='ocrx_word' id='word_1_83' title='bbox 460 1807 563 1874; x_wconf 89' lang='lat' dir='ltr'><strong>locum</strong></span> <span class='ocrx_word' id='word_1_84' title='bbox 591 1809 707 1896; x_wconf 86' lang='lat' dir='ltr'><strong>pariter</strong></span> <span class='ocrx_word' id='word_1_85' title='bbox 731 1805 893 1896; x_wconf 83' lang='lat' dir='ltr'><strong>quadrant.</strong></span> <span class='ocrx_word' id='word_1_86' title='bbox 924 1808 1098 1896; x_wconf 85' lang='lat' dir='ltr'><strong>Sequitur:</strong></span> <span class='ocrx_word' id='word_1_87' title='bbox 1127 1818 1157 1873; x_wconf 91' lang='lat' dir='ltr'><strong>et</strong></span> <span class='ocrx_word' id='word_1_88' title='bbox 1176 1810 1263 1874; x_wconf 85' lang='lat' dir='ltr'><strong>dedit</strong></span> <span class='ocrx_word' id='word_1_89' title='bbox 1289 1829 1359 1874; x_wconf 85' lang='lat' dir='ltr'><strong>eum</strong></span> 
     </span>
     <span class='ocr_line' id='line_1_12' title="bbox 177 1925 1360 2017; baseline 0.001 -21"><span class='ocrx_word' id='word_1_90' title='bbox 177 1933 386 2014; x_wconf 78' lang='lat' dir='ltr'><strong>manifestum</strong></span> <span class='ocrx_word' id='word_1_91' title='bbox 420 1932 510 2012; x_wconf 81' lang='lat' dir='ltr'><strong>fieri,</strong></span> <span class='ocrx_word' id='word_1_92' title='bbox 541 1928 574 1995; x_wconf 89' lang='lat' dir='ltr'><strong>h.</strong></span> <span class='ocrx_word' id='word_1_93' title='bbox 606 1951 634 1995; x_wconf 89' lang='lat' dir='ltr'><strong>c.</strong></span> <span class='ocrx_word' id='word_1_94' title='bbox 666 1930 800 2017; x_wconf 87' lang='lat' dir='ltr'><strong>lecitque</strong></span> <span class='ocrx_word' id='word_1_95' title='bbox 827 1925 940 2017; x_wconf 77' lang='lat' dir='ltr'><strong>(edoce</strong></span> <span class='ocrx_word' id='word_1_96' title='bbox 963 1927 1031 2015; x_wconf 61' lang='lat' dir='ltr'><strong>paq)</strong></span> <span class='ocrx_word' id='word_1_97' title='bbox 1056 1949 1127 1996; x_wconf 90' lang='lat' dir='ltr'><strong>eum</strong></span> <span class='ocrx_word' id='word_1_98' title='bbox 1156 1929 1360 2017; x_wconf 88' lang='lat' dir='ltr'><strong>conspicuum</strong></span> 
     </span>
     <span class='ocr_line' id='line_1_13' title="bbox 179 2050 1363 2142; baseline -0.001 -22"><span class='ocrx_word' id='word_1_99' title='bbox 179 2055 246 2120; x_wconf 88' lang='lat' dir='ltr'><strong>fieri</strong></span> <span class='ocrx_word' id='word_1_100' title='bbox 271 2054 460 2142; x_wconf 82' lang='lat' dir='ltr'><strong>(apparere,</strong></span> <span class='ocrx_word' id='word_1_101' title='bbox 485 2054 627 2117; x_wconf 78' lang='lat' dir='ltr'><strong>exhihere</strong></span> <span class='ocrx_word' id='word_1_102' title='bbox 650 2074 715 2118; x_wconf 83' lang='lat' dir='ltr'><strong>sese</strong></span> <span class='ocrx_word' id='word_1_103' title='bbox 736 2054 868 2136; x_wconf 88' lang='lat' dir='ltr'><strong>uiuum),</strong></span> <span class='ocrx_word' id='word_1_104' title='bbox 895 2072 954 2119; x_wconf 91' lang='lat' dir='ltr'><strong>non</strong></span> <span class='ocrx_word' id='word_1_105' title='bbox 973 2053 1026 2119; x_wconf 89' lang='lat' dir='ltr'><strong>toti</strong></span> <span class='ocrx_word' id='word_1_106' title='bbox 1045 2051 1176 2142; x_wconf 88' lang='lat' dir='ltr'><strong>populo,</strong></span> <span class='ocrx_word' id='word_1_107' title='bbox 1195 2050 1250 2118; x_wconf 91' lang='lat' dir='ltr'><strong>sed</strong></span> <span class='ocrx_word' id='word_1_108' title='bbox 1267 2054 1363 2120; x_wconf 88' lang='lat' dir='ltr'><strong>certis</strong></span> 
     </span>
     <span class='ocr_line' id='line_1_14' title="bbox 178 2176 1362 2266; baseline -0.001 -21"><span class='ocrx_word' id='word_1_109' title='bbox 178 2176 367 2266; x_wconf 89' lang='lat' dir='ltr'><strong>quibusdam</strong></span> <span class='ocrx_word' id='word_1_110' title='bbox 379 2178 472 2256; x_wconf 89' lang='lat' dir='ltr'><strong>viris,</strong></span> <span class='ocrx_word' id='word_1_111' title='bbox 491 2198 567 2262; x_wconf 87' lang='lat' dir='ltr'><strong>quos</strong></span> <span class='ocrx_word' id='word_1_112' title='bbox 584 2177 670 2242; x_wconf 81' lang='lat' dir='ltr'><strong>Deus</strong></span> <span class='ocrx_word' id='word_1_113' title='bbox 683 2179 718 2241; x_wconf 84' lang='lat' dir='ltr'><strong>iu</strong></span> <span class='ocrx_word' id='word_1_114' title='bbox 732 2189 822 2243; x_wconf 85' lang='lat' dir='ltr'><strong>testes</strong></span> <span class='ocrx_word' id='word_1_115' title='bbox 839 2176 976 2244; x_wconf 85' lang='lat' dir='ltr'><strong>oculatos</strong></span> <span class='ocrx_word' id='word_1_116' title='bbox 994 2177 1060 2243; x_wconf 90' lang='lat' dir='ltr'><strong>eius</strong></span> <span class='ocrx_word' id='word_1_117' title='bbox 1075 2177 1118 2242; x_wconf 92' lang='lat' dir='ltr'><strong>rei</strong></span> <span class='ocrx_word' id='word_1_118' title='bbox 1136 2187 1210 2242; x_wconf 90' lang='lat' dir='ltr'><strong>cute</strong></span> <span class='ocrx_word' id='word_1_119' title='bbox 1227 2179 1362 2260; x_wconf 85' lang='lat' dir='ltr'><strong>eleperot</strong></span> 
     </span>
     <span class='ocr_line' id='line_1_15' title="bbox 177 2300 1358 2392; baseline 0.003 -28"><span class='ocrx_word' id='word_1_120' title='bbox 177 2301 329 2392; x_wconf 80' lang='grc' dir='ltr'>(μαρτυσι</span> <span class='ocrx_word' id='word_1_121' title='bbox 363 2326 425 2376; x_wconf 83' lang='grc' dir='ltr'><strong>τοις</strong></span> <span class='ocrx_word' id='word_1_122' title='bbox 458 2301 831 2391; x_wconf 75' lang='grc' dir='ltr'>προκεχειροτονημενοις),</span> <span class='ocrx_word' id='word_1_123' title='bbox 863 2303 968 2384; x_wconf 77' lang='lat' dir='ltr'><strong>uehis,</strong></span> <span class='ocrx_word' id='word_1_124' title='bbox 1003 2301 1149 2390; x_wconf 84' lang='lat' dir='ltr'><strong>iuquam,</strong></span> <span class='ocrx_word' id='word_1_125' title='bbox 1178 2300 1358 2389; x_wconf 82' lang='lat' dir='ltr'><strong>ApostoliS,</strong></span> 
     </span>
     <span class='ocr_line' id='line_1_16' title="bbox 176 2425 1359 2515; baseline 0.001 -23"><span class='ocrx_word' id='word_1_126' title='bbox 176 2431 234 2512; x_wconf 88' lang='lat' dir='ltr'><strong>qui</strong></span> <span class='ocrx_word' id='word_1_127' title='bbox 248 2449 360 2512; x_wconf 80' lang='lat' dir='ltr'><strong>rrempe</strong></span> <span class='ocrx_word' id='word_1_128' title='bbox 379 2425 508 2515; x_wconf 79' lang='grc' dir='ltr'>(οῐτινες)</span> <span class='ocrx_word' id='word_1_129' title='bbox 532 2425 723 2492; x_wconf 81' lang='lat' dir='ltr'><strong>comedimus</strong></span> <span class='ocrx_word' id='word_1_130' title='bbox 747 2446 784 2493; x_wconf 89' lang='lat' dir='ltr'><strong>ac</strong></span> <span class='ocrx_word' id='word_1_131' title='bbox 808 2426 943 2493; x_wconf 91' lang='lat' dir='ltr'><strong>hibimus</strong></span> <span class='ocrx_word' id='word_1_132' title='bbox 968 2446 1039 2492; x_wconf 90' lang='lat' dir='ltr'><strong>cum</strong></span> <span class='ocrx_word' id='word_1_133' title='bbox 1064 2425 1131 2505; x_wconf 90' lang='lat' dir='ltr'><strong>illo,</strong></span> <span class='ocrx_word' id='word_1_134' title='bbox 1157 2435 1359 2515; x_wconf 88' lang='lat' dir='ltr'><strong>posteaquam</strong></span> 
     </span>
     <span class='ocr_line' id='line_1_17' title="bbox 176 2546 1359 2633; baseline -0.003 -16"><span class='ocrx_word' id='word_1_135' title='bbox 176 2570 195 2616; x_wconf 86' lang='lat' dir='ltr'><strong>a</strong></span> <span class='ocrx_word' id='word_1_136' title='bbox 211 2550 343 2617; x_wconf 91' lang='lat' dir='ltr'><strong>mortuis</strong></span> <span class='ocrx_word' id='word_1_137' title='bbox 358 2550 591 2616; x_wconf 82' lang='lat' dir='ltr'><strong>resurrexisset.</strong></span> <span class='ocrx_word' id='word_1_138' title='bbox 610 2587 654 2596; x_wconf 96' lang='lat'>-</span> <span class='ocrx_word' id='word_1_139' title='bbox 671 2549 919 2616; x_wconf 87' lang='lat' dir='ltr'><strong>Resurrectionis</strong></span> <span class='ocrx_word' id='word_1_140' title='bbox 937 2550 1007 2614; x_wconf 91' lang='lat' dir='ltr'><strong>lesu</strong></span> <span class='ocrx_word' id='word_1_141' title='bbox 1024 2546 1140 2614; x_wconf 87' lang='lat' dir='ltr'><strong>Christi</strong></span> <span class='ocrx_word' id='word_1_142' title='bbox 1159 2559 1249 2614; x_wconf 87' lang='lat' dir='ltr'><strong>testes</strong></span> <span class='ocrx_word' id='word_1_143' title='bbox 1262 2570 1359 2633; x_wconf 87' lang='lat' dir='ltr'><strong>prue-</strong></span> 
     </span>
     <span class='ocr_line' id='line_1_18' title="bbox 176 2668 1359 2762; baseline 0 -24"><span class='ocrx_word' id='word_1_144' title='bbox 176 2676 321 2738; x_wconf 82' lang='lat' dir='ltr'><strong>ordiuuti</strong></span> <span class='ocrx_word' id='word_1_145' title='bbox 345 2668 702 2762; x_wconf 78' lang='grc' dir='ltr'>(προκεχειροτονημενοι)</span> <span class='ocrx_word' id='word_1_146' title='bbox 720 2670 779 2737; x_wconf 90' lang='lat' dir='ltr'><strong>hoc</strong></span> <span class='ocrx_word' id='word_1_147' title='bbox 801 2672 868 2758; x_wconf 91' lang='lat' dir='ltr'><strong>ipso</strong></span> <span class='ocrx_word' id='word_1_148' title='bbox 893 2681 980 2736; x_wconf 90' lang='lat' dir='ltr'><strong>eraut</strong></span> <span class='ocrx_word' id='word_1_149' title='bbox 996 2671 1107 2736; x_wconf 89' lang='lat' dir='ltr'><strong>Petrus</strong></span> <span class='ocrx_word' id='word_1_150' title='bbox 1124 2681 1154 2736; x_wconf 89' lang='lat' dir='ltr'><strong>et</strong></span> <span class='ocrx_word' id='word_1_151' title='bbox 1169 2671 1282 2758; x_wconf 83' lang='lat' dir='ltr'><strong>reliqui</strong></span> <span class='ocrx_word' id='word_1_152' title='bbox 1300 2692 1359 2738; x_wconf 93' lang='lat' dir='ltr'><strong>un-</strong></span> 
     </span>
     <span class='ocr_line' id='line_1_19' title="bbox 177 2794 1356 2884; baseline -0.002 -20"><span class='ocrx_word' id='word_1_153' title='bbox 177 2796 300 2876; x_wconf 91' lang='lat' dir='ltr'><strong>decim,</strong></span> <span class='ocrx_word' id='word_1_154' title='bbox 319 2795 403 2884; x_wconf 86' lang='lat' dir='ltr'><strong>quod</strong></span> <span class='ocrx_word' id='word_1_155' title='bbox 426 2794 465 2862; x_wconf 91' lang='lat' dir='ltr'><strong>ad</strong></span> <span class='ocrx_word' id='word_1_156' title='bbox 488 2794 624 2861; x_wconf 86' lang='lat' dir='ltr'><strong>officium</strong></span> <span class='ocrx_word' id='word_1_157' title='bbox 647 2794 835 2882; x_wconf 90' lang='lat' dir='ltr'><strong>apostolatus</strong></span> <span class='ocrx_word' id='word_1_158' title='bbox 860 2815 876 2859; x_wconf 90' lang='lat' dir='ltr'><strong>a</strong></span> <span class='ocrx_word' id='word_1_159' title='bbox 900 2794 967 2860; x_wconf 91' lang='lat' dir='ltr'><strong>Deo</strong></span> <span class='ocrx_word' id='word_1_160' title='bbox 993 2813 1049 2881; x_wconf 90' lang='lat' dir='ltr'><strong>per</strong></span> <span class='ocrx_word' id='word_1_161' title='bbox 1072 2795 1175 2860; x_wconf 87' lang='lat' dir='ltr'><strong>lesum</strong></span> <span class='ocrx_word' id='word_1_162' title='bbox 1197 2794 1356 2862; x_wconf 90' lang='lat' dir='ltr'><strong>Christum</strong></span> 
     </span>
     <span class='ocr_line' id='line_1_20' title="bbox 176 2916 1360 3006; baseline 0.001 -22"><span class='ocrx_word' id='word_1_163' title='bbox 176 2918 299 2984; x_wconf 88' lang='lat' dir='ltr'><strong>lucrant</strong></span> <span class='ocrx_word' id='word_1_164' title='bbox 323 2916 425 2983; x_wconf 88' lang='lat' dir='ltr'><strong>electi.</strong></span> <span class='ocrx_word' id='word_1_165' title='bbox 451 2955 495 2964; x_wconf 88' lang='lat'><strong>--</strong></span> <span class='ocrx_word' id='word_1_166' title='bbox 516 2917 702 3006; x_wconf 79' lang='lat' dir='ltr'><strong>Xetporoueu</strong></span> <span class='ocrx_word' id='word_1_167' title='bbox 731 2917 857 3006; x_wconf 90' lang='lat' dir='ltr'><strong>proprie</strong></span> <span class='ocrx_word' id='word_1_168' title='bbox 883 2916 1010 2997; x_wconf 92' lang='lat' dir='ltr'><strong>dicitur,</strong></span> <span class='ocrx_word' id='word_1_169' title='bbox 1036 2929 1138 2985; x_wconf 92' lang='lat' dir='ltr'><strong>sumto</strong></span> <span class='ocrx_word' id='word_1_170' title='bbox 1163 2922 1360 2986; x_wconf 77' lang='lat' dir='ltr'><strong>aretecedeuti</strong></span> 
     </span>
     <span class='ocr_line' id='line_1_21' title="bbox 177 3038 1358 3129; baseline 0.005 -25"><span class='ocrx_word' id='word_1_171' title='bbox 177 3062 236 3129; x_wconf 93' lang='lat' dir='ltr'><strong>pro</strong></span> <span class='ocrx_word' id='word_1_172' title='bbox 254 3052 475 3124; x_wconf 79' lang='lat' dir='ltr'><strong>consequente,</strong></span> <span class='ocrx_word' id='word_1_173' title='bbox 491 3038 529 3106; x_wconf 91' lang='lat' dir='ltr'><strong>de</strong></span> <span class='ocrx_word' id='word_1_174' title='bbox 553 3038 704 3105; x_wconf 89' lang='lat' dir='ltr'><strong>electione</strong></span> <span class='ocrx_word' id='word_1_175' title='bbox 726 3059 805 3127; x_wconf 90' lang='lat' dir='ltr'><strong>quae</strong></span> <span class='ocrx_word' id='word_1_176' title='bbox 822 3039 856 3105; x_wconf 89' lang='lat' dir='ltr'><strong>fit</strong></span> <span class='ocrx_word' id='word_1_177' title='bbox 873 3059 929 3128; x_wconf 92' lang='lat' dir='ltr'><strong>per</strong></span> <span class='ocrx_word' id='word_1_178' title='bbox 944 3060 1058 3105; x_wconf 84' lang='lat' dir='ltr'><strong>mortus</strong></span> <span class='ocrx_word' id='word_1_179' title='bbox 1073 3052 1239 3126; x_wconf 78' lang='lat' dir='ltr'><strong>extensus5</strong></span> <span class='ocrx_word' id='word_1_180' title='bbox 1255 3042 1310 3110; x_wconf 91' lang='lat' dir='ltr'><strong>sed</strong></span> <span class='ocrx_word' id='word_1_181' title='bbox 1328 3043 1358 3110; x_wconf 90' lang='lat' dir='ltr'><strong>iu</strong></span> 
     </span>
     <span class='ocr_line' id='line_1_22' title="bbox 177 3161 1040 3252; baseline 0 -22"><span class='ocrx_word' id='word_1_182' title='bbox 177 3184 238 3230; x_wconf 91' lang='lat' dir='ltr'><strong>usu</strong></span> <span class='ocrx_word' id='word_1_183' title='bbox 255 3162 401 3251; x_wconf 89' lang='lat' dir='ltr'><strong>loquendi</strong></span> <span class='ocrx_word' id='word_1_184' title='bbox 418 3161 602 3249; x_wconf 73' lang='lat' dir='ltr'><strong>significatio</strong></span> <span class='ocrx_word' id='word_1_185' title='bbox 620 3161 713 3229; x_wconf 92' lang='lat' dir='ltr'><strong>huius</strong></span> <span class='ocrx_word' id='word_1_186' title='bbox 729 3163 815 3230; x_wconf 86' lang='lat' dir='ltr'><strong>vocis</strong></span> <span class='ocrx_word' id='word_1_187' title='bbox 831 3163 922 3231; x_wconf 89' lang='lat' dir='ltr'><strong>latius</strong></span> <span class='ocrx_word' id='word_1_188' title='bbox 945 3174 1040 3252; x_wconf 87' lang='lat' dir='ltr'><strong>patet.</strong></span> 
     </span>
    </p>
   </div>
   <div class='ocr_carea' id='block_1_4' title="bbox 223 3375 1356 3500">
    <p class='ocr_par' dir='ltr' id='par_1_4' title="bbox 223 3375 1356 3500">
     <span class='ocr_line' id='line_1_23' title="bbox 223 3375 1356 3500; baseline 0.007 -24"><span class='ocrx_word' id='word_1_189' title='bbox 223 3412 279 3476; x_wconf 64' lang='lat' dir='ltr'><strong>di.</strong></span> <span class='ocrx_word' id='word_1_190' title='bbox 305 3413 348 3476; x_wconf 87' lang='lat' dir='ltr'><strong>Et</strong></span> <span class='ocrx_word' id='word_1_191' title='bbox 372 3415 536 3494; x_wconf 83' lang='lat' dir='ltr'><strong>proecepit</strong></span> <span class='ocrx_word' id='word_1_192' title='bbox 556 3414 645 3477; x_wconf 84' lang='lat' dir='ltr'><strong>uobis</strong></span> <span class='ocrx_word' id='word_1_193' title='bbox 667 3417 855 3496; x_wconf 85' lang='lat' dir='ltr'><strong>praedicere</strong></span> <span class='ocrx_word' id='word_1_194' title='bbox 876 3419 994 3499; x_wconf 90' lang='lat' dir='ltr'><strong>populo</strong></span> <span class='ocrx_word' id='word_1_195' title='bbox 1016 3375 1045 3481; x_wconf 87' lang='lat' dir='ltr'><strong>el</strong></span> <span class='ocrx_word' id='word_1_196' title='bbox 1066 3418 1250 3498; x_wconf 80' lang='lat' dir='ltr'><strong>testificari,</strong></span> <span class='ocrx_word' id='word_1_197' title='bbox 1268 3417 1356 3500; x_wconf 76' lang='lat' dir='ltr'><strong>etc).</strong></span> 
     </span>
    </p>
   </div>
   <div class='ocr_carea' id='block_1_5' title="bbox 175 3536 1358 4492">
    <p class='ocr_par' dir='ltr' id='par_1_5' title="bbox 175 3536 1358 4492">
     <span class='ocr_line' id='line_1_24' title="bbox 177 3536 1358 3624; baseline 0.004 -20"><span class='ocrx_word' id='word_1_198' title='bbox 177 3538 298 3604; x_wconf 88' lang='lat' dir='ltr'><strong>Graece</strong></span> <span class='ocrx_word' id='word_1_199' title='bbox 314 3563 357 3624; x_wconf 83' lang='grc' dir='ltr'><strong>τῳ</strong></span> <span class='ocrx_word' id='word_1_200' title='bbox 374 3536 440 3624; x_wconf 83' lang='grc' dir='ltr'><strong>λαῳ</strong></span> <span class='ocrx_word' id='word_1_201' title='bbox 457 3539 526 3605; x_wconf 84' lang='lat' dir='ltr'><strong>scit.</strong></span> <span class='ocrx_word' id='word_1_202' title='bbox 546 3539 686 3620; x_wconf 92' lang='lat' dir='ltr'><strong>ludaeis;</strong></span> <span class='ocrx_word' id='word_1_203' title='bbox 702 3559 772 3606; x_wconf 93' lang='lat' dir='ltr'><strong>nam</strong></span> <span class='ocrx_word' id='word_1_204' title='bbox 790 3540 828 3608; x_wconf 91' lang='lat' dir='ltr'><strong>ah</strong></span> <span class='ocrx_word' id='word_1_205' title='bbox 845 3541 894 3608; x_wconf 90' lang='lat' dir='ltr'><strong>his</strong></span> <span class='ocrx_word' id='word_1_206' title='bbox 915 3541 1091 3610; x_wconf 87' lang='lat' dir='ltr'><strong>faciendum</strong></span> <span class='ocrx_word' id='word_1_207' title='bbox 1114 3552 1179 3608; x_wconf 92' lang='lat' dir='ltr'><strong>erat</strong></span> <span class='ocrx_word' id='word_1_208' title='bbox 1195 3541 1358 3610; x_wconf 88' lang='lat' dir='ltr'><strong>exordium</strong></span> 
     </span>
     <span class='ocr_line' id='line_1_25' title="bbox 177 3661 1358 3758; baseline 0.002 -31"><span class='ocrx_word' id='word_1_209' title='bbox 177 3661 432 3750; x_wconf 79' lang='lat' dir='ltr'><strong>praedicationiS,</strong></span> <span class='ocrx_word' id='word_1_210' title='bbox 450 3673 484 3729; x_wconf 90' lang='lat' dir='ltr'><strong>ut</strong></span> <span class='ocrx_word' id='word_1_211' title='bbox 499 3661 633 3730; x_wconf 90' lang='lat' dir='ltr'><strong>vidimus</strong></span> <span class='ocrx_word' id='word_1_212' title='bbox 646 3684 757 3754; x_wconf 89' lang='lat' dir='ltr'><strong>supra,</strong></span> <span class='ocrx_word' id='word_1_213' title='bbox 775 3666 851 3754; x_wconf 88' lang='lat' dir='ltr'><strong>Cap.</strong></span> <span class='ocrx_word' id='word_1_214' title='bbox 868 3667 961 3748; x_wconf 77' lang='lat'>1:83</span> <span class='ocrx_word' id='word_1_215' title='bbox 982 3677 1011 3732; x_wconf 89' lang='lat' dir='ltr'><strong>et</strong></span> <span class='ocrx_word' id='word_1_216' title='bbox 1028 3670 1193 3751; x_wconf 82' lang='lat' dir='ltr'><strong>testificari</strong></span> <span class='ocrx_word' id='word_1_217' title='bbox 1207 3663 1358 3758; x_wconf 79' lang='grc' dir='ltr'>(διαμαρ-</span> 
     </span>
     <span class='ocr_line' id='line_1_26' title="bbox 175 3786 1358 3878; baseline 0.005 -28"><span class='ocrx_word' id='word_1_218' title='bbox 175 3787 337 3876; x_wconf 73' lang='lat' dir='ltr'><strong>reperiat.</strong></span> <span class='ocrx_word' id='word_1_219' title='bbox 352 3786 433 3854; x_wconf 90' lang='lat' dir='ltr'><strong>Vide</strong></span> <span class='ocrx_word' id='word_1_220' title='bbox 445 3807 540 3875; x_wconf 89' lang='lat' dir='ltr'><strong>supra</strong></span> <span class='ocrx_word' id='word_1_221' title='bbox 553 3807 622 3874; x_wconf 80' lang='lat' dir='ltr'><strong>pag.</strong></span> <span class='ocrx_word' id='word_1_222' title='bbox 638 3790 693 3874; x_wconf 78' lang='lat'><strong>75)</strong></span> <span class='ocrx_word' id='word_1_223' title='bbox 708 3789 730 3853; x_wconf 92' lang='lat' dir='ltr'><strong>i.</strong></span> <span class='ocrx_word' id='word_1_224' title='bbox 745 3809 774 3854; x_wconf 91' lang='lat' dir='ltr'><strong>e.</strong></span> <span class='ocrx_word' id='word_1_225' title='bbox 794 3789 893 3878; x_wconf 89' lang='lat' dir='ltr'><strong>palam</strong></span> <span class='ocrx_word' id='word_1_226' title='bbox 907 3809 942 3856; x_wconf 91' lang='lat' dir='ltr'><strong>ac</strong></span> <span class='ocrx_word' id='word_1_227' title='bbox 955 3800 1131 3857; x_wconf 85' lang='lat' dir='ltr'><strong>constanter</strong></span> <span class='ocrx_word' id='word_1_228' title='bbox 1147 3789 1259 3857; x_wconf 86' lang='lat' dir='ltr'><strong>dooere</strong></span> <span class='ocrx_word' id='word_1_229' title='bbox 1276 3793 1358 3876; x_wconf 86' lang='lat' dir='ltr'><strong>quod</strong></span> 
     </span>
     <span class='ocr_line' id='line_1_27' title="bbox 177 3911 1357 4002; baseline 0.003 -26"><span class='ocrx_word' id='word_1_230' title='bbox 177 3914 246 3994; x_wconf 86' lang='lat' dir='ltr'><strong>ipse</strong></span> <span class='ocrx_word' id='word_1_231' title='bbox 260 3911 304 3974; x_wconf 91' lang='lat' dir='ltr'><strong>sit</strong></span> <span class='ocrx_word' id='word_1_232' title='bbox 319 3912 372 3974; x_wconf 90' lang='lat' dir='ltr'><strong>ille</strong></span> <span class='ocrx_word' id='word_1_233' title='bbox 389 3912 445 3993; x_wconf 83' lang='grc' dir='ltr'>(ὁτι</span> <span class='ocrx_word' id='word_1_234' title='bbox 462 3933 551 3982; x_wconf 61' lang='lat' dir='ltr'><strong>curce</strong></span> <span class='ocrx_word' id='word_1_235' title='bbox 567 3913 660 3993; x_wconf 84' lang='grc' dir='ltr'>εστιν)</span> <span class='ocrx_word' id='word_1_236' title='bbox 673 3914 728 3996; x_wconf 90' lang='lat' dir='ltr'><strong>qui</strong></span> <span class='ocrx_word' id='word_1_237' title='bbox 743 3915 933 3978; x_wconf 80' lang='lat' dir='ltr'><strong>constitutus</strong></span> <span class='ocrx_word' id='word_1_238' title='bbox 948 3926 994 3979; x_wconf 85' lang='lat' dir='ltr'><strong>est</strong></span> <span class='ocrx_word' id='word_1_239' title='bbox 1005 3913 1193 4002; x_wconf 81' lang='grc' dir='ltr'><strong>(ὡρισμενος,</strong></span> <span class='ocrx_word' id='word_1_240' title='bbox 1208 3915 1357 3996; x_wconf 76' lang='lat' dir='ltr'><strong>delictitus</strong></span> 
     </span>
     <span class='ocr_line' id='line_1_28' title="bbox 176 4034 1355 4124; baseline 0.004 -27"><span class='ocrx_word' id='word_1_241' title='bbox 176 4034 248 4116; x_wconf 86' lang='lat' dir='ltr'><strong>est),</strong></span> <span class='ocrx_word' id='word_1_242' title='bbox 263 4055 282 4097; x_wconf 90' lang='lat' dir='ltr'><strong><em>a</em></strong></span> <span class='ocrx_word' id='word_1_243' title='bbox 295 4035 359 4097; x_wconf 87' lang='lat' dir='ltr'><strong>Deo</strong></span> <span class='ocrx_word' id='word_1_244' title='bbox 375 4035 469 4097; x_wconf 80' lang='lat' dir='ltr'><strong>iudex</strong></span> <span class='ocrx_word' id='word_1_245' title='bbox 485 4036 628 4098; x_wconf 84' lang='lat' dir='ltr'><strong>uiuorum</strong></span> <span class='ocrx_word' id='word_1_246' title='bbox 645 4045 674 4099; x_wconf 86' lang='lat' dir='ltr'><strong>et</strong></span> <span class='ocrx_word' id='word_1_247' title='bbox 690 4047 902 4102; x_wconf 77' lang='lat' dir='ltr'><strong>emortuorum.</strong></span> <span class='ocrx_word' id='word_1_248' title='bbox 922 4036 1137 4124; x_wconf 79' lang='lat' dir='ltr'><strong>lntelliguntur</strong></span> <span class='ocrx_word' id='word_1_249' title='bbox 1153 4035 1206 4103; x_wconf 87' lang='lat' dir='ltr'><strong>hic</strong></span> <span class='ocrx_word' id='word_1_250' title='bbox 1218 4039 1281 4102; x_wconf 86' lang='lat' dir='ltr'><strong>uiui</strong></span> <span class='ocrx_word' id='word_1_251' title='bbox 1296 4035 1355 4118; x_wconf 87' lang='lat' dir='ltr'><strong>illi,</strong></span> 
     </span>
     <span class='ocr_line' id='line_1_29' title="bbox 178 4155 1357 4249; baseline 0.006 -29"><span class='ocrx_word' id='word_1_252' title='bbox 178 4155 232 4244; x_wconf 95' lang='lat' dir='ltr'><strong>qui</strong></span> <span class='ocrx_word' id='word_1_253' title='bbox 245 4155 348 4222; x_wconf 85' lang='lat' dir='ltr'><strong>vivent</strong></span> <span class='ocrx_word' id='word_1_254' title='bbox 359 4176 431 4223; x_wconf 92' lang='lat' dir='ltr'><strong>cum</strong></span> <span class='ocrx_word' id='word_1_255' title='bbox 446 4155 583 4224; x_wconf 85' lang='lat' dir='ltr'><strong>secundd</strong></span> <span class='ocrx_word' id='word_1_256' title='bbox 597 4158 735 4224; x_wconf 85' lang='lat' dir='ltr'><strong>Salvator</strong></span> <span class='ocrx_word' id='word_1_257' title='bbox 748 4158 899 4227; x_wconf 86' lang='lat' dir='ltr'><strong>adveniet.</strong></span> <span class='ocrx_word' id='word_1_258' title='bbox 921 4189 935 4219; x_wconf 83' lang='grc'><strong>«</strong></span> <span class='ocrx_word' id='word_1_259' title='bbox 949 4159 1110 4240; x_wconf 89' lang='lat' dir='ltr'><strong>Producit,</strong></span> <span class='ocrx_word' id='word_1_260' title='bbox 1126 4161 1226 4249; x_wconf 88' lang='lat' dir='ltr'><strong>inquit</strong></span> <span class='ocrx_word' id='word_1_261' title='bbox 1239 4160 1357 4227; x_wconf 81' lang='lat' dir='ltr'><strong>Selme-</strong></span> 
     </span>
     <span class='ocr_line' id='line_1_30' title="bbox 178 4277 1355 4362; baseline 0.004 -19"><span class='ocrx_word' id='word_1_262' title='bbox 178 4277 530 4345; x_wconf 89' lang='lat' dir='ltr'><strong>roniusTract.XXXll</strong></span> <span class='ocrx_word' id='word_1_263' title='bbox 541 4279 571 4345; x_wconf 93' lang='lat' dir='ltr'><strong>in</strong></span> <span class='ocrx_word' id='word_1_264' title='bbox 580 4279 678 4360; x_wconf 83' lang='lat' dir='ltr'><strong>Act),</strong></span> <span class='ocrx_word' id='word_1_265' title='bbox 688 4280 847 4349; x_wconf 87' lang='lat' dir='ltr'><strong>Christum</strong></span> <span class='ocrx_word' id='word_1_266' title='bbox 860 4281 995 4349; x_wconf 90' lang='lat' dir='ltr'><strong>iudicem</strong></span> <span class='ocrx_word' id='word_1_267' title='bbox 1008 4282 1239 4362; x_wconf 92' lang='lat' dir='ltr'><strong>universorum,</strong></span> <span class='ocrx_word' id='word_1_268' title='bbox 1249 4294 1282 4349; x_wconf 93' lang='lat' dir='ltr'><strong>ut</strong></span> <span class='ocrx_word' id='word_1_269' title='bbox 1295 4301 1355 4349; x_wconf 93' lang='lat' dir='ltr'><strong>non</strong></span> 
     </span>
     <span class='ocr_line' id='line_1_31' title="bbox 178 4400 1348 4492; baseline 0.009 -28"><span class='ocrx_word' id='word_1_270' title='bbox 178 4410 295 4465; x_wconf 87' lang='lat' dir='ltr'><strong>tantum</strong></span> <span class='ocrx_word' id='word_1_271' title='bbox 308 4400 436 4488; x_wconf 78' lang='lat' dir='ltr'><strong>diligant</strong></span> <span class='ocrx_word' id='word_1_272' title='bbox 447 4421 518 4467; x_wconf 91' lang='lat' dir='ltr'><strong>eum</strong></span> <span class='ocrx_word' id='word_1_273' title='bbox 531 4413 565 4468; x_wconf 94' lang='lat' dir='ltr'><strong>ut</strong></span> <span class='ocrx_word' id='word_1_274' title='bbox 577 4402 816 4492; x_wconf 90' lang='lat' dir='ltr'><strong>redemptorem,</strong></span> <span class='ocrx_word' id='word_1_275' title='bbox 827 4404 883 4471; x_wconf 92' lang='lat' dir='ltr'><strong>sed</strong></span> <span class='ocrx_word' id='word_1_276' title='bbox 896 4406 987 4472; x_wconf 90' lang='lat' dir='ltr'><strong>etiam</strong></span> <span class='ocrx_word' id='word_1_277' title='bbox 1000 4407 1126 4473; x_wconf 86' lang='lat' dir='ltr'><strong>timeant</strong></span> <span class='ocrx_word' id='word_1_278' title='bbox 1138 4417 1172 4473; x_wconf 89' lang='lat' dir='ltr'><strong>ut</strong></span> <span class='ocrx_word' id='word_1_279' title='bbox 1184 4405 1348 4474; x_wconf 79' lang='lat' dir='ltr'><strong>iudicem.»</strong></span> 
     </span>
    </p>
   </div>
   <div class='ocr_carea' id='block_1_6' title="bbox 0 0 1542 5054">
    <p class='ocr_par' dir='ltr' id='par_1_6' title="bbox 0 0 1542 5054">
     <span class='ocr_line' id='line_1_32' title="bbox 0 0 1542 5054; baseline 0 0"><span class='ocrx_word' id='word_1_280' title='bbox 0 0 1542 5054; x_wconf 95' lang='lat' dir='ltr'><strong> </strong></span> 
     </span>
    </p>
   </div>
  </div>
 </body>
</html>
