<?xml version="1.0" encoding="UTF-8"?>
<!DOCTYPE html PUBLIC "-//W3C//DTD XHTML 1.0 Transitional//EN"
    "http://www.w3.org/TR/xhtml1/DTD/xhtml1-transitional.dtd">
<html xmlns="http://www.w3.org/1999/xhtml" xml:lang="en" lang="en">
 <head>
  <title>
</title>
<meta http-equiv="Content-Type" content="text/html;charset=utf-8" />
  <meta name='ocr-system' content='tesseract 3.04.00' />
  <meta name='ocr-capabilities' content='ocr_page ocr_carea ocr_par ocr_line ocrx_word'/>
</head>
<body>
  <div class='ocr_page' id='page_1' title='image "./commentariusina00beelgoog/commentariusina00beelgoog_0602.png"; bbox 0 0 3074 5054; ppageno 0'>
   <div class='ocr_carea' id='block_1_1' title="bbox 455 371 1366 452">
    <p class='ocr_par' dir='ltr' id='par_1_1' title="bbox 455 371 1366 452">
     <span class='ocr_line' id='line_1_1' title="bbox 455 371 1366 452; baseline 0 -12"><span class='ocrx_word' id='word_1_1' title='bbox 455 373 593 441; x_wconf 81' lang='lat' dir='ltr'>CAPUT</span> <span class='ocrx_word' id='word_1_2' title='bbox 627 371 756 452; x_wconf 91' lang='lat' dir='ltr'>XXVl,</span> <span class='ocrx_word' id='word_1_3' title='bbox 795 371 916 442; x_wconf 72' lang='lat' dir='ltr'>Vuae.</span> <span class='ocrx_word' id='word_1_4' title='bbox 957 375 1100 442; x_wconf 68' lang='lat' dir='ltr'>lli-23.</span> <span class='ocrx_word' id='word_1_5' title='bbox 1300 375 1366 443; x_wconf 75' lang='grc'>565</span> 
     </span>
    </p>
   </div>
   <div class='ocr_carea' id='block_1_2' title="bbox 179 559 1367 903">
    <p class='ocr_par' dir='ltr' id='par_1_2' title="bbox 179 559 1367 903">
     <span class='ocr_line' id='line_1_2' title="bbox 180 559 1367 648; baseline -0.005 -16"><span class='ocrx_word' id='word_1_6' title='bbox 180 563 287 645; x_wconf 87' lang='lat' dir='ltr'>vellet,</span> <span class='ocrx_word' id='word_1_7' title='bbox 308 563 547 648; x_wconf 81' lang='lat' dir='ltr'>declaraverat),</span> <span class='ocrx_word' id='word_1_8' title='bbox 568 566 624 629; x_wconf 87' lang='lat' dir='ltr'>sed</span> <span class='ocrx_word' id='word_1_9' title='bbox 647 566 791 648; x_wconf 87' lang='lat' dir='ltr'>primum</span> <span class='ocrx_word' id='word_1_10' title='bbox 816 564 1023 630; x_wconf 75' lang='lat' dir='ltr'>Damascenis</span> <span class='ocrx_word' id='word_1_11' title='bbox 1046 559 1140 648; x_wconf 81' lang='lat' dir='ltr'>(ullu</span> <span class='ocrx_word' id='word_1_12' title='bbox 1164 585 1226 638; x_wconf 83' lang='grc' dir='ltr'><strong>τοις</strong></span> <span class='ocrx_word' id='word_1_13' title='bbox 1244 585 1279 626; x_wconf 83' lang='grc' dir='ltr'>-εν</span> <span class='ocrx_word' id='word_1_14' title='bbox 1303 562 1367 626; x_wconf 86' lang='grc' dir='ltr'>Δα-</span> 
     </span>
     <span class='ocr_line' id='line_1_3' title="bbox 181 684 1367 782; baseline 0 -30"><span class='ocrx_word' id='word_1_15' title='bbox 181 714 293 777; x_wconf 78' lang='grc' dir='ltr'>μασκῳ</span> <span class='ocrx_word' id='word_1_16' title='bbox 310 712 439 782; x_wconf 80' lang='lat' dir='ltr'>aporos.</span> <span class='ocrx_word' id='word_1_17' title='bbox 465 687 536 756; x_wconf 90' lang='lat' dir='ltr'>vide</span> <span class='ocrx_word' id='word_1_18' title='bbox 552 686 590 756; x_wconf 90' lang='lat' dir='ltr'>ad</span> <span class='ocrx_word' id='word_1_19' title='bbox 610 688 686 778; x_wconf 84' lang='lat' dir='ltr'>Gap.</span> <span class='ocrx_word' id='word_1_20' title='bbox 706 687 753 754; x_wconf 91' lang='lat' dir='ltr'>lX</span> <span class='ocrx_word' id='word_1_21' title='bbox 773 710 780 753; x_wconf 91' lang='lat'>:</span> <span class='ocrx_word' id='word_1_22' title='bbox 800 684 869 768; x_wconf 66' lang='lat'>20),</span> <span class='ocrx_word' id='word_1_23' title='bbox 887 699 917 754; x_wconf 89' lang='lat' dir='ltr'>et</span> <span class='ocrx_word' id='word_1_24' title='bbox 932 708 1007 752; x_wconf 87' lang='lat' dir='ltr'>mou</span> <span class='ocrx_word' id='word_1_25' title='bbox 1026 687 1268 772; x_wconf 76' lang='lat' dir='ltr'>Hierosolymue</span> <span class='ocrx_word' id='word_1_26' title='bbox 1284 684 1367 768; x_wconf 88' lang='lat' dir='ltr'>(ride</span> 
     </span>
     <span class='ocr_line' id='line_1_4' title="bbox 179 810 1363 903; baseline -0.003 -24"><span class='ocrx_word' id='word_1_27' title='bbox 179 813 256 880; x_wconf 86' lang='lat' dir='ltr'><strong>ibid.</strong></span> <span class='ocrx_word' id='word_1_28' title='bbox 274 835 322 882; x_wconf 87' lang='lat' dir='ltr'>vs.</span> <span class='ocrx_word' id='word_1_29' title='bbox 341 816 398 896; x_wconf 68' lang='lat'>28,</span> <span class='ocrx_word' id='word_1_30' title='bbox 417 816 471 903; x_wconf 68' lang='lat'>29)</span> <span class='ocrx_word' id='word_1_31' title='bbox 488 824 517 879; x_wconf 91' lang='lat' dir='ltr'>et</span> <span class='ocrx_word' id='word_1_32' title='bbox 534 815 569 878; x_wconf 89' lang='lat' dir='ltr'>iu</span> <span class='ocrx_word' id='word_1_33' title='bbox 585 815 672 878; x_wconf 87' lang='lat' dir='ltr'>omui</span> <span class='ocrx_word' id='word_1_34' title='bbox 687 814 814 896; x_wconf 84' lang='lat' dir='ltr'>repioue</span> <span class='ocrx_word' id='word_1_35' title='bbox 826 814 986 896; x_wconf 82' lang='lat' dir='ltr'>Iudaeae,</span> <span class='ocrx_word' id='word_1_36' title='bbox 1009 824 1039 879; x_wconf 87' lang='lat' dir='ltr'>et</span> <span class='ocrx_word' id='word_1_37' title='bbox 1055 810 1189 894; x_wconf 81' lang='lat' dir='ltr'>(deinde)</span> <span class='ocrx_word' id='word_1_38' title='bbox 1210 813 1363 878; x_wconf 79' lang='lat' dir='ltr'>Gentibus</span> 
     </span>
    </p>
   </div>
   <div class='ocr_carea' id='block_1_3' title="bbox 179 935 1461 1025">
    <p class='ocr_par' dir='ltr' id='par_1_3' title="bbox 179 935 1461 1025">
     <span class='ocr_line' id='line_1_5' title="bbox 179 935 1461 1025; baseline -0.002 -22"><span class='ocrx_word' id='word_1_39' title='bbox 179 941 431 1022; x_wconf 84' lang='lat' dir='ltr'>annunciabum,</span> <span class='ocrx_word' id='word_1_40' title='bbox 458 948 605 1022; x_wconf 88' lang='lat' dir='ltr'>oportere</span> <span class='ocrx_word' id='word_1_41' title='bbox 633 957 684 1003; x_wconf 89' lang='lat' dir='ltr'>eos</span> <span class='ocrx_word' id='word_1_42' title='bbox 704 935 878 1025; x_wconf 87' lang='lat' dir='ltr'>superioris</span> <span class='ocrx_word' id='word_1_43' title='bbox 906 935 985 1003; x_wconf 88' lang='lat' dir='ltr'>ritae</span> <span class='ocrx_word' id='word_1_44' title='bbox 1014 957 1107 1020; x_wconf 82' lang='lat' dir='ltr'>opere</span> <span class='ocrx_word' id='word_1_45' title='bbox 1132 938 1365 1021; x_wconf 85' lang='lat' dir='ltr'>poeniteutiam</span> <span class='ocrx_word' id='word_1_46' title='bbox 1453 969 1461 975; x_wconf 92' lang='lat'><strong>·</strong></span> 
     </span>
    </p>
   </div>
   <div class='ocr_carea' id='block_1_4' title="bbox 144 1057 1368 4022">
    <p class='ocr_par' dir='ltr' id='par_1_4' title="bbox 144 1057 1368 2776">
     <span class='ocr_line' id='line_1_6' title="bbox 178 1057 1365 1153; baseline -0.003 -27"><span class='ocrx_word' id='word_1_47' title='bbox 178 1061 366 1153; x_wconf 72' lang='lat' dir='ltr'>(persuasu)</span> <span class='ocrx_word' id='word_1_48' title='bbox 378 1085 468 1151; x_wconf 81' lang='lat' dir='ltr'>seque</span> <span class='ocrx_word' id='word_1_49' title='bbox 480 1066 522 1130; x_wconf 89' lang='lat' dir='ltr'>ud</span> <span class='ocrx_word' id='word_1_50' title='bbox 534 1064 636 1128; x_wconf 85' lang='lat' dir='ltr'>Deum</span> <span class='ocrx_word' id='word_1_51' title='bbox 649 1074 843 1146; x_wconf 85' lang='lat' dir='ltr'>convertere,</span> <span class='ocrx_word' id='word_1_52' title='bbox 859 1083 956 1146; x_wconf 88' lang='lat' dir='ltr'>opero</span> <span class='ocrx_word' id='word_1_53' title='bbox 968 1064 1119 1148; x_wconf 75' lang='lat' dir='ltr'>facientes</span> <span class='ocrx_word' id='word_1_54' title='bbox 1133 1057 1365 1152; x_wconf 66' lang='lat' dir='ltr'>(operaremus),</span> 
     </span>
     <span class='ocr_line' id='line_1_7' title="bbox 178 1186 1367 1274; baseline -0.004 -19"><span class='ocrx_word' id='word_1_55' title='bbox 178 1209 257 1274; x_wconf 84' lang='lat' dir='ltr'>puae</span> <span class='ocrx_word' id='word_1_56' title='bbox 284 1191 374 1255; x_wconf 87' lang='lat' dir='ltr'>iilum</span> <span class='ocrx_word' id='word_1_57' title='bbox 397 1190 629 1273; x_wconf 87' lang='lat' dir='ltr'>poenitentium</span> <span class='ocrx_word' id='word_1_58' title='bbox 657 1190 827 1254; x_wconf 74' lang='lat' dir='ltr'>decerem&#39;.</span> <span class='ocrx_word' id='word_1_59' title='bbox 858 1187 953 1252; x_wconf 86' lang='lat' dir='ltr'>Hauc</span> <span class='ocrx_word' id='word_1_60' title='bbox 976 1186 1013 1252; x_wconf 93' lang='lat' dir='ltr'>ob</span> <span class='ocrx_word' id='word_1_61' title='bbox 1038 1208 1167 1254; x_wconf 90' lang='lat' dir='ltr'>causam</span> <span class='ocrx_word' id='word_1_62' title='bbox 1194 1207 1292 1273; x_wconf 82' lang='lat' dir='ltr'>puram</span> <span class='ocrx_word' id='word_1_63' title='bbox 1316 1206 1367 1251; x_wconf 85' lang='lat' dir='ltr'>me</span> 
     </span>
     <span class='ocr_line' id='line_1_8' title="bbox 178 1308 1368 1400; baseline -0.005 -17"><span class='ocrx_word' id='word_1_64' title='bbox 178 1319 296 1384; x_wconf 88' lang='lat' dir='ltr'>ludaei</span> <span class='ocrx_word' id='word_1_65' title='bbox 310 1319 344 1383; x_wconf 89' lang='lat' dir='ltr'>ia</span> <span class='ocrx_word' id='word_1_66' title='bbox 365 1319 481 1400; x_wconf 86' lang='lat' dir='ltr'>templo</span> <span class='ocrx_word' id='word_1_67' title='bbox 504 1316 814 1399; x_wconf 76' lang='lat' dir='ltr'>comprehendissent</span> <span class='ocrx_word' id='word_1_68' title='bbox 837 1308 1102 1399; x_wconf 68' lang='lat' dir='ltr'>(oollussopsuu),</span> <span class='ocrx_word' id='word_1_69' title='bbox 1128 1314 1368 1398; x_wconf 77' lang='lat' dir='ltr'>interficereme</span> 
     </span>
     <span class='ocr_line' id='line_1_9' title="bbox 178 1439 1364 1530; baseline -0.007 -21"><span class='ocrx_word' id='word_1_70' title='bbox 178 1445 385 1511; x_wconf 85' lang='lat' dir='ltr'>conabuntur.</span> <span class='ocrx_word' id='word_1_71' title='bbox 404 1445 559 1510; x_wconf 85' lang='lat' dir='ltr'>Divinum</span> <span class='ocrx_word' id='word_1_72' title='bbox 583 1445 682 1526; x_wconf 80' lang='lat' dir='ltr'>ipitur</span> <span class='ocrx_word' id='word_1_73' title='bbox 697 1454 809 1509; x_wconf 89' lang='lat' dir='ltr'>unctus</span> <span class='ocrx_word' id='word_1_74' title='bbox 825 1442 985 1506; x_wconf 77' lang='lat' dir='ltr'>auxilium</span> <span class='ocrx_word' id='word_1_75' title='bbox 998 1439 1182 1530; x_wconf 81' lang='grc' dir='ltr'>(επικουριας</span> <span class='ocrx_word' id='word_1_76' title='bbox 1198 1461 1364 1526; x_wconf 72' lang='lat' dir='ltr'>surrupui</span> 
     </span>
     <span class='ocr_line' id='line_1_10' title="bbox 178 1563 1363 1656; baseline -0.003 -25"><span class='ocrx_word' id='word_1_77' title='bbox 178 1591 229 1642; x_wconf 83' lang='grc' dir='ltr'>της</span> <span class='ocrx_word' id='word_1_78' title='bbox 251 1589 334 1656; x_wconf 81' lang='grc' dir='ltr'><em>παρα</em></span> <span class='ocrx_word' id='word_1_79' title='bbox 357 1589 410 1631; x_wconf 82' lang='grc' dir='ltr'>του</span> <span class='ocrx_word' id='word_1_80' title='bbox 430 1563 521 1646; x_wconf 77' lang='grc' dir='ltr'>Θεου)</span> <span class='ocrx_word' id='word_1_81' title='bbox 544 1565 711 1633; x_wconf 90' lang='lat' dir='ltr'>incolumis</span> <span class='ocrx_word' id='word_1_82' title='bbox 734 1566 981 1651; x_wconf 81' lang='lat' dir='ltr'>subsistensque</span> <span class='ocrx_word' id='word_1_83' title='bbox 1000 1564 1241 1630; x_wconf 88' lang='lat' dir='ltr'>iubodieruum</span> <span class='ocrx_word' id='word_1_84' title='bbox 1261 1565 1363 1647; x_wconf 86' lang='lat' dir='ltr'>diem,</span> 
     </span>
     <span class='ocr_line' id='line_1_11' title="bbox 177 1688 1365 1778; baseline -0.003 -18"><span class='ocrx_word' id='word_1_85' title='bbox 177 1691 302 1760; x_wconf 87' lang='lat' dir='ltr'>assidue</span> <span class='ocrx_word' id='word_1_86' title='bbox 329 1695 498 1776; x_wconf 73' lang='lat' dir='ltr'>testificans</span> <span class='ocrx_word' id='word_1_87' title='bbox 522 1703 615 1778; x_wconf 81' lang='lat' dir='ltr'>atque</span> <span class='ocrx_word' id='word_1_88' title='bbox 639 1693 831 1776; x_wconf 88' lang='lat' dir='ltr'>praedicans</span> <span class='ocrx_word' id='word_1_89' title='bbox 860 1688 1063 1778; x_wconf 79' lang='lat' dir='ltr'>Evangelium</span> <span class='ocrx_word' id='word_1_90' title='bbox 1086 1692 1157 1762; x_wconf 88' lang='lat' dir='ltr'>siae</span> <span class='ocrx_word' id='word_1_91' title='bbox 1178 1692 1365 1756; x_wconf 87' lang='lat' dir='ltr'>discrimine</span> 
     </span>
     <span class='ocr_line' id='line_1_12' title="bbox 177 1812 1367 1908; baseline -0.002 -25"><span class='ocrx_word' id='word_1_92' title='bbox 177 1817 323 1883; x_wconf 87' lang='lat' dir='ltr'>omuibus</span> <span class='ocrx_word' id='word_1_93' title='bbox 336 1825 447 1908; x_wconf 80' lang='lat' dir='ltr'>(prupop</span> <span class='ocrx_word' id='word_1_94' title='bbox 468 1837 499 1879; x_wconf 84' lang='grc' dir='ltr'>τε</span> <span class='ocrx_word' id='word_1_95' title='bbox 515 1839 567 1879; x_wconf 87' lang='grc' dir='ltr'>και</span> <span class='ocrx_word' id='word_1_96' title='bbox 585 1812 735 1906; x_wconf 75' lang='grc' dir='ltr'>μεγαλῳ),</span> <span class='ocrx_word' id='word_1_97' title='bbox 752 1817 836 1883; x_wconf 86' lang='lat' dir='ltr'>nibil</span> <span class='ocrx_word' id='word_1_98' title='bbox 857 1818 971 1881; x_wconf 87' lang='lat' dir='ltr'>docens</span> <span class='ocrx_word' id='word_1_99' title='bbox 989 1825 1082 1881; x_wconf 80' lang='lat' dir='ltr'>entra</span> <span class='ocrx_word' id='word_1_100' title='bbox 1098 1837 1134 1880; x_wconf 90' lang='lat' dir='ltr'>ea</span> <span class='ocrx_word' id='word_1_101' title='bbox 1149 1836 1230 1900; x_wconf 83' lang='lat' dir='ltr'>qaae</span> <span class='ocrx_word' id='word_1_102' title='bbox 1243 1828 1272 1883; x_wconf 89' lang='lat' dir='ltr'>et</span> <span class='ocrx_word' id='word_1_103' title='bbox 1283 1815 1367 1882; x_wconf 90' lang='lat' dir='ltr'>Pro·</span> 
     </span>
     <span class='ocr_line' id='line_1_13' title="bbox 175 1938 1364 2029; baseline -0.003 -19"><span class='ocrx_word' id='word_1_104' title='bbox 175 1947 288 2029; x_wconf 87' lang='lat' dir='ltr'>pbetae</span> <span class='ocrx_word' id='word_1_105' title='bbox 313 1955 342 2010; x_wconf 87' lang='lat' dir='ltr'>et</span> <span class='ocrx_word' id='word_1_106' title='bbox 359 1944 464 2009; x_wconf 84' lang='lat' dir='ltr'>Moses</span> <span class='ocrx_word' id='word_1_107' title='bbox 488 1945 641 2008; x_wconf 81' lang='lat' dir='ltr'>dicerunt</span> <span class='ocrx_word' id='word_1_108' title='bbox 665 1963 730 2008; x_wconf 85' lang='lat' dir='ltr'>esse</span> <span class='ocrx_word' id='word_1_109' title='bbox 754 1951 924 2025; x_wconf 85' lang='lat' dir='ltr'>eventurn;</span> <span class='ocrx_word' id='word_1_110' title='bbox 949 1962 1001 2005; x_wconf 79' lang='lat' dir='ltr'>uu,</span> <span class='ocrx_word' id='word_1_111' title='bbox 1016 1938 1063 2021; x_wconf 86' lang='grc' dir='ltr'>(ει)</span> <span class='ocrx_word' id='word_1_112' title='bbox 1087 1941 1211 2007; x_wconf 86' lang='lat' dir='ltr'>scilicet</span> <span class='ocrx_word' id='word_1_113' title='bbox 1226 1941 1364 2007; x_wconf 86' lang='lat' dir='ltr'>Messias</span> 
     </span>
     <span class='ocr_line' id='line_1_14' title="bbox 177 2064 1365 2158; baseline -0.002 -26"><span class='ocrx_word' id='word_1_114' title='bbox 177 2065 208 2158; x_wconf 83' lang='grc' dir='ltr'>(ὁ</span> <span class='ocrx_word' id='word_1_115' title='bbox 220 2065 380 2158; x_wconf 83' lang='grc' dir='ltr'>Χριστος),</span> <span class='ocrx_word' id='word_1_116' title='bbox 395 2069 452 2153; x_wconf 82' lang='lat' dir='ltr'>qui</span> <span class='ocrx_word' id='word_1_117' title='bbox 462 2077 616 2133; x_wconf 87' lang='lat' dir='ltr'>venturus</span> <span class='ocrx_word' id='word_1_118' title='bbox 629 2076 713 2150; x_wconf 82' lang='lat' dir='ltr'>erat,</span> <span class='ocrx_word' id='word_1_119' title='bbox 724 2067 895 2132; x_wconf 88' lang='lat' dir='ltr'>secuudum</span> <span class='ocrx_word' id='word_1_120' title='bbox 907 2066 1059 2130; x_wconf 87' lang='lat' dir='ltr'>vaticinia</span> <span class='ocrx_word' id='word_1_121' title='bbox 1071 2064 1309 2148; x_wconf 80' lang='lat' dir='ltr'>Prophetarum</span> <span class='ocrx_word' id='word_1_122' title='bbox 1323 2066 1365 2130; x_wconf 80' lang='lat' dir='ltr'>nrt</span> 
     </span>
     <span class='ocr_line' id='line_1_15' title="bbox 175 2188 1364 2281; baseline -0.003 -22"><span class='ocrx_word' id='word_1_123' title='bbox 175 2194 364 2276; x_wconf 80' lang='lat' dir='ltr'>patiendum</span> <span class='ocrx_word' id='word_1_124' title='bbox 382 2194 558 2257; x_wconf 87' lang='lat' dir='ltr'>destinatus</span> <span class='ocrx_word' id='word_1_125' title='bbox 577 2192 622 2257; x_wconf 82' lang='lat' dir='ltr'>sit</span> <span class='ocrx_word' id='word_1_126' title='bbox 637 2188 802 2281; x_wconf 65' lang='lat' dir='ltr'>(naburogp</span> <span class='ocrx_word' id='word_1_127' title='bbox 821 2210 864 2255; x_wconf 90' lang='lat' dir='ltr'>uu</span> <span class='ocrx_word' id='word_1_128' title='bbox 880 2191 1007 2274; x_wconf 88' lang='lat' dir='ltr'>primus</span> <span class='ocrx_word' id='word_1_129' title='bbox 1023 2210 1062 2254; x_wconf 84' lang='lat' dir='ltr'>eae</span> <span class='ocrx_word' id='word_1_130' title='bbox 1080 2193 1214 2256; x_wconf 82' lang='lat' dir='ltr'>mortuis</span> <span class='ocrx_word' id='word_1_131' title='bbox 1229 2193 1364 2257; x_wconf 87' lang='lat' dir='ltr'>resusci-</span> 
     </span>
     <span class='ocr_line' id='line_1_16' title="bbox 144 2315 1364 2399; baseline -0.001 -15"><span class='ocrx_word' id='word_1_132' title='bbox 144 2365 147 2370; x_wconf 88' lang='lat'><em>-</em></span> <span class='ocrx_word' id='word_1_133' title='bbox 180 2320 295 2384; x_wconf 83' lang='lat' dir='ltr'>enudus</span> <span class='ocrx_word' id='word_1_134' title='bbox 320 2319 362 2382; x_wconf 89' lang='lat' dir='ltr'>od</span> <span class='ocrx_word' id='word_1_135' title='bbox 384 2320 482 2382; x_wconf 90' lang='lat' dir='ltr'>citam</span> <span class='ocrx_word' id='word_1_136' title='bbox 507 2317 739 2399; x_wconf 76' lang='lat' dir='ltr'>immortalem,</span> <span class='ocrx_word' id='word_1_137' title='bbox 758 2316 1014 2381; x_wconf 87' lang='lat' dir='ltr'>annunciaturus</span> <span class='ocrx_word' id='word_1_138' title='bbox 1038 2317 1080 2380; x_wconf 88' lang='lat' dir='ltr'>sit</span> <span class='ocrx_word' id='word_1_139' title='bbox 1104 2317 1211 2381; x_wconf 87' lang='lat' dir='ltr'>lumen</span> <span class='ocrx_word' id='word_1_140' title='bbox 1226 2315 1364 2383; x_wconf 88' lang='lat' dir='ltr'>veritatis</span> 
     </span>
     <span class='ocr_line' id='line_1_17' title="bbox 180 2436 1361 2533; baseline -0.001 -25"><span class='ocrx_word' id='word_1_141' title='bbox 180 2442 368 2533; x_wconf 74' lang='lat' dir='ltr'>Isroeti&#39;pp</span> <span class='ocrx_word' id='word_1_142' title='bbox 382 2439 458 2531; x_wconf 82' lang='grc' dir='ltr'>λαῳ)</span> <span class='ocrx_word' id='word_1_143' title='bbox 472 2451 502 2507; x_wconf 83' lang='lat' dir='ltr'>et</span> <span class='ocrx_word' id='word_1_144' title='bbox 516 2442 680 2508; x_wconf 86' lang='lat' dir='ltr'>Geutibus.</span> <span class='ocrx_word' id='word_1_145' title='bbox 695 2477 740 2490; x_wconf 87' lang='lat'><em>-</em></span> <span class='ocrx_word' id='word_1_146' title='bbox 755 2437 911 2509; x_wconf 88' lang='lat' dir='ltr'>Videlicet</span> <span class='ocrx_word' id='word_1_147' title='bbox 922 2438 1039 2506; x_wconf 91' lang='lat' dir='ltr'>Paulus</span> <span class='ocrx_word' id='word_1_148' title='bbox 1051 2436 1213 2506; x_wconf 92' lang='lat' dir='ltr'>ostendere</span> <span class='ocrx_word' id='word_1_149' title='bbox 1229 2436 1361 2514; x_wconf 88' lang='lat' dir='ltr'>solebat,</span> 
     </span>
     <span class='ocr_line' id='line_1_18' title="bbox 178 2562 1362 2653; baseline -0.002 -20"><span class='ocrx_word' id='word_1_150' title='bbox 178 2564 321 2633; x_wconf 86' lang='lat' dir='ltr'>vaticinia</span> <span class='ocrx_word' id='word_1_151' title='bbox 342 2562 569 2653; x_wconf 82' lang='lat' dir='ltr'>Prophetarum</span> <span class='ocrx_word' id='word_1_152' title='bbox 592 2563 630 2633; x_wconf 92' lang='lat' dir='ltr'>de</span> <span class='ocrx_word' id='word_1_153' title='bbox 651 2563 785 2644; x_wconf 88' lang='lat' dir='ltr'>Messia,</span> <span class='ocrx_word' id='word_1_154' title='bbox 806 2563 838 2630; x_wconf 92' lang='lat' dir='ltr'>iu</span> <span class='ocrx_word' id='word_1_155' title='bbox 859 2583 992 2652; x_wconf 90' lang='lat' dir='ltr'>persona</span> <span class='ocrx_word' id='word_1_156' title='bbox 1014 2563 1085 2630; x_wconf 91' lang='lat' dir='ltr'>lesu</span> <span class='ocrx_word' id='word_1_157' title='bbox 1101 2563 1253 2631; x_wconf 84' lang='lat' dir='ltr'>Nazareni</span> <span class='ocrx_word' id='word_1_158' title='bbox 1270 2583 1362 2631; x_wconf 90' lang='lat' dir='ltr'>snum</span> 
     </span>
     <span class='ocr_line' id='line_1_19' title="bbox 178 2685 619 2776; baseline 0.005 -23"><span class='ocrx_word' id='word_1_159' title='bbox 178 2685 326 2754; x_wconf 89' lang='lat' dir='ltr'>hahuisse</span> <span class='ocrx_word' id='word_1_160' title='bbox 343 2686 619 2776; x_wconf 86' lang='lat' dir='ltr'>complementum.</span> 
     </span>
    </p>

    <p class='ocr_par' dir='ltr' id='par_1_5' title="bbox 176 2809 1364 4022">
     <span class='ocr_line' id='line_1_20' title="bbox 220 2809 1364 2896; baseline 0.002 -20"><span class='ocrx_word' id='word_1_161' title='bbox 220 2811 302 2876; x_wconf 68' lang='lat' dir='ltr'>‘casu</span> <span class='ocrx_word' id='word_1_162' title='bbox 315 2810 430 2879; x_wconf 89' lang='lat' dir='ltr'>dicitur</span> <span class='ocrx_word' id='word_1_163' title='bbox 445 2822 476 2879; x_wconf 93' lang='lat' dir='ltr'>et</span> <span class='ocrx_word' id='word_1_164' title='bbox 491 2815 529 2877; x_wconf 86' lang='lat' dir='ltr'>de</span> <span class='ocrx_word' id='word_1_165' title='bbox 543 2815 624 2896; x_wconf 82' lang='lat' dir='ltr'>ioco,</span> <span class='ocrx_word' id='word_1_166' title='bbox 644 2821 674 2878; x_wconf 88' lang='lat' dir='ltr'>et</span> <span class='ocrx_word' id='word_1_167' title='bbox 686 2813 724 2877; x_wconf 87' lang='lat' dir='ltr'>de</span> <span class='ocrx_word' id='word_1_168' title='bbox 741 2813 864 2895; x_wconf 84' lang='lat' dir='ltr'>eripias</span> <span class='ocrx_word' id='word_1_169' title='bbox 877 2813 937 2896; x_wconf 77' lang='lat' dir='ltr'>rei,</span> <span class='ocrx_word' id='word_1_170' title='bbox 957 2821 987 2878; x_wconf 93' lang='lat' dir='ltr'>et</span> <span class='ocrx_word' id='word_1_171' title='bbox 1003 2809 1126 2879; x_wconf 91' lang='lat' dir='ltr'>tandem</span> <span class='ocrx_word' id='word_1_172' title='bbox 1141 2812 1180 2876; x_wconf 91' lang='lat' dir='ltr'>de</span> <span class='ocrx_word' id='word_1_173' title='bbox 1196 2832 1309 2894; x_wconf 82' lang='lat' dir='ltr'>causo,</span> <span class='ocrx_word' id='word_1_174' title='bbox 1328 2820 1364 2878; x_wconf 90' lang='lat' dir='ltr'>ut</span> 
     </span>
     <span class='ocr_line' id='line_1_21' title="bbox 176 2932 1360 3021; baseline -0.003 -18"><span class='ocrx_word' id='word_1_175' title='bbox 176 2935 228 3003; x_wconf 89' lang='lat' dir='ltr'>hic</span> <span class='ocrx_word' id='word_1_176' title='bbox 244 2945 275 3002; x_wconf 93' lang='lat' dir='ltr'>et</span> <span class='ocrx_word' id='word_1_177' title='bbox 294 2933 405 3004; x_wconf 84' lang='lat' dir='ltr'>blatth.</span> <span class='ocrx_word' id='word_1_178' title='bbox 423 2935 502 3004; x_wconf 91' lang='lat' dir='ltr'>XlV</span> <span class='ocrx_word' id='word_1_179' title='bbox 523 2960 530 3002; x_wconf 90' lang='lat'>:</span> <span class='ocrx_word' id='word_1_180' title='bbox 549 2938 584 3003; x_wconf 89' lang='grc'>7.</span> <span class='ocrx_word' id='word_1_181' title='bbox 599 2971 643 2983; x_wconf 93' lang='grc'>-</span> <span class='ocrx_word' id='word_1_182' title='bbox 659 2935 788 3021; x_wconf 72' lang='lat' dir='ltr'>Paropos</span> <span class='ocrx_word' id='word_1_183' title='bbox 810 2933 871 3002; x_wconf 90' lang='lat' dir='ltr'>hoe</span> <span class='ocrx_word' id='word_1_184' title='bbox 893 2934 962 3002; x_wconf 92' lang='lat' dir='ltr'>laco</span> <span class='ocrx_word' id='word_1_185' title='bbox 981 2934 1105 3001; x_wconf 91' lang='lat' dir='ltr'>notione</span> <span class='ocrx_word' id='word_1_186' title='bbox 1122 2954 1183 3001; x_wconf 91' lang='lat' dir='ltr'>non</span> <span class='ocrx_word' id='word_1_187' title='bbox 1201 2933 1305 3002; x_wconf 85' lang='lat' dir='ltr'>ditiert</span> <span class='ocrx_word' id='word_1_188' title='bbox 1321 2932 1360 3000; x_wconf 90' lang='lat' dir='ltr'>ab</span> 
     </span>
     <span class='ocr_line' id='line_1_22' title="bbox 178 3058 1361 3150; baseline -0.003 -24"><span class='ocrx_word' id='word_1_189' title='bbox 178 3085 253 3148; x_wconf 80' lang='grc' dir='ltr'>ειμι.</span> <span class='ocrx_word' id='word_1_190' title='bbox 277 3059 390 3127; x_wconf 81' lang='lat' dir='ltr'>Confer</span> <span class='ocrx_word' id='word_1_191' title='bbox 412 3081 447 3127; x_wconf 90' lang='lat' dir='ltr'>ea</span> <span class='ocrx_word' id='word_1_192' title='bbox 471 3081 549 3149; x_wconf 90' lang='lat' dir='ltr'>quae</span> <span class='ocrx_word' id='word_1_193' title='bbox 573 3060 746 3128; x_wconf 89' lang='lat' dir='ltr'>notavimus</span> <span class='ocrx_word' id='word_1_194' title='bbox 768 3080 864 3150; x_wconf 89' lang='lat' dir='ltr'>supra</span> <span class='ocrx_word' id='word_1_195' title='bbox 886 3058 924 3128; x_wconf 90' lang='lat' dir='ltr'>ad</span> <span class='ocrx_word' id='word_1_196' title='bbox 947 3060 1024 3149; x_wconf 84' lang='lat' dir='ltr'>Cap.</span> <span class='ocrx_word' id='word_1_197' title='bbox 1044 3060 1074 3129; x_wconf 94' lang='lat' dir='ltr'>V</span> <span class='ocrx_word' id='word_1_198' title='bbox 1094 3084 1101 3126; x_wconf 92' lang='lat'><strong>:</strong></span> <span class='ocrx_word' id='word_1_199' title='bbox 1120 3061 1177 3127; x_wconf 65' lang='lat' dir='ltr'>il.</span> <span class='ocrx_word' id='word_1_200' title='bbox 1202 3058 1361 3149; x_wconf 85' lang='lat' dir='ltr'>Imprimis</span> 
     </span>
     <span class='ocr_line' id='line_1_23' title="bbox 178 3184 1363 3275; baseline -0.005 -22"><span class='ocrx_word' id='word_1_201' title='bbox 178 3196 280 3254; x_wconf 90' lang='lat' dir='ltr'>autem</span> <span class='ocrx_word' id='word_1_202' title='bbox 303 3185 361 3254; x_wconf 90' lang='lat' dir='ltr'>hnc</span> <span class='ocrx_word' id='word_1_203' title='bbox 378 3186 603 3275; x_wconf 79' lang='lat' dir='ltr'>significatione</span> <span class='ocrx_word' id='word_1_204' title='bbox 625 3184 782 3255; x_wconf 89' lang='lat' dir='ltr'>adhibitae</span> <span class='ocrx_word' id='word_1_205' title='bbox 799 3187 943 3275; x_wconf 83' lang='lat' dir='ltr'>leguntur</span> <span class='ocrx_word' id='word_1_206' title='bbox 959 3185 1076 3253; x_wconf 79' lang='lat' dir='ltr'>formae</span> <span class='ocrx_word' id='word_1_207' title='bbox 1092 3207 1247 3275; x_wconf 70' lang='lat' dir='ltr'>epscopus,</span> <span class='ocrx_word' id='word_1_208' title='bbox 1265 3206 1363 3273; x_wconf 78' lang='lat' dir='ltr'>eperu-</span> 
     </span>
     <span class='ocr_line' id='line_1_24' title="bbox 178 3309 1359 3400; baseline 0.001 -28"><span class='ocrx_word' id='word_1_209' title='bbox 178 3309 229 3384; x_wconf 74' lang='lat' dir='ltr'>eus</span> <span class='ocrx_word' id='word_1_210' title='bbox 245 3320 275 3377; x_wconf 93' lang='lat' dir='ltr'>et</span> <span class='ocrx_word' id='word_1_211' title='bbox 296 3331 416 3400; x_wconf 78' lang='lat' dir='ltr'>pepusa.</span> <span class='ocrx_word' id='word_1_212' title='bbox 439 3347 482 3359; x_wconf 95' lang='lat'><strong>—</strong></span> <span class='ocrx_word' id='word_1_213' title='bbox 499 3309 628 3385; x_wconf 82' lang='grc' dir='ltr'>Απειθης</span> <span class='ocrx_word' id='word_1_214' title='bbox 644 3311 671 3377; x_wconf 91' lang='lat' dir='ltr'>is</span> <span class='ocrx_word' id='word_1_215' title='bbox 695 3321 742 3379; x_wconf 90' lang='lat' dir='ltr'>est</span> <span class='ocrx_word' id='word_1_216' title='bbox 764 3315 821 3397; x_wconf 82' lang='lat' dir='ltr'>qui</span> <span class='ocrx_word' id='word_1_217' title='bbox 844 3314 903 3378; x_wconf 85' lang='lat' dir='ltr'>sibi</span> <span class='ocrx_word' id='word_1_218' title='bbox 922 3313 1111 3396; x_wconf 83' lang='lat' dir='ltr'>persuaderi</span> <span class='ocrx_word' id='word_1_219' title='bbox 1134 3331 1198 3377; x_wconf 85' lang='lat' dir='ltr'>acu</span> <span class='ocrx_word' id='word_1_220' title='bbox 1218 3312 1359 3394; x_wconf 79' lang='lat' dir='ltr'>patiam,</span> 
     </span>
     <span class='ocr_line' id='line_1_25' title="bbox 179 3434 1356 3521; baseline 0.001 -23"><span class='ocrx_word' id='word_1_221' title='bbox 179 3435 379 3519; x_wconf 77' lang='lat' dir='ltr'>incredulus,</span> <span class='ocrx_word' id='word_1_222' title='bbox 402 3444 432 3501; x_wconf 91' lang='lat' dir='ltr'>et</span> <span class='ocrx_word' id='word_1_223' title='bbox 452 3454 525 3502; x_wconf 85' lang='lat' dir='ltr'>mcx</span> <span class='ocrx_word' id='word_1_224' title='bbox 548 3437 748 3519; x_wconf 80' lang='lat' dir='ltr'>immoriper,</span> <span class='ocrx_word' id='word_1_225' title='bbox 773 3438 974 3521; x_wconf 79' lang='lat' dir='ltr'>inobediens,</span> <span class='ocrx_word' id='word_1_226' title='bbox 994 3445 1027 3503; x_wconf 90' lang='lat' dir='ltr'>ut</span> <span class='ocrx_word' id='word_1_227' title='bbox 1045 3434 1106 3504; x_wconf 91' lang='lat' dir='ltr'>hoc</span> <span class='ocrx_word' id='word_1_228' title='bbox 1125 3436 1195 3503; x_wconf 92' lang='lat' dir='ltr'>loco</span> <span class='ocrx_word' id='word_1_229' title='bbox 1213 3445 1242 3501; x_wconf 89' lang='lat' dir='ltr'>et</span> <span class='ocrx_word' id='word_1_230' title='bbox 1265 3435 1356 3500; x_wconf 87' lang='lat' dir='ltr'>Rom.</span> 
     </span>
     <span class='ocr_line' id='line_1_26' title="bbox 179 3559 1357 3649; baseline 0 -25"><span class='ocrx_word' id='word_1_231' title='bbox 179 3559 193 3624; x_wconf 96' lang='lat' dir='ltr'>l</span> <span class='ocrx_word' id='word_1_232' title='bbox 213 3582 221 3625; x_wconf 92' lang='lat'>:</span> <span class='ocrx_word' id='word_1_233' title='bbox 240 3561 300 3640; x_wconf 79' lang='lat'>50,</span> <span class='ocrx_word' id='word_1_234' title='bbox 318 3559 373 3626; x_wconf 93' lang='lat' dir='ltr'>ubi</span> <span class='ocrx_word' id='word_1_235' title='bbox 386 3569 416 3626; x_wconf 90' lang='lat' dir='ltr'>et</span> <span class='ocrx_word' id='word_1_236' title='bbox 431 3560 585 3649; x_wconf 89' lang='lat' dir='ltr'>interpres</span> <span class='ocrx_word' id='word_1_237' title='bbox 598 3571 704 3628; x_wconf 86' lang='lat' dir='ltr'>noster</span> <span class='ocrx_word' id='word_1_238' title='bbox 720 3580 827 3629; x_wconf 88' lang='lat' dir='ltr'>vocem</span> <span class='ocrx_word' id='word_1_239' title='bbox 841 3560 960 3636; x_wconf 82' lang='grc' dir='ltr'>απειθης</span> <span class='ocrx_word' id='word_1_240' title='bbox 973 3559 1108 3630; x_wconf 87' lang='lat' dir='ltr'>reddidit</span> <span class='ocrx_word' id='word_1_241' title='bbox 1120 3582 1184 3627; x_wconf 88' lang='lat' dir='ltr'>nou</span> <span class='ocrx_word' id='word_1_242' title='bbox 1200 3560 1357 3626; x_wconf 84' lang='lat' dir='ltr'>obediens.</span> 
     </span>
     <span class='ocr_line' id='line_1_27' title="bbox 178 3680 1360 3773; baseline 0.004 -28"><span class='ocrx_word' id='word_1_243' title='bbox 178 3717 223 3729; x_wconf 94' lang='lat'>-</span> <span class='ocrx_word' id='word_1_244' title='bbox 238 3680 286 3746; x_wconf 91' lang='lat' dir='ltr'>De</span> <span class='ocrx_word' id='word_1_245' title='bbox 303 3680 529 3770; x_wconf 88' lang='lat' dir='ltr'>praepositione</span> <span class='ocrx_word' id='word_1_246' title='bbox 545 3704 584 3758; x_wconf 83' lang='grc' dir='ltr'>εις</span> <span class='ocrx_word' id='word_1_247' title='bbox 601 3681 705 3750; x_wconf 88' lang='lat' dir='ltr'>iuncta</span> <span class='ocrx_word' id='word_1_248' title='bbox 720 3683 828 3752; x_wconf 90' lang='lat' dir='ltr'>Verbo</span> <span class='ocrx_word' id='word_1_249' title='bbox 845 3686 958 3769; x_wconf 83' lang='lat' dir='ltr'>quietis</span> <span class='ocrx_word' id='word_1_250' title='bbox 972 3680 1175 3773; x_wconf 73' lang='grc' dir='ltr'><em>απηγγελλον,</em></span> <span class='ocrx_word' id='word_1_251' title='bbox 1193 3681 1264 3750; x_wconf 84' lang='lat' dir='ltr'>ride</span> <span class='ocrx_word' id='word_1_252' title='bbox 1281 3702 1360 3771; x_wconf 89' lang='lat' dir='ltr'>quae</span> 
     </span>
     <span class='ocr_line' id='line_1_28' title="bbox 178 3804 1358 3899; baseline 0.001 -28"><span class='ocrx_word' id='word_1_253' title='bbox 178 3804 352 3872; x_wconf 82' lang='lat' dir='ltr'>notavimus</span> <span class='ocrx_word' id='word_1_254' title='bbox 365 3825 473 3895; x_wconf 90' lang='lat' dir='ltr'>supra,</span> <span class='ocrx_word' id='word_1_255' title='bbox 490 3826 559 3896; x_wconf 82' lang='lat' dir='ltr'>pag.</span> <span class='ocrx_word' id='word_1_256' title='bbox 577 3808 701 3876; x_wconf 74' lang='lat' dir='ltr'>ibb—</span> <span class='ocrx_word' id='word_1_257' title='bbox 714 3808 914 3899; x_wconf 81' lang='grc' dir='ltr'>Επιστρεφειν</span> <span class='ocrx_word' id='word_1_258' title='bbox 928 3806 980 3874; x_wconf 87' lang='lat' dir='ltr'>hic</span> <span class='ocrx_word' id='word_1_259' title='bbox 992 3807 1126 3875; x_wconf 88' lang='lat' dir='ltr'>sumitur</span> <span class='ocrx_word' id='word_1_260' title='bbox 1138 3809 1358 3890; x_wconf 83' lang='lat' dir='ltr'>intransitive,</span> 
     </span>
     <span class='ocr_line' id='line_1_29' title="bbox 177 3906 1361 4022; baseline 0.003 -29"><span class='ocrx_word' id='word_1_261' title='bbox 177 3938 271 3998; x_wconf 80' lang='lat' dir='ltr'>atvs,</span> <span class='ocrx_word' id='word_1_262' title='bbox 292 3929 346 3997; x_wconf 90' lang='lat' dir='ltr'>l8.</span> <span class='ocrx_word' id='word_1_263' title='bbox 365 3928 563 4021; x_wconf 79' lang='lat' dir='ltr'>Aaupysllou</span> <span class='ocrx_word' id='word_1_264' title='bbox 582 3953 734 4019; x_wconf 78' lang='lat' dir='ltr'>paramur</span> <span class='ocrx_word' id='word_1_265' title='bbox 751 3931 869 4001; x_wconf 89' lang='lat' dir='ltr'>dictum</span> <span class='ocrx_word' id='word_1_266' title='bbox 887 3931 1010 4000; x_wconf 82' lang='lat' dir='ltr'>videtur</span> <span class='ocrx_word' id='word_1_267' title='bbox 1026 3932 1172 4022; x_wconf 86' lang='lat' dir='ltr'>Elliptice</span> <span class='ocrx_word' id='word_1_268' title='bbox 1189 3951 1246 4021; x_wconf 90' lang='lat' dir='ltr'>pro</span> <span class='ocrx_word' id='word_1_269' title='bbox 1263 3906 1361 4022; x_wconf 71' lang='lat' dir='ltr'>caup·</span> 
     </span>
    </p>
   </div>
   <div class='ocr_carea' id='block_1_5' title="bbox 177 4248 1358 4526">
    <p class='ocr_par' dir='ltr' id='par_1_6' title="bbox 177 4248 1358 4526">
     <span class='ocr_line' id='line_1_30' title="bbox 210 4248 1358 4334; baseline -0.001 -20"><span class='ocrx_word' id='word_1_270' title='bbox 210 4261 230 4327; x_wconf 81' lang='grc'>1)</span> <span class='ocrx_word' id='word_1_271' title='bbox 248 4261 275 4314; x_wconf 87' lang='lat' dir='ltr'>S.</span> <span class='ocrx_word' id='word_1_272' title='bbox 289 4262 383 4328; x_wconf 79' lang='lat' dir='ltr'>Chrys,</span> <span class='ocrx_word' id='word_1_273' title='bbox 396 4263 471 4318; x_wconf 88' lang='lat' dir='ltr'>Hom.</span> <span class='ocrx_word' id='word_1_274' title='bbox 485 4265 516 4316; x_wconf 73' lang='lat'>52</span> <span class='ocrx_word' id='word_1_275' title='bbox 533 4265 561 4316; x_wconf 91' lang='lat' dir='ltr'>in</span> <span class='ocrx_word' id='word_1_276' title='bbox 580 4264 637 4316; x_wconf 81' lang='lat' dir='ltr'>Act.</span> <span class='ocrx_word' id='word_1_277' title='bbox 653 4280 659 4316; x_wconf 74' lang='grc' dir='ltr'>ε</span> <span class='ocrx_word' id='word_1_278' title='bbox 674 4248 744 4334; x_wconf 81' lang='grc' dir='ltr'>Ουχ</span> <span class='ocrx_word' id='word_1_279' title='bbox 789 4262 817 4315; x_wconf 91' lang='lat' dir='ltr'>h.</span> <span class='ocrx_word' id='word_1_280' title='bbox 831 4277 854 4315; x_wconf 94' lang='lat' dir='ltr'>e.</span> <span class='ocrx_word' id='word_1_281' title='bbox 871 4262 935 4316; x_wconf 85' lang='lat' dir='ltr'>Nou</span> <span class='ocrx_word' id='word_1_282' title='bbox 946 4262 1032 4316; x_wconf 87' lang='lat' dir='ltr'>sotum</span> <span class='ocrx_word' id='word_1_283' title='bbox 1043 4264 1079 4315; x_wconf 82' lang='lat' dir='ltr'>od</span> <span class='ocrx_word' id='word_1_284' title='bbox 1089 4261 1279 4328; x_wconf 85' lang='lat' dir='ltr'>poeniteutiam</span> <span class='ocrx_word' id='word_1_285' title='bbox 1292 4260 1358 4313; x_wconf 81' lang='lat' dir='ltr'>bor·</span> 
     </span>
     <span class='ocr_line' id='line_1_31' title="bbox 178 4342 1358 4440; baseline -0.002 -33"><span class='ocrx_word' id='word_1_286' title='bbox 178 4342 284 4421; x_wconf 82' lang='grc' dir='ltr'>ἁπλως</span> <span class='ocrx_word' id='word_1_287' title='bbox 305 4370 458 4432; x_wconf 78' lang='lat' dir='ltr'>perornata</span> <span class='ocrx_word' id='word_1_288' title='bbox 480 4371 637 4440; x_wconf 78' lang='grc' dir='ltr'>παραινει,</span> <span class='ocrx_word' id='word_1_289' title='bbox 662 4345 744 4412; x_wconf 72' lang='lat' dir='ltr'>ullu</span> <span class='ocrx_word' id='word_1_290' title='bbox 790 4361 872 4417; x_wconf 85' lang='lat' dir='ltr'>tatur,</span> <span class='ocrx_word' id='word_1_291' title='bbox 892 4356 937 4409; x_wconf 85' lang='lat' dir='ltr'>sed</span> <span class='ocrx_word' id='word_1_292' title='bbox 957 4360 980 4407; x_wconf 91' lang='lat' dir='ltr'>et</span> <span class='ocrx_word' id='word_1_293' title='bbox 1000 4355 1037 4406; x_wconf 85' lang='lat' dir='ltr'>od</span> <span class='ocrx_word' id='word_1_294' title='bbox 1057 4351 1206 4406; x_wconf 84' lang='lat' dir='ltr'>mirabilem</span> <span class='ocrx_word' id='word_1_295' title='bbox 1226 4355 1358 4420; x_wconf 72' lang='lat' dir='ltr'>nuendum</span> 
     </span>
     <span class='ocr_line' id='line_1_32' title="bbox 177 4433 1000 4526; baseline 0.011 -27"><span class='ocrx_word' id='word_1_296' title='bbox 177 4460 228 4499; x_wconf 85' lang='grc' dir='ltr'>και</span> <span class='ocrx_word' id='word_1_297' title='bbox 242 4433 307 4522; x_wconf 81' lang='grc' dir='ltr'>βιον</span> <span class='ocrx_word' id='word_1_298' title='bbox 318 4435 538 4503; x_wconf 78' lang='grc' dir='ltr'>επιὸεικνυσθαι</span> <span class='ocrx_word' id='word_1_299' title='bbox 552 4440 742 4526; x_wconf 81' lang='lat' dir='ltr'>baapaaror.</span> <span class='ocrx_word' id='word_1_300' title='bbox 790 4448 883 4499; x_wconf 79' lang='lat' dir='ltr'>otram.</span> <span class='ocrx_word' id='word_1_301' title='bbox 998 4504 1000 4508; x_wconf 77' lang='grc'><strong>,</strong></span> 
     </span>
    </p>
   </div>
   <div class='ocr_carea' id='block_1_6' title="bbox 0 0 1542 5054">
    <p class='ocr_par' dir='ltr' id='par_1_7' title="bbox 0 0 1542 5054">
     <span class='ocr_line' id='line_1_33' title="bbox 0 0 1542 5054; baseline 0 0"><span class='ocrx_word' id='word_1_302' title='bbox 0 0 1542 5054; x_wconf 95' lang='lat' dir='ltr'> </span> 
     </span>
    </p>
   </div>
  </div>
 </body>
</html>
