3074 5054
175 385 241 452 tao
517 379 651 449 ACTUS
685 377 1018 458 APOSTOLORUM,

176 574 255 639 Cum
270 581 373 638 autem
390 571 606 659 cognovissent
625 572 743 638 Indoei
764 573 1053 638 Thessalonicenses
1077 569 1117 650 (oi
1133 595 1193 636 ano
1210 597 1261 648 της
1279 571 1363 639 Θεσ·

176 696 337 772 acheriana
360 693 492 761 laudant
517 699 566 782 (de
589 699 691 762 lodan
714 718 775 763 uon
799 696 1049 784 Thessalonice),
1067 699 1166 783 qnod,
1186 706 1221 764 ut
1237 697 1365 787 pridem

176 818 436 898 Thessalonicae,
460 818 502 885 ita
522 839 605 886 nunc
628 822 725 886 ctiam
747 820 887 885 Beroeae
910 821 969 907 (ὁτι
994 844 1045 883 και
1062 820 1105 906 εν)
1128 820 1366 910 praedicaretur

177 964 194 1011 a
217 944 314 1011 Paulo
331 941 508 1010 Christiana
524 944 651 1032 religio,
670 945 745 1012 illuc
762 957 929 1014 venerunt:
949 957 997 1026 et,
1016 957 1049 1013 ut
1073 966 1172 1036 nuper
1194 945 1367 1015 Thessalo-

177 1067 266 1135 nicae
281 1067 417 1134 feceraut
432 1065 494 1154 (vs.
515 1069 628 1152 5-9),
653 1071 747 1134 etium
770 1068 813 1134 lbi
828 1065 943 1157 (κᾳκει)
960 1068 1187 1138 multitudinem
1210 1069 1367 1138 adversus

179 1190 347 1282 Apostolos
366 1191 609 1258 concitaverunt.

225 1316 323 1398 Κᾳκει
350 1314 539 1402 iungendum
561 1325 608 1381 est
630 1333 701 1381 cum
726 1311 921 1395 σαλευοντες,
945 1336 1005 1382 uon
1031 1327 1134 1383 autem
1158 1337 1231 1384 oum
1258 1315 1365 1391 ηλθον.

180 1443 260 1510 Nam
285 1441 388 1509 ludaei
405 1439 700 1508 Thessalonicenses
716 1460 777 1506 non
795 1444 890 1508 etiam
906 1440 986 1531 (και)
1000 1454 1147 1510 vetuerant
1161 1443 1370 1512 Thessaloni-

180 1592 268 1653 cam,
287 1571 342 1640 sed
365 1581 452 1637 eraut
476 1570 539 1649 ihi;
557 1590 664 1637 verum
685 1570 945 1659 quemadmodum
962 1572 1128 1639 tumultum
1153 1573 1370 1641 excitaverant

180 1695 439 1774 Thessalonicae,
458 1694 516 1774 ita,
538 1696 688 1761 Beroeam
711 1693 972 1783 p1·oleeti,etlam
993 1698 1038 1762 iot
1058 1697 1173 1785 (κᾳκει)
1196 1698 1369 1767 tumultum

182 1820 406 1888 excitaverunt.
424 1856 469 1871 --
488 1818 692 1906 Participium
710 1816 887 1894 antenorea
903 1819 965 1886 vim
984 1822 1173 1906 [inperfecti
1188 1820 1241 1888 hic
1258 1821 1367 1890 habet.

183 1943 308 2032 Belgica
329 1944 450 2010 diceres
470 1961 478 2010 z
496 1940 533 2029 zij
558 1942 700 2010 hwamen
724 1963 797 2011 naar
818 1946 955 2025 Beroea,
973 1948 1030 2011 ool
1051 1949 1133 2013 dour
1152 1949 1204 2014 het
1225 1949 1298 2013 ooth
1312 1968 1372 2031 op-

184 2071 339 2152 rnp‘ende.

232 2317 285 2382 lh.
312 2313 492 2399 Statimque
515 2324 589 2378 tnnc
608 2312 749 2378 Ponlnen
772 2316 965 2380 dimiserunt
983 2318 1124 2400 fratres,
1145 2313 1233 2396 etc).
1258 2314 1372 2383 Chris-

187 2440 259 2507 tiani
284 2440 476 2505 Beroeenses
493 2440 532 2525 (ot
549 2432 687 2527 adelpot)
704 2447 750 2503 sat
767 2437 986 2525 intelligentes,
1005 2437 1175 2506 timendum
1193 2458 1262 2506 esse
1278 2439 1370 2507 Pauli

169 2563 267 2630 avitae
288 2560 328 2628 ab
356 2559 409 2626 illo
437 2558 588 2639 tumultu,
612 2562 763 2643 protinus
791 2570 865 2625 tnnc
892 2561 1012 2650 (ευθεως
1038 2558 1122 2649 τοτε)
1149 2581 1220 2627 eum
1250 2563 1373 2628 Beroea

187 2691 362 2755 euaserunt
378 2682 635 2776 (elementariae),
654 2696 691 2752 nt
710 2689 967 2771 proficisceretur
982 2687 1176 2777 (πορευεσθαι
1194 2686 1373 2754 lnfiuitiuus

185 2815 270 2899 finis)
284 2814 326 2877 od
341 2831 430 2876 more
444 2807 500 2896 (ὡς
515 2831 564 2871 επι
587 2831 639 2881 την
663 2806 853 2898 helcanae),
872 2811 1010 2897 Aegeum
1027 2829 1150 2898 nempe.
1170 2811 1289 2876 Beroea
1307 2831 1371 2878 non

188 2935 350 3005 multuma
368 2933 471 3000 littore
488 2931 632 3000 distabat.
647 2932 741 3000 Addit
757 2934 868 3015 Lucas,
888 2935 1005 3000 Beroea
1022 2932 1240 3022 proficiscente
1258 2922 1371 3014 Paulo,

189 3060 376 3128 remansisse
394 3057 438 3125 ihi
455 3057 552 3125 Silam
568 3068 599 3125 et
613 3056 825 3125 Timotheum.
841 3056 1081 3123 -Timotheus
1105 3057 1166 3122 uu'a
1183 3075 1254 3122 cum
1272 3056 1373 3124 Paulo

186 3195 313 3254 uenerat
336 3183 650 3273 Philippos3Paulus
666 3184 734 3252 sino
754 3183 808 3249 illo
831 3182 996 3271 Philippus
1021 3181 1199 3270 reliquerat.
1220 3181 1280 3247 Hie
1297 3202 1374 3247 vero

189 3312 340 3401 legimus,
365 3308 473 3376 ambos
496 3306 632 3374 adluisse
657 3309 810 3388 Beroeam
837 3304 892 3372 sed
917 3316 1048 3385 tacetur,
1068 3304 1190 3392 quaudo
1214 3314 1267 3370 aut
1290 3304 1375 3372 unde

190 3435 374 3506 Timotheus
390 3434 429 3503 ad
445 3432 575 3499 Paulum
593 3432 731 3499 redierit.

238 3560 300 3629 Ubi
317 3558 451 3648 simplex
476 3581 523 3621 επι
541 3556 732 3636 suffecisset,
751 3557 919 3645 scriptores
943 3555 1023 3622 bene
1047 3555 1159 3625 Graeci
1176 3573 1270 3642 saepe
1285 3552 1375 3620 dixe·

192 3697 265 3754 runt
286 3688 326 3759 ὡς
348 3705 410 3749 επι.
436 3684 536 3768 Quam
562 3680 593 3746 in
619 3700 683 3746 rem
708 3679 823 3746 affatim
840 3678 1055 3768 exemplorum
1079 3699 1118 3745 ex
1141 3676 1375 3765 Xenophonte,

189 3810 321 3898 Polybio
337 3817 368 3875 et
384 3808 516 3876 Arriano
533 3808 622 3874 affert
638 3805 808 3895 Raphelius
823 3804 870 3894 (in
887 3806 1020 3871 Annott.
1039 3806 1192 3887 Philolop.
1209 3801 1247 3868 ad
1265 3800 1299 3867 h.
1321 3801 1374 3882 l.).

193 3935 262 4005 alia
286 3932 371 4001 dabit
397 3930 534 3998 Zeunius
555 3929 595 3997 ad
614 3929 722 4016 Viger.
747 3929 824 4017 Cap.
852 3928 949 4008 Vlll‚
974 3928 1058 3995 Sect.
1089 3927 1137 4005 X,
1165 3924 1298 4013 §XVL
1330 3925 1379 3990 De

193 4059 318 4127 notione
341 4065 443 4122 autem
461 4073 540 4142 quae
564 4055 595 4120 in
618 4052 752 4121 dictione
769 4057 809 4126 ὡς
829 4075 878 4115 act
900 4051 1038 4120 subiecta
1063 4052 1102 4118 sit
1126 4049 1300 4117 Particulae
1317 4053 1377 4130 ὡς,

193 4184 406 4271 discrepantes
423 4188 495 4246 sunt
512 4178 791 4248 Grammaticorum
808 4177 989 4244 sententiae.
1003 4152 1117 4243 ‘Placet
1132 4174 1283 4242 sententia
1300 4175 1379 4241 Har·

193 4306 302 4394 tungii.
323 4304 487 4372 Existimat
511 4303 536 4370 is
552 4301 651 4391 (apud
668 4300 799 4368 Kiihuer
824 4321 855 4388 p.
875 4301 953 4380 Thi,
972 4301 1002 4367 iu
1022 4297 1108 4386 noto)
1132 4316 1201 4364 esse
1226 4297 1257 4363 iu
1275 4295 1379 4384 lingua

191 4432 329 4511 Graeca,
350 4439 472 4517 praeter
495 4427 535 4504 ὡς
558 4427 702 4514 vulgare,
724 4435 754 4492 et
775 4422 859 4492 aliud
882 4427 942 4501 ὡς,
963 4423 1046 4511 quod
1068 4430 1261 4490 contractum
1285 4419 1326 4487 sit
1341 4439 1379 4485 ex
