3074 5054
235 368 301 435 588
574 367 708 434 ACTUS
744 366 1076 446 APOSTOLORUM,

232 555 314 622 viam
337 555 469 643 Appiam
492 554 660 632 exstructi,
686 554 716 619 in
741 554 826 643 quod
848 555 980 623 viatores
1004 555 1157 622 divertere
1184 556 1336 625 solebant.
1363 561 1414 627 Ab

233 677 311 746 urbe
326 680 424 746 Roma
441 668 611 766 hospitium
628 676 688 743 hoc
704 676 837 745 distabat
853 678 997 745 milliaria
1014 679 1200 746 Germanica
1216 701 1283 747 sex.

280 925 424 993 tc-ac.
453 922 532 990 Cum
555 933 660 989 cutem
687 926 881 991 venissemus
904 927 1059 1008 Romam,
1091 927 1178 1008 etc).
1207 929 1415 997 Continuatur

233 1046 394 1112 narratio:
417 1045 478 1112 Ubi
501 1049 573 1112 vero
597 1047 726 1112 Romam
750 1047 964 1127 venissemus,
989 1049 1088 1118 lulius
1111 1051 1250 1115 centurio
1274 1052 1413 1133 captivos

231 1186 304 1234 suns
321 1166 446 1233 tradidit
464 1168 628 1252 Praefecto
644 1168 811 1232 Praetorii
827 1168 881 1253 (τῳ
898 1165 1174 1259 σρατοπεδαρχῃῑ),
1195 1171 1290 1238 Panlo
1307 1182 1411 1239 antem

231 1291 417 1380 permissum
441 1302 499 1372 est,
526 1302 559 1358 ut
582 1295 712 1357 seorsim
738 1293 818 1379 (καθ’
835 1289 953 1379 tauros)
970 1313 987 1359 a
1003 1295 1115 1360 ceteris
1139 1294 1269 1382 captivis
1287 1295 1317 1361 in
1335 1317 1412 1363 con-

230 1412 322 1480 ducta
348 1434 365 1480 a
394 1435 427 1481 se
455 1415 547 1481 domo
576 1414 719 1502 quapiam
748 1413 805 1502 (ci.
833 1435 880 1482 vs.
900 1418 956 1502 50)
985 1430 1124 1483 maneret
1150 1440 1220 1484 cum
1247 1422 1413 1504 dosipnoto

230 1537 334 1624 aliquo
355 1540 472 1620 milite,
497 1540 553 1622 qui
574 1558 645 1602 eum
666 1540 838 1602 custodiret
859 1541 929 1629 (συν
946 1558 988 1625 τῳ
1005 1537 1191 1629 φυλασσοντι
1209 1565 1299 1605 αυτον
1316 1567 1413 1634 στρα-

230 1667 355 1755 τιωτῃ);
374 1666 468 1754 idque
484 1666 543 1744 ita,
563 1685 650 1731 more
666 1667 823 1747 Romano,
842 1677 876 1732 ut
891 1669 1047 1756 captivum
1064 1678 1094 1734 et
1110 1668 1237 1735 militem
1255 1670 1414 1737 constrin-

229 1802 314 1879 geret
329 1792 436 1859 eadem
454 1800 580 1868 catena,
606 1791 717 1879 captivi
743 1790 867 1878 quidem
891 1791 1019 1859 brachio
1036 1792 1164 1871 dextro,
1183 1792 1289 1858 militis
1306 1801 1411 1859 autern

230 1915 355 1982 sinistro
378 1915 510 2001 alligata.
535 1915 662 1980 Factum
686 1925 787 1980 autem
808 1924 873 1993 est,
898 1927 930 1981 ut
950 1925 1019 2002 post
1036 1914 1173 1982 triduum
1190 1913 1304 1981 Paulus
1320 1914 1413 1982 adse

230 2047 412 2102 convocaret
429 2057 479 2101 eos
501 2039 555 2120 oui
571 2038 687 2102 Romae
709 2046 811 2100 esseut
827 2036 1022 2100 Iudaeorum
1042 2038 1201 2118 primores
1220 2035 1304 2122 (τους
1320 2057 1413 2110 orcus

231 2181 289 2220 των
304 2154 452 2221 leccator
469 2155 631 2248 πρωτους),
655 2166 726 2245 puta
750 2157 980 2243 Synagogarum
1005 2157 1175 2245 praefectos
1191 2157 1247 2245 (cs.
1267 2178 1312 2224 vs.
1333 2157 1408 2246 ni).

228 2281 306 2347 Cum
332 2283 404 2348 vcro
432 2281 666 2359 convenissent,
692 2281 737 2346 sic
761 2299 814 2345 eos
839 2280 991 2347 allocutus
1008 2291 1054 2346 est
1072 2305 1079 2346 :
1100 2281 1184 2367 Ego,
1202 2279 1261 2344 viri
1278 2279 1410 2360 iratreS‚

229 2425 419 2489 quamquam
444 2403 521 2470 nihii
549 2407 691 2487 fecissem
715 2401 876 2490 (ποιησας)
902 2404 996 2469 Genti
1018 2415 1143 2468 nostroe
1167 2404 1225 2491 (τῳ
1249 2400 1333 2489 λαῳ)
1356 2417 1413 2470 aut

230 2530 349 2610 patriis
373 2530 529 2593 institutis
552 2525 630 2614 (τοις
653 2525 730 2588 eecce
754 2548 816 2598 τοις
833 2525 996 2615 πατρῳοις)
1021 2527 1228 2604 contrarium,
1254 2536 1356 2592 tamen
1373 2540 1413 2592 ut

231 2655 375 2736 captivus
386 2648 542 2739 (δεσμιος)
554 2651 777 2732 Hierosolymo
789 2647 1038 2737 (Ἱεροσολυμων)
1051 2648 1201 2716 abductus
1209 2649 1409 2728 Caesaream,

230 2775 360 2842 traditus
387 2795 457 2841 sum
481 2774 512 2838 in
537 2792 645 2840 manus
673 2774 884 2838 Rornanorum
912 2772 1002 2861 (puta
1029 2772 1245 2839 procuratoris
1273 2772 1409 2839 Romani

203 2923 205 2928 ⁴
231 2898 398 2964 Caesareae
414 2894 580 2983 degentis).
600 2894 665 2972 Qui
679 2897 803 2979 quidem
820 2893 954 2983 (οἱτινες)
972 2906 1138 2979 postquam
1159 2916 1285 2960 coruom
1302 2917 1411 2962 meum

230 3021 467 3084 examinassent
479 3019 706 3106 (ανακριναντες
720 3020 782 3102 pe),
797 3017 961 3084 voluerunt
973 3038 1022 3083 nte
1034 3019 1190 3082 absoluere
1203 3015 1408 3106 (απολυσαι),

230 3160 266 3206 εο
284 3139 367 3228 quod
384 3139 504 3205 nulium
520 3150 585 3204 crat
600 3139 631 3203 in
649 3159 697 3206 me
717 3142 839 3205 cm'meu
855 3151 955 3204 morte
977 3143 1108 3223 dippum
1132 3144 1231 3229 (αιτια
1247 3139 1406 3226 Θανατου).

229 3264 308 3329 Cum
336 3271 438 3327 autern
466 3258 571 3325 iudaei
594 3270 789 3326 accusatores
814 3260 1050 3328 adversarentur
1074 3260 1320 3351 (corvisyomou)
1345 3265 1407 3331 mei

229 3381 423 3458 liberationi,
441 3390 566 3445 coactns
588 3379 631 3444 sui
653 3379 810 3467 appellare
826 3379 1016 3458 Caesarem,
1036 3381 1130 3470 idque
1146 3382 1203 3448 feci
1221 3383 1280 3449 mei
1298 3383 1408 3451 defen-

229 3504 321 3572 dendi
350 3523 459 3584 causa,
490 3524 549 3570 non
577 3513 678 3570 autern
708 3503 795 3592 quasi
819 3503 964 3571 haberem
988 3494 1027 3571 de
1049 3526 1111 3592 quo
1135 3506 1301 3594 populares
1319 3526 1406 3575 meos

228 3628 311 3718 apud
332 3629 493 3694 Caesarem
517 3647 714 3709 accusarem3
740 3628 855 3695 nuliam
878 3629 1010 3695 meditor
1032 3641 1139 3696 contra
1161 3642 1281 3717 gentem
1303 3652 1405 3700 meam
1453 3695 1457 3700 .

227 3760 422 3772 ——-——

260 3829 279 3894 ¹)
298 3830 362 3880 Vna.
375 3843 445 3880 secr.
467 3829 517 3881 Pro
537 3831 624 3882 verbis
641 3820 656 3878 ὁ
673 3812 792 3878 ἕκατον·
871 3832 890 3897 ¹)
910 3852 922 3877 «
936 3833 1001 3884 Cum
1027 3833 1076 3885 hoc
1100 3834 1224 3897 agerent,
1250 3837 1280 3884 ut
1305 3847 1348 3886 me
1371 3835 1405 3884 ad

228 3934 339 4002 ταρχος
366 3909 521 4002 superium
549 3937 617 3988 τους
649 3910 792 3999 δεσμιους
838 3930 959 3995 Sprevisti
988 3931 1163 3994 cognitionem
1192 3930 1342 3994 traherent,
1360 3934 1404 3981 vi-

227 4026 270 4087 τῳ
287 3999 551 4093 στρατοπεὸαρχῃ,
565 4029 608 4089 τῳ
624 4001 655 4068 δε
672 4002 790 4090 Παυλῳ
837 4020 994 4086 dereturque
1019 4020 1110 4071 Festus
1137 4020 1186 4070 itlts
1210 4019 1278 4071 velle
1299 4021 1403 4084 gratifi-

227 4116 393 4184 επετραπη,
425 4108 578 4173 simpliciter
602 4108 697 4172 legitur
726 4117 791 4158 επε-
836 4111 1094 4173 cari‚coactustui,
1116 4124 1149 4161 ne
1170 4110 1328 4172 necasset,
1352 4124 1403 4176 ap-

225 4207 324 4275 τραπη
348 4208 390 4269 τῳ
409 4181 527 4269 Παυλῳ
562 4198 589 4248 in
617 4198 697 4250 Codd.
726 4200 789 4262 An,
836 4199 933 4264 pellere
953 4200 1098 4251 Caesarem.
1120 4220 1132 4244 »
1152 4199 1257 4251 Grotius
1277 4199 1310 4252 ad
1335 4199 1361 4251 h.
1383 4200 1401 4251 l.

226 4289 361 4341 nonnullis
388 4291 555 4352 MinusculiS‚
580 4294 607 4342 et
634 4290 789 4356 quibusdam
836 4288 931 4340 Confer
942 4303 1009 4355 quae
1024 4290 1172 4342 notavimus
1187 4289 1220 4341 ad
1232 4289 1294 4357 Cap.
1309 4290 1400 4342 XXV:

227 4379 343 4446 antiquis
364 4379 533 4431 versionibus.
835 4381 924 4431 9-4ἳΙ
