3074 5054
426 353 565 420 CAPUT
603 354 750 435 xxvu‚
788 353 909 422 VERS.
948 358 1094 426 li-ll.
1280 363 1346 432 585

212 542 507 632 anueiieo·(dor.
531 545 543 609 l
570 540 737 630 επωκειλα)
759 553 789 610 et
812 546 978 610 transitive
1001 546 1153 634 significet
1177 550 1341 633 (Herodot.

166 667 249 759 apud
266 666 399 757 Raphet.
418 665 457 733 ed
474 665 507 733 h.
527 665 550 732 l.
572 663 650 740 τὩς
672 689 731 756 yap
755 662 792 740 δη
815 689 951 752 raptura
975 669 1140 733 επωκειλαν
1165 695 1217 744 την
1242 696 1294 736 νεα
1318 678 1345 737 ol

166 790 336 876 Αθηναιοι),
355 799 385 856 et
400 789 616 871 intransitivi,
636 798 669 854 ut
685 788 716 853 in
734 787 795 855 hoc
810 789 1030 878 Xenophontis
1047 791 1142 881 (opud
1158 793 1341 883 eumdem):

165 913 246 977 Euda
268 934 328 975 των
352 935 391 985 εις
415 933 466 975 τον
491 911 608 974 Horror
632 908 789 975 πλεουσων
818 933 895 986 unae
923 911 1037 977 πολλαι
1065 912 1243 994 οκελλουσι,
1267 918 1290 982 i.
1312 938 1341 984 e.

167 1037 214 1102 rot
232 1040 401 1121 pleraeque
424 1055 518 1100 acces
543 1037 579 1100 ia
602 1036 742 1100 Poatum
760 1040 964 1119 profecturae
986 1038 1178 1104 allideretur.
1202 1038 1344 1107 Verbum

165 1157 334 1224 εποκελλειν
352 1157 497 1226 hocloco
513 1160 717 1225 intransitive*
744 1159 928 1227 sumendum
956 1180 1044 1241 esse,
1073 1172 1217 1229 contexta
1243 1163 1342 1230 oratio

164 1283 285 1352 suadet.
307 1285 369 1350 Pro
391 1271 537 1356 ruu'uaou
566 1280 661 1349 scribi
690 1283 840 1370 potuisset
868 1282 899 1350 in
929 1283 1040 1350 Dotivo
1067 1308 1104 1374 τῃ
1131 1284 1200 1364 νηΐ,
1231 1306 1342 1374 quem·

164 1406 330 1474 admodum
366 1407 397 1471 in
434 1406 494 1493 Ep.
532 1403 571 1471 ed
607 1404 704 1472 Hebr.
744 1407 820 1494 Cep.
848 1408 913 1473 Xll
945 1432 953 1474 z
984 1411 1004 1475 5
1033 1420 1080 1475 est
1113 1405 1271 1474 crivecuer
1306 1435 1342 1499 τῃ

163 1529 247 1619 ψυχῃ
281 1531 414 1612 deficere
448 1529 574 1610 auimo,
615 1546 671 1614 pro
707 1547 768 1615 quo
804 1527 915 1614 legitur
949 1528 1033 1617 apud
1067 1528 1241 1596 Diodorum
1274 1531 1338 1599 Sic.

164 1652 255 1719 XX:
276 1653 290 1718 l
316 1648 475 1714 crivecuer
500 1671 552 1724 την
582 1648 692 1735 ψυχην.
721 1650 803 1719 Vide
818 1649 857 1716 de
874 1651 1048 1719 istiusmodi
1078 1653 1263 1720 Accusativo
1281 1655 1340 1723 Gr.

165 1793 233 1862 pag.
253 1775 331 1841 253.
351 1775 384 1840 6.
403 1773 524 1841 Graece
546 1769 711 1836 coenulae
735 1795 788 1847 την
813 1778 887 1836 ναῦν
910 1773 1035 1861 Belgioe
1060 1773 1247 1858 reddiderim
1268 1800 1275 1841 :
1294 1777 1344 1857 er

163 1901 279 1963 etieteu
301 1919 364 1963 aaa
386 1908 450 1962 met
470 1898 522 1962 lut
542 1899 643 1979 ecuip.
659 1934 702 1944 -
718 1897 781 1959 ‘lua
802 1917 875 1964 oum
898 1908 1046 1984 sequente
1068 1898 1274 1984 Gonjuoctivo
1295 1910 1342 1964 est

165 2018 216 2086 me
244 2040 301 2108 pro
330 2019 504 2096 infinitivo,
534 2030 688 2108 utsupra
716 2039 786 2109 pag.
805 2021 883 2088 ute.
900 2056 944 2068 -
960 2020 1009 2087 De
1025 2020 1170 2109 Optativo
1198 2017 1340 2111 διαφυγοι

164 2140 235 2207 vide
257 2142 316 2209 Gr.
336 2161 406 2230 pag.
426 2144 504 2211 504.
524 2144 557 2209 2.
588 2139 834 2232 Απορριψαντες,
866 2142 978 2230 supple
1006 2139 1141 2216 ἑαυτους.
1172 2144 1246 2209 Post
1273 2166 1341 2216 τους

165 2261 286 2339 λοιπους
303 2276 533 2352 exuntegresso
558 2265 711 2331 versiculo
740 2264 948 2353 supplendum
977 2276 1024 2332 esi
1050 2263 1186 2329 eueleuce
1213 2289 1260 2353 eur
1287 2288 1339 2340 την

163 2408 216 2475 yur
244 2384 362 2462 εξιεναι.
377 2425 421 2435 -
438 2388 485 2453 De
510 2386 648 2454 Articulo
674 2386 740 2467 (οὺς
765 2409 818 2473 μεν
835 2425 878 2436 -—
895 2392 944 2462 ὀυς
968 2384 1016 2474 de)
1044 2388 1241 2455 Pronominis
1269 2387 1338 2454 loco

162 2506 317 2585 adhibito,
336 2508 405 2575 vide
421 2510 479 2576 Gr.
499 2528 567 2597 pag.
590 2510 664 2576 155.
687 2512 717 2576 l.
734 2549 776 2558 -
794 2508 986 2584 Διασωθηναι
1009 2532 1058 2573 eut
1072 2532 1124 2584 την
1145 2533 1198 2599 yur
1219 2508 1335 2575 dicium

161 2641 208 2696 est
224 2640 426 2718 praegnentur
443 2652 499 2720 pro
522 2627 705 2705 duraedurae
727 2656 778 2695 και
802 2631 909 2706 cicerae
927 2656 976 2696 επι
992 2654 1043 2706 την
1059 2654 1126 2721 yur.
1145 2630 1227 2700 Vide
1243 2649 1337 2719 supra

161 2751 199 2818 ud
216 2754 293 2840 Cep.
313 2755 425 2819 ΧΧΙΙΙ
445 2779 452 2821 :
471 2757 526 2822 dl.
