3074 5054
491 399 631 468 CAPUT
664 397 746 480 XV,
783 395 904 467 VERS.
942 396 1066 464 8-tt.
1297 396 1363 463 379

175 588 282 652 duride
297 587 365 653 iltis
380 586 467 677 (scil.
480 586 677 669 Gentilibus,
696 587 804 677 quales
820 595 908 654 erant
923 585 1087 654 Cornelius
1102 604 1174 653 cum
1190 585 1272 675 suis)
1287 585 1363 670 Spi-

176 712 282 777 ritum
301 721 448 778 abactam
474 731 547 779 oum
572 711 687 779 visibili
715 713 783 780 eius
810 711 909 790 dono,
939 730 1052 800 nempe
1079 710 1161 777 dono
1187 708 1362 796 linguarum

176 831 262 918 (vide
275 832 316 902 ad
331 835 408 924 Cap.
427 835 459 901 X
478 863 485 900 ε
506 835 664 916 44-46),
682 838 766 902 sicut
785 834 959 924 quondam,
977 833 1028 901 die
1051 835 1250 900 Pentecostes
1265 831 1359 922 (Cap.

175 957 208 1024 11
227 977 236 1020 a
256 957 287 1037 l)
303 956 431 1026 dederat
446 959 535 1025 orbis
550 959 722 1047 Apostolis.
743 961 782 1026 Et
796 959 880 1027 nulla
896 953 1129 1039 coronopode
1145 957 1209 1025 vid.
1229 955 1361 1025 Kiihner

174 1081 198 1171 S
216 1082 296 1151 557.
320 1083 415 1151 dnm.
434 1085 467 1167 l)
483 1083 651 1152 discrimen
669 1083 742 1152 lecit
757 1084 838 1152 inter
853 1104 911 1152 uos
927 1084 1095 1174 Apostolos
1111 1082 1315 1151 circumcisos
1332 1093 1364 1149 et

177 1205 319 1274 Gentiles
337 1205 590 1288 incircumciSOS,
607 1231 644 1296 τῃ
659 1228 760 1270 πιστει
776 1205 944 1297 καθαρισας
960 1229 1014 1280 τας
1030 1200 1158 1295 καρδιας
1173 1225 1288 1281 αυτων,
1302 1224 1363 1287 per

175 1332 272 1414 fidem
300 1327 349 1421 (τῃ
376 1354 478 1396 rurore
504 1332 611 1400 Dativ.
640 1330 857 1413 instrumenta)
885 1352 994 1398 eoram
1020 1332 1116 1396 corda
1142 1331 1360 1415 purificando.

185 1455 383 1535 «Occurrit,
408 1457 511 1546 inquit
531 1456 695 1524 Cornelius
711 1476 727 1522 a
744 1454 863 1545 Lapide
879 1454 928 1536 (ad
945 1453 978 1521 h.
998 1453 1047 1535 1.),
1066 1452 1233 1520 obiectioni
1256 1452 1359 1520 iudai·

177 1579 327 1646 nantium.
346 1578 499 1646 Dicebant
516 1579 599 1646 enim
616 1579 666 1647 isti
686 1578 851 1648 :Gentiles
864 1587 935 1646 sunt
950 1579 1087 1661 impuri,
1106 1585 1213 1665 utpote
1229 1575 1360 1644 idolola-

140 1695 144 1703 '
178 1713 245 1770 trae
265 1711 295 1769 et
307 1697 495 1769 scelerati...
514 1702 695 1792 Respondet
709 1705 840 1790 Petrus,
855 1701 995 1772 Gentiles
1011 1701 1042 1767 in
1060 1698 1245 1769 Gentilismo
1263 1698 1359 1767 luisse

178 1828 341 1918 impuros,
367 1828 422 1895 sed
444 1828 547 1895 Deum
563 1849 622 1912 per
644 1830 741 1912 fidem
756 1847 807 1893 eoo
821 1829 1012 1912 purificasse
1028 1835 1094 1892 tom
1110 1823 1149 1891 ab
1165 1822 1359 1904 idololatria,

179 1962 244 2019 tum
256 1971 274 2017 a
286 1950 470 2018 sceleribus.
489 1952 550 2018 Per
562 1951 655 2019 fidem
669 1952 751 2018 enim
764 1962 963 2040 agnoverant,
977 1950 1060 2018 idola
1072 1968 1141 2016 esse
1154 1948 1248 2016 falsos
1260 1948 1358 2028 Deos,

179 2074 345 2164 Deumque
372 2094 480 2141 verum
508 2095 577 2141 esse
603 2095 701 2142 unum
728 2076 760 2142 iu
784 2076 918 2143 essentia
941 2085 972 2142 et
995 2073 1110 2142 trinum
1138 2073 1170 2138 iu
1200 2071 1357 2162 personis.

181 2199 316 2264 Rursum
330 2196 492 2287 perfidem
507 2201 687 2282 parificati,
698 2198 730 2266 id
742 2208 801 2280 est,
815 2196 971 2266 iustificati
985 2206 1087 2264 sunta
1099 2196 1247 2286 peccatis.
1266 2195 1359 2262 lntel-

181 2320 240 2409 lige
254 2320 364 2403 fidem,
382 2341 442 2389 uon
467 2322 600 2403 nudam,
618 2321 673 2390 sed
694 2343 762 2391 sese
778 2333 971 2390 exserentem
988 2322 1019 2389 in
1036 2333 1123 2390 actus
1141 2321 1226 2411 spei,
1244 2321 1362 2389 contri·
1443 2349 1448 2356 ·

183 2445 285 2528 tionis,
300 2444 460 2514 charitatis
476 2447 714 2529 observationis,
729 2447 957 2529 mandatorum,
971 2446 1167 2516 othonorum
1181 2465 1323 2535 operum.
1339 2471 1353 2503 »

226 2689 328 2756 l0—l
338 2690 370 2756 l.
390 2688 483 2757 Nunc
495 2709 569 2772 erpo
584 2690 663 2774 quid
679 2689 806 2754 tentatio
821 2688 938 2771 Darem,
953 2689 1113 2771 imponere
1127 2689 1250 2770 lupum,
1266 2683 1357 2768 etc).

182 2807 295 2876 Sensus
318 2818 365 2877 est
385 2832 393 2876 :
416 2811 520 2896 Quum
541 2811 629 2878 Deus
652 2809 730 2878 adeo
754 2810 912 2878 evidenter
935 2809 1117 2878 testificatus
1140 2809 1199 2887 sit,
1223 2807 1360 2876 Gentiles

182 2930 416 3000 incircumcisos
439 2954 497 3000 nec
512 2933 683 3002 Mosaicam
703 2935 802 3024 legem
819 2935 996 3024 professos,
1014 2933 1253 3023 haudquaquam
1271 2933 1358 3021 inep-

183 3064 227 3123 tos
247 3076 317 3124 esse
337 3056 376 3124 ad
402 3057 599 3125 obtinendam
623 3059 753 3126 salutem
775 3058 1001 3138 Christianam,
1019 3061 1095 3145 qm‘d
1112 3061 1214 3142 ipitur
1229 3055 1275 3146 (τι
1290 3055 1359 3145 ουν)

183 3199 262 3245 nono
281 3181 349 3271 (von
373 3179 396 3246 i.
419 3200 448 3247 e.
475 3201 572 3270 quum
592 3181 640 3250 sic
661 3203 712 3250 res
733 3202 767 3250 se
789 3181 911 3267 babeat)
933 3184 1036 3251 Deum
1058 3181 1199 3261 tentatis,
1224 3181 1358 3247 voteotes

181 3301 342 3385 imponere
369 3299 524 3385 (επιθειναι
551 3303 701 3373 infinitiv.
731 3307 957 3396 epexegeticus.
981 3307 1064 3375 Vide
1092 3307 1150 3375 Gr.
1181 3325 1251 3396 pag.
1279 3307 1356 3374 556.

182 3423 317 3515 ddunt.)
333 3427 508 3496 cervicibus
524 3431 708 3512 Gentilium,
726 3431 952 3520 discipulorum
968 3430 1098 3512 Christi,
1112 3430 1219 3518 iugum
1232 3429 1358 3511 (Mosai-

183 3567 233 3615 oae
249 3547 325 3637 legis
342 3549 491 3637 ritualis),
517 3552 601 3642 quod
626 3574 726 3642 neque
749 3565 853 3644 patres
876 3555 993 3634 nostri,
1013 3575 1114 3644 neque
1136 3576 1194 3623 nos
1210 3552 1360 3636 (comora-

182 3671 334 3761 m'rotire)
359 3686 482 3763 portare
507 3677 682 3766 potuimuS,
708 3681 773 3745 uisi
793 3700 865 3746 com
892 3680 1034 3745 maximo
1061 3676 1274 3764 difficultate?
1295 3679 1361 3745 Neo

183 3814 255 3863 sane
275 3816 312 3863 eo
337 3797 421 3884 quod
445 3798 621 3868 circumcisi
646 3820 773 3885 somus,
799 3805 854 3869 sed
875 3800 982 3890 (αλλα)
1005 3823 1061 3893 per
1082 3803 1211 3891 gratiam
1231 3803 1360 3871 Domini

184 3919 252 3986 iesu
269 3918 385 3988 Christi
411 3942 468 3990 nos
491 3924 790 3993 Iudaeo-Christiani
806 3926 963 3995 oredimus
978 3936 1134 3994 aeternam
1158 3926 1288 3994 salutem
1304 3925 1360 3992 aii·

184 4024 305 4132 quando
329 4047 477 4135 consequi
503 4046 592 4130 (hor.
619 4048 775 4133 σωθηναι),
805 4051 1066 4140 quemadmodum
1089 4063 1119 4118 et
1141 4053 1195 4118 tut
1217 4057 1359 4141 (κᾳκεινοι

183 4166 251 4234 scil.
270 4170 298 4233 οἱ
321 4190 446 4261 πατερες
467 4170 553 4258 ἡμων
570 4192 617 4239 vs.
646 4172 699 4256 lli)
716 4175 846 4242 salutem
864 4176 1023 4242 consecuti
1041 4195 1101 4242 non
1126 4185 1199 4243 sunt
1221 4176 1281 4243 nisi
1306 4196 1363 4265 per

186 4290 294 4357 merita
309 4291 443 4360 Messiae
459 4295 594 4362 venturi.
609 4334 654 4345 —
1009 4293 1011 4297 ’

226 4412 420 4483 Christianae
448 4416 519 4485 lidei
548 4419 676 4507 dogma,
706 4421 789 4511 quod
824 4420 876 4491 bio
909 4423 1003 4512 tangit
1034 4424 1142 4492 beatus
1169 4423 1360 4513 Apostolus,
