3074 5054
177 394 245 461 tlt
524 389 660 459 ACTUS
695 390 1028 475 nensnntnnnn,

175 584 381 667 flaqelboroat
404 577 593 673 (δειραντες),
618 602 693 664 nos,
713 583 797 650 cives
816 585 993 660 Romanos,
1014 604 1093 674 quos
1108 585 1220 655 deinde
1245 588 1275 654 in
1293 610 1364 657 oar·

177 724 280 773 ocrem
304 704 525 784 conieceruut;
551 715 582 772 et
598 723 680 771 nuuc
696 703 870 772 clanculum
896 726 953 773 nos
970 708 1105 774 eliciant
1124 704 1364 796 (subalternam

177 829 252 896 Nori
275 851 352 896 sane
375 829 426 918 (oo
441 828 512 919 pap)
530 833 577 896 ito
592 827 668 912 fiet!
690 828 744 896 sed
761 829 883 897 veniant
899 829 958 918 ipsi
976 830 1142 920 (lictores),
1161 844 1191 900 et
1207 833 1367 924 (noneste)

178 971 235 1018 nos
251 955 386 1020 edoceat
408 949 677 1042 (eiayaperaaar).
696 991 741 1002 -
758 954 883 1021 Dicitur
907 950 1093 1040 εκβαλλουσι
1117 957 1148 1022 in
1171 957 1364 1039 Praesenti,

183 1078 254 1166 quia
270 1076 322 1144 illa
338 1080 517 1144 clanculam
534 1080 683 1143 eliciendi
697 1077 778 1144 actio
792 1078 851 1144 iam
867 1090 930 1146 tum
946 1079 1175 1168 quodammodo
1193 1080 1298 1149 fiebat.
1316 1083 1367 1150 De

182 1206 217 1262 ab
232 1221 290 1289 γαρ
307 1199 452 1268 hocloco
469 1200 539 1268 vide
553 1201 705 1267 Zeunium
722 1198 761 1268 ad
777 1200 886 1287 Vigor.
906 1201 982 1290 Gap.
998 1202 1072 1270 Vll.
1091 1202 1175 1270 Seet.
1190 1204 1282 1270 Xlll.
1300 1205 1362 1272 lV.

228 1447 284 1514 38.
310 1448 553 1515 Noaoiooernret
581 1457 687 1513 antem
713 1448 955 1529 mopistrctibos
983 1450 1127 1532 lictores,
1158 1450 1247 1533 etc.).
1278 1451 1366 1519 Haec

182 1570 276 1638 verba
297 1571 386 1638 Pauli
411 1571 537 1640 lictores
561 1570 735 1640 retulerunt
758 1571 965 1636 Praetoribus
990 1573 1061 1653 (τοις
1078 1571 1288 1662 eipscopum
1308 1575 1365 1662 qui

178 1717 277 1783 wem
295 1698 456 1762 audissent
474 1691 685 1786 (convocares)
700 1691 786 1781 quod
801 1703 906 1759 essent
921 1696 1002 1759 cives
1016 1695 1159 1760 Romani
1175 1695 1364 1784 (Ῥωμαιοι),

179 1819 239 1886 sihi
256 1819 436 1886 timuerunt.
454 1817 611 1884 Nimirum
635 1825 761 1903 egeram
784 1816 948 1882 Praetores
971 1825 1078 1883 contra
1102 1817 1201 1903 Leges
1217 1818 1364 1886 Porciam

179 1943 468 2032 etSempsouiam¹‚
495 1940 674 2009 seeundum·
692 1960 769 2028 quas
793 1939 878 2006 nolas
902 1951 968 2007 erat
988 1941 1084 2028 virgis
1108 1941 1237 2009 caedere
1262 1944 1364 2011 ciuem

181 2068 369 2134 Romanum.
394 2067 464 2132 Hoc
492 2064 545 2155 qui
575 2063 717 2144 lecisset,
743 2082 814 2130 reus
843 2073 907 2128 erat
934 2062 1035 2130 laesae
1062 2064 1230 2132 maiestatis
1254 2067 1364 2154 populi

180 2192 332 2273 Romani,
345 2201 376 2258 et
391 2191 424 2257 iu
449 2188 536 2258 Urbe
559 2207 684 2256 rausum
705 2187 810 2255 dicere
834 2187 1013 2275 cogebatur.
1031 2190 1152 2278 Nempe
1170 2190 1200 2256 in
1217 2190 1285 2257 cive
1300 2193 1365 2260 Ro·

180 2335 272 2383 mano
300 2315 403 2395 laeso,
432 2314 500 2403 ipsa
528 2311 634 2401 populi
663 2311 794 2378 Romani
823 2311 966 2379 maiestas
997 2311 1079 2380 laesa
1106 2311 1292 2381 habebatur.
1307 2348 1308 2351 ¹
1325 2317 1366 2385 nt
1419 2371 1422 2376 .

174 2438 314 2526 ¹graviter
337 2436 397 2504 hoc
412 2435 531 2505 crimen
556 2433 697 2524 punitum
722 2432 838 2513 luisse,
856 2431 998 2501 adductis
1014 2444 1154 2503 veterum
1170 2436 1364 2526 scriptorum

178 2561 365 2630 testimoniis
382 2560 492 2650 probat
503 2557 689 2627 Kuiuoblius
701 2557 740 2626 ad
753 2567 945 2646 praesentem
959 2559 1061 2625 Lucae
1078 2558 1195 2626 locum.
1211 2558 1366 2648 idemque

182 2695 304 2766 monet,
335 2685 498 2752 Praetores
515 2681 691 2751 testimonio
708 2680 815 2759 Pauli,
838 2700 872 2747 se
895 2681 995 2748 civem
1012 2683 1186 2749 Romanum
1205 2702 1293 2764 esse,
1313 2684 1363 2751 vel

182 2806 252 2874 ideo
269 2806 358 2874 lacile
382 2804 474 2873 fidem
496 2803 661 2885 habuisse,
687 2802 771 2893 quod
795 2803 918 2892 capitali
943 2823 1042 2893 poena
1066 2805 1286 2894 puniebantur,
1306 2808 1362 2896 qui

181 2928 231 2996 ius
258 2927 390 2995 cimbalis
414 2927 630 3007 mentirentur,
660 2936 694 2992 ut
722 2937 804 3014 patet
827 2946 866 2992 ex
893 2925 1041 2994 Suetonio
1070 2925 1112 3007 (iu
1144 2929 1217 2996 Vita
1245 2929 1360 3000 Claud.

182 3054 258 3141 Cap.
287 3052 407 3142 XXV).
436 3053 485 3118 De
512 3054 615 3118 Poalo
641 3055 705 3117 ciue
732 3053 877 3118 Romano
905 3049 975 3117 vide
1002 3052 1080 3120 iulra
1113 3054 1189 3142 Cap.
1220 3055 1318 3122 XXll
1352 3077 1360 3120 :

176 3177 240 3254 Pb,
253 3196 325 3264 sqq.
344 3174 449 3242 Civem
466 3177 640 3243 Romanum
657 3176 748 3242 edam
764 3174 860 3242 Silam
875 3175 982 3261 luisse,
1002 3175 1100 3264 liquet
1116 3189 1180 3244 tum
1197 3197 1236 3244 ex
1252 3177 1361 3247 verbis

178 3298 265 3366 Pauli
291 3306 348 3386 (vs.
375 3297 447 3387 57),
473 3309 538 3366 tum
561 3298 652 3364 etiam
677 3319 716 3365 ex
740 3319 786 3365 vs.
807 3299 862 3366 58.
889 3299 979 3366 Cives
1003 3302 1160 3367 Romanos
1190 3321 1244 3368 eos
1272 3322 1359 3385 esse,

177 3423 340 3490 Praetores
360 3423 442 3489 scire
466 3422 657 3510 potuissent,
682 3420 708 3486 si
733 3420 846 3488 furenti
871 3422 987 3509 populo
1011 3443 1070 3490 riou
1096 3424 1281 3506 cessissent,
1300 3445 1362 3492 nec

178 3549 368 3614 iniuditotos
382 3545 628 3635 (ακατακριτους)
644 3543 914 3612 condemnassent.

221 3757 367 3824 59-40.
401 3757 444 3820 Et
472 3756 627 3820 venientes
655 3755 815 3836 deprecati
845 3764 936 3837 sual,
967 3761 1068 3843 alost).
1099 3754 1265 3820 Praetores
1298 3775 1357 3823 suo

178 3901 374 3912 ..-----

209 3986 228 4051 ¹)
246 3984 311 4036 Vide
328 3982 446 4035 Grotium
463 3982 496 4034 od
515 3985 570 4035 net.
592 3982 738 4034 xxnzaa.
786 3977 848 4029 Cod.
880 3978 922 4039 D.‚
954 3977 1044 4028 multis
1072 3977 1190 4028 verbisa
1216 3978 1358 4043 glossatore

175 4068 213 4119 ct.
235 4067 313 4119 atium
335 4066 424 4118 Rosini
448 4067 557 4131 nntiqq.
582 4065 656 4117 nom.
682 4065 738 4115 Lib.
786 4056 898 4123 quodam
926 4057 1036 4122 additis,
1066 4060 1103 4111 sic
1131 4059 1227 4124 legilm
1256 4073 1261 4108 :
1292 4049 1357 4111 Kar

174 4144 740 4214 Viti,Cap.2.l)ecieitateetjoreeioiom
786 4155 1023 4222 παραγενομενοι
1052 4158 1127 4220 μετα
1155 4133 1252 4226 <petar
1281 4136 1357 4201 πολ-

174 4230 360 4284 nomaaorom.
382 4230 426 4281 Ad
443 4230 511 4281 idem
534 4230 574 4280 ius
593 4229 741 4295 pertinebat
788 4219 847 4285 λων
871 4246 912 4298 εις
931 4247 983 4297 την
1004 4222 1159 4316 φυλακην,
1190 4226 1358 4318 παρεκαλε-

173 4313 440 4366 etiam-LexValaria.
451 4312 645 4365 videbimini.
659 4313 676 4362 l.
785 4336 844 4379 σαν
880 4337 988 4388 αυτους
1027 4313 1169 4398 εξελθειν,
1210 4340 1353 4394 ειποντες·

207 4427 310 4494 qvia
344 4443 413 4478 asar.
449 4427 597 4479 versiculus
635 4425 677 4478 ure
712 4426 739 4477 tn
786 4425 986 4496 ηγνοησαμεν,
1008 4431 1046 4470 τα
1078 4407 1143 4469 καθ’
1177 4410 1276 4495 ipos,
1310 4416 1354 4474 ὀτι
