3074 5054
484 413 622 481 CAPUT
656 411 756 496 Xlll,
794 411 917 480 VERS.
953 413 1053 480 5—t.
1292 411 1354 478 ΙΙΙ

180 605 429 694 impositionem,
448 603 501 670 sed
520 623 611 692 quam
628 602 853 670 comitabantur
880 601 1028 668 ieiunium
1048 611 1078 667 et
1101 620 1227 689 preces,
1257 620 1356 688 eaque

179 728 318 796 adbibita
330 729 369 797 ad
381 727 465 794 illam
482 747 627 795 mannum
646 727 873 817 impositionem
886 726 1103 815 peragendam,
1118 737 1151 792 ut
1164 746 1201 791 ex
1214 736 1355 792 contexta

179 852 318 918 oratione
342 861 441 939 patet,
466 860 496 915 et
512 848 711 916 confirmatur
727 870 765 915 ex
785 851 861 937 Cap.
884 849 964 916 XlV
983 875 990 915 :
1010 851 1064 916 bb.
1084 849 1227 915 Ceterum
1244 846 1281 913 de
1297 845 1354 914 bac

180 978 390 1046 controversia
418 976 533 1043 videsis
556 975 766 1042 Salmeronem
795 976 911 1055 (Tract.
940 974 1083 1041 XXXVI
1108 975 1139 1040 in
1168 975 1236 1040 Act.
1265 971 1352 1062 Ap),

181 1103 354 1180 Larinum,
393 1099 570 1167 Cornelium
612 1119 632 1168 a
669 1098 811 1187 Lepide,
848 1108 878 1163 et
916 1096 1185 1164 Bartholomaeum
1227 1099 1352 1164 Petrum

181 1225 232 1308 (ad
260 1225 294 1292 b.
326 1222 375 1303 Ι.).

219 1474 259 1561 b.
284 1473 330 1536 Et
357 1473 419 1555 ipsi
444 1474 569 1556 quidem
596 1473 689 1535 arisai
713 1493 732 1535 a
757 1469 888 1552 Spiritu
914 1468 1050 1544 Sourta,
1073 1465 1160 1547 etc).
1186 1468 1297 1536 Paulus
1324 1480 1355 1535 et

180 1595 338 1663 Barnabas
357 1618 430 1680 erqo
454 1600 521 1682 (peu
543 1600 606 1678 ocu)
630 1598 740 1660 emissi
755 1592 1000 1684 (εκπεμφθεντες,
1017 1592 1234 1678 uitqezoudeu)
1250 1614 1267 1660 a
1283 1594 1354 1683 Spi-

179 1719 244 1784 ritu
263 1718 388 1800 Sancto,
413 1721 639 1784 descenderunt
660 1714 834 1799 (κατηλθον)
856 1717 1047 1799 Seleuciam,
1065 1728 1157 1806 atque
1173 1716 1246 1785 hinc
1270 1717 1354 1784 nari-

177 1854 291 1930 garnnt
312 1840 521 1933 (απεπλευσαν
543 1865 601 1918 εις,
626 1847 669 1924 zrj
690 1864 800 1908 onerem
824 1847 863 1927 as
879 1844 972 1927 uuor)
996 1844 1026 1909 in
1052 1842 1184 1909 insulam
1200 1844 1351 1931 Cyprum.

227 1970 282 2034 Est
302 1967 355 2034 bic
378 1991 430 2054 peu
452 1991 502 2031 our
526 1967 657 2034 formula
675 1970 838 2052 perqeutis
861 1971 896 2032 iu
920 1970 1100 2046 rtarraudo,
1127 1978 1160 2033 ut
1180 1968 1256 2055 Cap.
1275 1969 1351 2032 Xlz

179 2096 238 2161 51.
266 2093 423 2159 Dicuntur
450 2103 551 2159 autem
578 2095 669 2158 missi
696 2117 715 2156 a
742 2093 868 2176 Spiritu
894 2092 1028 2174 Suueto,
1055 2092 1128 2179 qnia
1154 2092 1354 2179 Apostolatus

178 2237 288 2284 eornm
313 2237 373 2282 non
397 2227 462 2282 erat
483 2238 582 2301 raeque
609 2218 647 2281 ab
668 2218 864 2295 ltouiiuibus,
888 2237 985 2300 raeque
1005 2236 1065 2299 per
1085 2218 1244 2280 homiuem
1266 2215 1351 2301 (Gal.

180 2345 193 2408 Ι
214 2369 223 2409 :
244 2342 288 2423 Ι),
313 2340 369 2409 sed
393 2341 534 2430 proxime
557 2361 574 2407 a
596 2342 677 2408 Deo.
696 2379 740 2388 -«
759 2340 897 2408 Verbum
921 2363 1108 2431 κατερχομαι
1132 2338 1287 2426 eleganter
1307 2339 1352 2406 sie

178 2467 294 2535 dicitur
316 2467 353 2534 de
378 2464 647 2555 proficiscentibus
663 2466 693 2530 in
714 2465 869 2552 regionem
887 2464 924 2530 ad
942 2484 1025 2529 mere
1049 2464 1151 2541 sitam,
1173 2462 1272 2550 qualis
1289 2475 1354 2529 erat

178 2591 256 2659 urbs
279 2592 433 2659 Seleucia.
453 2593 531 2659 Nam
556 2612 657 2658 sermo
682 2591 734 2658 hic
758 2603 805 2658 est
828 2591 866 2658 de
890 2590 1030 2658 Seleucia
1053 2591 1162 2677 Syriae
1185 2588 1352 2656 Antioche-

176 2734 237 2780 nae
265 2713 361 2793 urbe,
391 2713 429 2780 ab
457 2713 621 2781 Antiochia
649 2734 759 2803 parum
786 2714 917 2782 distante
950 2725 979 2779 et
1014 2714 1091 2780 mari
1127 2713 1352 2780 mediterraneo

176 2840 332 2928 apposita.
354 2841 442 2924 Quae
467 2849 500 2906 ut
523 2838 727 2926 distinguatur
742 2837 781 2904 ab
798 2837 866 2904 aliis
883 2838 1020 2905 eiusdem
1045 2838 1179 2905 nominis
1202 2837 1351 2918 urbione,

176 2988 262 3034 nunc
289 2967 433 3032 Seleucia
459 2970 501 3031 ool
527 2989 615 3032 mare
641 2967 705 3032 sive
733 2969 898 3032 maritima
925 2975 1062 3043 vocatur,
1097 2987 1179 3032 nnnc
1209 2966 1354 3031 Seleucia

176 3095 309 3174 Piiriu,
340 3101 374 3156 ut
396 3110 475 3178 quae
502 3111 612 3178 nempe
634 3089 692 3156 sub
713 3089 817 3156 Pierio
842 3098 945 3155 monte
969 3088 1097 3156 iacebat.
1129 3088 1202 3157 Vid.
1229 3088 1353 3154 Cellarii
1440 3143 1441 3147 ,

175 3220 338 3286 Notitiam
354 3217 593 3301 ordinauitque,
612 3214 682 3281 Lib.
702 3217 764 3295 ΙΙΙ,
783 3217 858 3304 Cap.
877 3216 957 3294 Xll,
976 3215 1057 3282 Sect.
1078 3218 1114 3294 b,
1132 3214 1148 3295 S
1163 3215 1286 3294 XXVI,
1301 3235 1351 3302 sq.

176 3343 276 3412 Recta
292 3363 331 3409 ex
347 3341 430 3408 illins
446 3341 533 3408 urbis
551 3352 642 3429 portu
659 3339 868 3407 traiiciebatnr
885 3338 1006 3425 (Polyb.
1029 3339 1057 3406 V
1076 3360 1083 3397 =
1103 3337 1157 3414 29)
1174 3339 1205 3404 in
1222 3339 1353 3406 insulam

176 3468 331 3553 Cyprum.
360 3464 518 3531 Seleuciae
540 3462 682 3551 Apostoli
709 3483 768 3529 non
792 3461 974 3538 haeserunt,
996 3460 1051 3527 sed
1075 3460 1193 3541 statim,
1212 3462 1295 3549 quod
1316 3483 1354 3530 ex

177 3590 283 3656 Lucae
308 3589 481 3654 narratione
497 3587 664 3674 colligitur,
684 3585 755 3652 inde
771 3586 957 3652 traiecerunt
973 3587 1003 3651 in
1021 3587 1176 3674 Cyprum,
1195 3587 1354 3654 barnabae

177 3713 311 3802 patriam
327 3711 412 3800 (Act.
433 3712 478 3778 lV
498 3737 505 3777 :
525 3710 596 3798 56),
616 3711 668 3777 ubi
686 3711 745 3776 iam
763 3709 854 3799 paulo
871 3721 939 3776 ante
963 3711 1044 3794 (Act.
1063 3711 1110 3776 Xl
1130 3735 1137 3775 :
1158 3708 1215 3796 tc)
1231 3710 1269 3776 ab
1285 3711 1354 3778 aliis

176 3835 343 3904 exordium
360 3836 472 3902 lactum
489 3832 588 3902 luerat
604 3835 804 3922 Evangelioae
821 3835 1118 3924 praedicationis-
1133 3835 1182 3900 De
1200 3834 1352 3916 articulo,

178 3963 287 4028 iuncto
311 3961 495 4027 Nominibus
519 3960 654 4049 propriis
682 3958 805 4026 urbium
834 3970 863 4025 et
891 3960 1068 4046 regionum,
1094 3958 1164 4025 ride
1192 3957 1249 4025 Gr.
1280 3976 1349 4044 pag.

181 4088 262 4164 too,
285 4088 318 4151 7.
342 4085 390 4150 De
416 4086 519 4172 Cypro
543 4084 657 4151 videsis
681 4085 805 4150 Cellarii
837 4087 994 4152 Notitiam
1027 4084 1111 4149 orbis
1132 4085 1258 4167 autiqui
1281 4081 1350 4147 Lib.

179 4212 245 4289 ΙΙΙ,
265 4210 341 4296 Cap.
363 4209 443 4287 Vll,
462 4208 481 4296 S
497 4210 534 4289 Ι,
553 4208 615 4286 IV,
634 4229 704 4296 sqq.
725 4209 914 4286 Menrsium‚
935 4211 978 4274 De
1003 4207 1129 4292 quro,
1147 4218 1177 4273 et
1192 4208 1352 4283 Mannert,

183 4335 380 4418 Gcoqrapltiu
397 4333 441 4400 Vl
463 4358 470 4399 :
491 4335 527 4411 Ι,
548 4334 683 4420 pean,
698 4352 768 4419 sqq.
788 4371 831 4380 -
