3074 5054
465 368 604 436 CAPUT
638 369 720 449 XV,
756 367 878 438 Vnus,
915 368 1062 436 25-27.
1110 411 1114 417 -
1294 368 1355 434 591

177 558 260 627 tiano
276 568 369 626 necto
394 556 678 645 Hierosolymitano
695 556 752 623 uiri
771 555 930 647 primarii,
949 566 985 623 ut
1001 554 1034 623 bi
1050 555 1133 645 apud
1148 555 1362 627 Antieeltenos

176 685 277 751 uerbis
300 681 453 750 referrent
478 702 557 771 qnae
580 681 711 771 epistola
738 680 914 749 continebat
936 679 993 769 (cl.
1018 700 1064 747 us.
1097 679 1166 762 27),
1195 692 1362 772 certosque

177 806 342 878 redderent
368 825 496 884 ornnes,
523 805 644 874 allatam
669 805 832 894 epistolam
858 826 927 872 esse
949 805 1127 893 genuinam.
1147 842 1191 853 —
1214 803 1276 869 Δια
1297 829 1361 892 χει-

176 954 227 1022 ρος
243 931 338 998 refert
353 929 543 999 Hebraicum
559 941 623 1014 Ἥ.
650 931 697 996 Ex
715 929 918 1018 inscriptione
943 929 1092 1018 epistolae
1111 929 1257 1016 colligere
1273 929 1358 1010 licet,

177 1077 238 1126 neu
254 1056 286 1124 in
303 1055 381 1124 urbe
397 1054 582 1125 Antiochiae
603 1063 740 1134 tantum,
765 1073 873 1121 vorum
896 1053 988 1121 etiarn
1006 1053 1036 1120 io
1054 1053 1175 1143 reliqua
1197 1054 1306 1142 Syria,
1325 1066 1360 1125 ut

178 1192 209 1248 et
223 1180 254 1248 in
275 1179 402 1258 Cilicia,
426 1197 566 1245 errorem
588 1176 676 1244 illum
694 1176 917 1243 ludaizantinm
932 1195 1075 1264 sparsum
1093 1174 1202 1245 luisse.

223 1430 279 1498 tl.
296 1429 457 1508 Quoniam
469 1429 666 1504 audivimus,
686 1424 777 1511 cto).
795 1426 896 1493 Causa
913 1425 1078 1514 exponitur
1094 1422 1191 1492 habiti
1209 1423 1359 1492 concilii:

179 1556 364 1641 Postquam,
390 1550 554 1649 inquiunt,
571 1562 656 1618 certa
679 1549 828 1617 relatione
849 1550 1096 1639 accepissemuS,
1116 1548 1200 1639 qnod
1223 1549 1364 1616 nonnulli

69 1748 75 1761 ,
179 1696 220 1740 eac
238 1677 360 1741 nostris
381 1669 426 1761 (εξ
447 1673 560 1761 ἡμων)
582 1671 656 1739 hinc
674 1675 816 1759 profecti
837 1672 903 1740 suis
924 1672 1123 1740 sermonibus
1150 1669 1284 1762 (loyca)
1306 1692 1362 1739 vos

180 1797 447 1888 perturbaverint,
467 1819 577 1865 onero
595 1800 776 1865 adducenter
795 1792 1072 1877 (ανασκευαζοντες)
1089 1797 1208 1864 animos
1224 1807 1361 1879 vestros,

179 1922 321 1992 docendo
348 1921 488 2003 scilicet,
519 1934 664 2012 oportere
690 1942 746 1990 ves
773 1921 956 1989 circumcidi
985 1933 1016 1988 et
1042 1922 1211 1991 Mosaicam
1238 1942 1363 1990 servare

180 2045 300 2134 legem3
319 2045 433 2134 quibus
449 2045 525 2112 uiris
550 2045 627 2112 nihil
650 2045 709 2114 tale
733 2044 1006 2126 mandaveramus;
1031 2046 1148 2135 placuit
1169 2046 1281 2128 nobis,
1299 2057 1360 2116 etc.

227 2167 627 2242 Vocabuleorrorcuaooricro
650 2169 819 2258 opponitur
838 2171 1085 2243 κατασκευαζειν.
1109 2169 1292 2238 Aristoteles
1314 2171 1364 2256 (itt

183 2291 323 2374 Topicis,
341 2292 429 2373 opud
443 2290 621 2375 Stoplcten.
646 2292 689 2356 od
703 2292 736 2358 t.
753 2288 794 2378 l.)
808 2299 1059 2378 argumentorum
1081 2289 1148 2356 loca
1165 2309 1243 2379 qnae
1259 2290 1298 2358 ad
1314 2291 1360 2358 rei

181 2413 451 2482 confirmationem
479 2412 613 2494 faciunt,
639 2425 728 2483 recat
753 2436 1040 2492 κατασκευαστικα,
1061 2433 1140 2502 quae
1160 2413 1199 2480 ad
1221 2414 1362 2484 destruc-

182 2540 317 2621 tionem,
335 2562 597 2605 ανασκευαστικα.
615 2541 864 2614 Κατασκευαζειν
881 2550 927 2607 est
942 2543 1121 2623 destruere,
1145 2543 1362 2614 ανασκευαζειν

181 2667 360 2744 destruere,
381 2664 464 2753 quod
481 2664 532 2733 bic
549 2665 761 2755 metaphorice
777 2666 894 2734 dictum
919 2676 965 2732 est
985 2664 1023 2732 de
1039 2668 1272 2748 corrumpendo
1288 2665 1364 2734 lalsa

182 2788 325 2856 doctrina
341 2792 476 2857 urrlmes.
494 2829 539 2840 -
556 2792 590 2857 ln
609 2791 764 2858 locutione
780 2788 914 2880 λεγοντες
931 2789 1156 2880 περιτεμνεσθαι
1173 2789 1302 2878 Ellipsis
1318 2800 1366 2857 est

183 2913 270 2980 vocis
285 2910 362 2981 dero.
380 2913 462 2983 Vide
479 2935 574 3003 supra
589 2913 629 2982 ad
645 2916 722 3003 Cap.
739 2915 819 2985 XlV
838 2934 845 2977 :
867 2916 923 2982 lt.
938 2951 982 2963 -
999 2915 1048 2980 Ex
1068 2913 1172 2982 verbis
1195 2917 1239 2989 οἱς
1253 2937 1289 2978 ou
1304 2910 1366 2979 dc-

182 3034 370 3124 στειλαμεθα
396 3038 524 3106 forsitan
553 3037 786 3126 intelligendum
814 3049 880 3116 est,
904 3037 1095 3105 ludaizantes
1124 3036 1194 3105 illes
1223 3037 1367 3106 docteres

182 3161 409 3250 Apostolorum
425 3161 638 3229 austeritatem
654 3161 787 3250 dogmati
805 3183 863 3230 suo
880 3161 956 3230 sulse
976 3161 1229 3251 praescripsisse.

232 3406 381 3474 to-ar.
408 3406 538 3472 Placuit
565 3408 652 3473 rtobr'a
675 3409 811 3474 collectio
835 3409 871 3473 ie
892 3428 1012 3488 neum,
1030 3404 1121 3494 etc).
1146 3407 1266 3475 Graece
1286 3429 1369 3496 yero-

187 3550 288 3616 μενοις
303 3527 519 3617 &praeoptabam
537 3533 604 3598 aad
618 3537 827 3617 concrepetis.
849 3530 933 3600 Vide
956 3550 1050 3621 supra
1074 3528 1113 3596 ad
1136 3531 1214 3619 Cap.
1233 3530 1263 3596 ll
1282 3549 1290 3591 τ
1310 3531 1365 3598 46.

186 3689 233 3705 -
249 3654 297 3721 De
312 3653 435 3740 syntaxi
456 3654 623 3723 verberum
640 3649 736 3729 εδοξεν
758 3650 1090 3741 ἡμιν-εκλεξαμενους
1105 3648 1220 3743 ανδρας
1235 3651 1368 3741 πεμψαι,

187 3775 306 3845 dictum
323 3787 370 3844 est
385 3797 480 3867 supra
496 3778 534 3845 ad
552 3800 598 3846 vs.
617 3766 673 3848 22.
700 3778 811 3848 Obiter
834 3778 1090 3846 commendantur
1115 3778 1230 3845 Paulus
1246 3788 1277 3844 et
1292 3779 1369 3844 Bar·

189 3900 284 3970 nabas
308 3912 464 3991 tamquam
487 3904 545 3970 uiri
571 3906 662 3972 Patre
686 3905 862 3994 ceterisque
884 3903 1043 3995 Apostolis
1067 3902 1185 3991 totique
1211 3901 1370 3968 Ecclesiae

190 4022 492 4112 Hidresolymitaoae
514 4026 687 4109 carissimi,
712 4039 742 4096 et
764 4027 972 4127 integerrimi,
997 4026 1113 4116 quique
1138 4045 1199 4091 nou
1222 4022 1368 4092 credendi

224 4337 243 4404 1)
254 4340 317 4392 Vra.
334 4352 405 4391 nrcr.
425 4339 545 4406 Plerique
561 4339 667 4393 Codices
684 4340 782 4393 hubent
803 4323 833 4399 εξ
848 4325 935 4413 ἡμων
950 4321 1124 4406 adelbotum,
1142 4351 1223 4409 quarn
1231 4337 1369 4393 lectionem

191 4428 268 4482 etiarn
278 4429 389 4495 Vulgata
400 4433 488 4483 nostra
500 4430 617 4484 exbibet.
