3074 5054
179 380 245 447 384
539 377 673 445 AC'PUS
713 375 1044 458 anomoeorum,

179 568 230 636 det
251 568 317 634 uoci
335 582 413 650 urps
432 587 525 656 quam
542 569 639 634 Amos
663 565 819 633 adhibuit.
845 568 953 634 Cetera
968 557 1037 633 'bae
1062 575 1150 655 parte
1174 565 1367 633 conveniunt

178 691 293 758 omnia.

222 827 252 881 et
275 817 387 881 dirnto
409 817 477 880 cias
497 816 701 898 reaedificabo
707 865 719 898 ,
740 826 770 881 et
790 815 911 897 eriparn
935 813 1046 902 illud).
1072 815 1156 880 Haec
1181 833 1254 903 pars
1277 825 1366 880 ante·

177 958 301 1025 gressae
323 937 401 1005 nihil
423 941 499 1003 rioci
525 938 628 1018 addit,
646 937 702 1005 sed
726 946 842 1004 tantum
867 936 1042 1004 distinctius
1066 936 1202 1004 declarat
1223 937 1256 1005 id
1277 936 1365 1025 quod

177 1033 410 1127 antecesserat:
436 1061 640 1144 reaedificabo
669 1061 906 1126 tabernaculum
926 1061 1032 1125 David
1058 1062 1141 1145 qnod
1168 1062 1300 1126 decidit.
1328 1061 1364 1126 ln

178 1181 333 1249 Hebraico
349 1183 401 1249 illa
418 1203 490 1272 pars
506 1185 554 1251 sic
569 1182 681 1271 legitur
700 1209 708 1251 :
727 1195 757 1249 et
779 1184 883 1268 obsept
910 1181 1025 1271 (rupuar
1054 1183 1259 1249 Praeteritum
1288 1203 1365 1270 pro-

177 1305 351 1396 pheticum)
364 1319 519 1391 rupturae
536 1330 647 1375 eornm
662 1307 785 1397 (parurn,
802 1307 871 1374 soil.
886 1329 945 1372 των
962 1310 1036 1396 cinq
1054 1307 1363 1396 tabernaculorum),

176 1442 207 1497 et
222 1434 332 1498 diruta
348 1433 487 1521 (arnimar
510 1433 739 1519 demolitiones)
761 1436 827 1497 eins
840 1429 995 1515 (Devidis)
1015 1434 1119 1515 oripo,
1145 1441 1175 1495 et
1197 1433 1367 1515 aedificavi

176 1556 258 1621 illud
282 1556 398 1642 (aarum
421 1554 490 1623 scil.
510 1569 572 1639 nnn
594 1553 670 1648 unp)
687 1554 757 1621 scil.
776 1551 1007 1621 tabernaculum
1029 1552 1158 1620 Doridis
1173 1556 1254 1619 sient
1275 1558 1365 1639 prio·

177 1680 256 1744 tinio
287 1679 394 1744 diebus
425 1678 513 1766 (ιιξιι
544 1679 651 1764 aaran
687 1700 719 1767 q.
754 1675 786 1743 d.
821 1677 912 1765 quale
944 1675 1019 1743 olim
1051 1675 1128 1757 luit,
1169 1677 1230 1743 tale
1261 1676 1367 1746 denuo

176 1803 246 1869 erit.
269 1811 316 1850 -'
333 1802 440 1889 ltaque
457 1813 558 1890 patet,
576 1823 611 1870 ea
636 1821 715 1890 quae
740 1799 799 1867 bac
822 1810 909 1890 parte
934 1818 951 1865 a
977 1798 1089 1866 lacobo
1113 1798 1272 1878 dicuntur,
1300 1803 1367 1868 He·

177 1922 273 1990 braici
294 1922 429 1989 vaticinii
455 1923 573 1991 reterre
593 1944 654 1991 nou
681 1921 806 2011 quidem
831 1921 944 2002 verba,
970 1920 1024 1988 sed
1048 1921 1147 2010 ipsam
1171 1934 1271 2002 tamen
1294 1943 1365 1990 sen·

177 2043 314 2112 tentiam.
338 2046 400 2111 Pro
424 2057 591 2130 terrare-nn,
615 2059 715 2132 rupea}
739 2044 890 2133 estepud
912 2045 1030 2110 LXX:
1053 2068 1108 2136 και
1127 2041 1364 2132 αιοικοδομησω

174 2191 214 2230 τα
233 2190 403 2231 πεπτοκοτα
421 2189 510 2240 αυτης
528 2164 598 2253 (Ed.
614 2167 771 2256 Compiul.
790 2189 798 2230 τ
815 2165 950 2255 αιιτωιι);Ι
967 2177 996 2232 el
1008 2167 1102 2234 verba
1124 2181 1202 2251 napa
1224 2168 1364 2256 ιἿῃῆῠἾιᾞ

175 2289 377 2358 reddiderunt
400 2315 407 2356 :
430 2313 480 2352 και
500 2313 539 2353 τα
560 2312 798 2378 κατεσκαμμενα
819 2291 1242 2382 (suffosso=denroliliones)
1270 2313 1364 2365 aare:

177 2438 355 2490 αναστησω.

185 2526 189 2530 ’
238 2541 279 2605 Ut
305 2541 471 2625 requirant
503 2539 600 2604 ceteri
632 2540 798 2604 bominum
828 2541 1001 2604 Dominum
1030 2551 1059 2604 et
1086 2560 1194 2605 omnes
1224 2546 1361 2628 qantos).

177 2662 296 2730 Graece
315 2684 322 2725 :
343 2665 422 2736 ὅπως
438 2684 474 2724 αν
491 2663 695 2734 εκζητησωσιν
718 2665 746 2725 oi
769 2660 948 2726 καταλοιποι
970 2684 1030 2725 των
1047 2661 1211 2752 ανθρωπων
1227 2685 1279 2725 ron
1296 2662 1363 2728 Ko-

176 2807 239 2876 ριον
256 2810 308 2849 και
324 2808 425 2849 naara
445 2809 483 2848 ra
504 2784 581 2857 εθνη.
607 2783 709 2873 Atque
731 2785 773 2852 ita
796 2783 873 2852 hece
894 2805 967 2874 pars
990 2784 1102 2872 legitur
1124 2785 1216 2853 etiam
1240 2786 1272 2852 iu
1293 2806 1363 2852 ver-

176 2908 262 2974 sione
278 2905 594 2997 Septuaginta-virali,
613 2907 639 2972 si
658 2926 815 2995 expungas
832 2928 924 2975 voees
940 2931 991 2971 roo
1007 2909 1141 2999 Koptoa,
1161 2928 1238 2996 quas
1255 2909 1363 2977 Codex

177 3032 347 3100 Vaticanus
375 3052 435 3098 nou
460 3032 610 3118 agnoseit.
639 3033 673 3097 lu
700 3008 855 3100 Hebraico
874 3044 958 3100 textu
974 3054 1048 3102 vero
1065 3056 1099 3102 ea
1117 3056 1188 3124 pars
1205 3037 1253 3103 sic
1269 3037 1362 3104 effer-

178 3165 252 3223 tur:
280 3151 426 3240 ente-333
443 3159 516 3236 etna„
531 3156 691 3239 nannet-rra,
715 3158 800 3241 supp:
824 3154 911 3241 arab,
938 3179 1017 3245 quae
1040 3160 1172 3248 Vulgata
1196 3160 1360 3230 reddidit:

176 3291 212 3345 nt
224 3279 407 3363 possideant
419 3279 572 3361 reliquiar
584 3277 736 3342 Idnnreoe
749 3289 777 3342 ot
789 3299 895 3345 omnes
908 3287 1062 3350 notiones.
1079 3285 1157 3351 Sunt
1170 3286 1223 3374 qui
1237 3296 1361 3375 putent,

178 3408 268 3475 LXX
284 3408 471 3492 interpretes
493 3401 647 3469 Hebraico
671 3402 717 3469 sie
741 3402 879 3490 legisse:
907 3422 948 3491 cp
971 3422 1030 3492 upa
1052 3412 1153 3494 nappe}
1177 3411 1267 3494 arip-p
1291 3407 1362 3494 7³:⁷3}

177 3527 322 3615 aptari-33]
349 3527 419 3613 ”ini
446 3526 478 3593 b.
497 3546 526 3592 e.
545 3536 581 3592 nt
604 3529 773 3610 requirunt
795 3531 949 3614 reliquiae
971 3531 1137 3594 leontinum
1159 3530 1314 3596 leliovom
1331 3541 1362 3596 et

177 3671 284 3716 onrner
301 3653 457 3716 notiones.
476 3647 537 3716 Sed
553 3648 730 3716 coniectura
748 3647 825 3717 baec
841 3650 917 3716 mibi
943 3669 1003 3716 nou
1021 3649 1143 3717 videtur
1163 3650 1359 3740 probabilis,

179 3795 275 3863 quum
291 3774 422 3841 nimium
435 3775 555 3842 distata
568 3752 698 3841 lectione
712 3774 742 3840 io
758 3774 856 3843 Codd.
872 3776 962 3844 MSS.
978 3774 1094 3863 ubique
1107 3774 1166 3843 sibi
1184 3789 1358 3846 constante.

178 3896 352 3968 Dicendum
370 3917 442 3964 vero
459 3907 517 3978 est,
533 3897 624 3964 LXX
647 3898 835 3986 iuterpretes
852 3896 911 3965 bac
928 3909 1014 3987 parte
1030 3899 1165 3966 vaticinii
1184 3920 1245 3967 uon
1264 3901 1360 3970 verbu

177 4042 415 4103 annumerasse,
441 4020 496 4089 sed
519 4020 685 4089 uerborum
709 4041 834 4090 sensum
859 4024 1059 4112 exposuissc3
1081 4023 1164 4113 quod
1182 4045 1243 4092 oon
1264 4026 1361 4095 iulre·

179 4159 309 4238 quanter
323 4146 362 4215 ab
378 4145 490 4214 iisdem
506 4143 620 4214 lactum
637 4144 747 4224 luisse,
765 4155 872 4214 notum
889 4157 947 4214 est.

222 4292 318 4355 snper
337 4292 415 4358 qnae
435 4272 613 4336 invocatum
636 4279 680 4334 ert
701 4290 814 4336 nornen
836 4267 966 4351 menon).
992 4271 1112 4339 Graece
1129 4274 1174 4362 ep’
1190 4272 1240 4348 οὺς
1263 4296 1359 4339 errae·

178 4394 286 4470 κληται
308 4419 342 4461 το
364 4418 460 4481 ονομα
482 4417 541 4480 μου
564 4396 608 4457 επ’
625 4416 746 4468 errove.
772 4395 816 4462 lta
839 4414 963 4483 quoque
983 4393 1199 4482 Septuaginta,
1218 4398 1273 4486 qui
1295 4399 1357 4465 He·
