3074 5054
173 339 239 408 560
486 386 489 392 -
525 334 660 402 ACTUS
694 337 1029 418 APOSTOLORUM,

176 529 371 595 Graecorum
388 522 576 618 (Ἑλληνων).
602 563 647 574 -
672 525 810 593 Graecos
831 527 884 595 hic
908 528 1045 617 intelligo
1066 528 1207 597 homines
1230 551 1294 597 uon
1315 549 1368 596 rc·

179 650 288 738 ligioso
305 648 390 717 cultu
405 647 552 735 gentiles,
571 646 626 715 sed
640 653 816 736 proselytos
838 664 950 737 portae
973 652 1071 741 (Vide
1086 674 1182 742 supra
1197 653 1237 720 ad
1251 655 1336 720 Xlll
1355 679 1364 720 s

178 773 245 855 16).
281 776 320 840 Et
349 771 483 862 postulat
510 770 594 839 hunc
621 773 811 842 intellectum
840 788 981 845 contexta
1008 778 1127 859 oratic,
1160 798 1257 866 quum
1290 799 1369 847 mox

176 896 241 986 (vs.
260 897 294 985 9)
312 895 442 966 Graecis
459 894 521 963 illis
539 907 736 984 opponantur
750 923 790 962 τα
805 901 882 974 cerr,

220 1022 269 1087 De
293 1020 423 1108 Synlaxi
448 1018 507 1087 hac
523 1044 530 1086 :
546 1019 847 1110 εγενετο-εισελθειν
873 1047 999 1104 αυτους,
1017 1024 1088 1093 vide
1103 1045 1199 1114 supra
1223 1024 1262 1092 ad
1284 1027 1365 1114 Gap.

179 1147 248 1214 lX:
270 1148 308 1227 53
336 1156 369 1212 ut
393 1144 457 1223 ibi,
475 1145 517 1210 ita
541 1155 572 1211 ct
599 1145 809 1234 inpraesenti
835 1148 904 1215 loco
932 1172 1042 1238 εγενετο
1071 1148 1148 1216 illud
1176 1148 1241 1215 lere
1267 1169 1368 1215 sensu

177 1283 271 1338 caret.
289 1307 333 1320 -
348 1271 441 1333 Κατα
463 1294 497 1333 το
514 1293 601 1350 αυτο,
621 1272 726 1337 ecdem
744 1276 1035 1357 tempore=simrrl,
1054 1284 1088 1339 ut
1103 1296 1152 1336 em
1167 1298 1201 1336 rc
1218 1296 1307 1351 curo,
1326 1273 1369 1340 de

154 1439 157 1444 ‹
179 1417 241 1486 quo
254 1395 325 1464 uide
337 1416 432 1485 supra
443 1394 482 1462 ad
495 1397 571 1485 Cap.
588 1397 633 1463 lll
648 1416 656 1456 t
673 1399 706 1462 1.
726 1397 904 1465 Herodotus
918 1399 1004 1488 (Vll.
1020 1400 1097 1487 Cap.
1112 1396 1190 1478 206)
1204 1398 1250 1464 sie
1262 1397 1365 1465 dixit:

176 1524 221 1587 Ην
245 1545 303 1614 γαρ
328 1546 407 1585 κατα
423 1519 520 1585 rodco
533 1520 697 1609 Ολυμπιας
720 1522 855 1589 coarctet
871 1549 950 1588 τοισι
967 1548 1127 1615 πρηγμασι
1143 1547 1365 1610 συμπεσουσα.

117 1724 122 1734 ⁶
180 1648 229 1716 (ll.
254 1647 363 1712 danto.
390 1648 455 1712 Boc
477 1648 597 1731 ellipscc
622 1647 779 1728 Graecae,
799 1668 832 1735 p.
857 1650 941 1729 209,
961 1669 1010 1738 sq.
1030 1649 1062 1715 in
1085 1658 1240 1715 structura
1262 1648 1368 1735 qualis

156 1742 158 1746 7
182 1781 229 1838 esl
252 1768 351 1837 haec:
371 1765 505 1843 λαλησαι
530 1769 623 1843 οὑτως
641 1768 718 1833 ὥστε
735 1793 918 1849 cccccccccc,
940 1772 1049 1839 vocula
1065 1773 1159 1846 οὑτως
1175 1771 1240 1838 sere
1256 1772 1370 1841 abesse

182 1891 261 1960 solet
285 1911 341 1980 per
357 1890 503 1979 Ellipsin.
519 1891 592 1958 Vox
608 1887 712 1954 λαλειν
738 1893 875 1958 absolate
892 1892 944 1960 hic
960 1893 1076 1962 dicitur
1091 1894 1130 1961 dc
1145 1897 1283 1961 docendo
1300 1895 1371 1963 sive

184 2016 337 2080 tradendo
353 2013 534 2101 religionem
551 2013 780 2096 Christianam,
804 2027 838 2082 ut
855 2025 885 2082 et
900 2016 980 2084 infra
996 2018 1072 2106 Cap.
1091 2018 1202 2086 XVlll
1222 2043 1230 2086 ε
1249 2021 1282 2086 9.

228 2240 261 2306 2.
290 2238 356 2317 Qut
370 2257 444 2302 cero
467 2240 625 2305 increduli
639 2244 775 2326 socr'cnt
796 2242 913 2306 Iudaei
917 2291 930 2324 ,
950 2240 1041 2330 eto).
1060 2241 1093 2309 Si
1112 2240 1163 2308 hio
1179 2242 1262 2330 legas
1280 2264 1370 2307 cccc·-

184 2365 354 2442 accense,
382 2359 566 2429 vertendum
589 2374 636 2431 est
658 2389 665 2430 :
691 2367 747 2450 qccr’
771 2386 845 2430 cero
870 2367 1030 2430 increduli
1052 2370 1200 2451 scierant;
1222 2366 1271 2432 sin
1293 2386 1370 2433 vero

185 2488 268 2576 legas
284 2484 492 2562 απειθουντες,
510 2495 612 2552 vertas
628 2509 635 2552 :
650 2489 706 2572 qni
721 2508 792 2552 nero
807 2489 967 2554 increduli
983 2498 1085 2554 erant.
1105 2525 1148 2535 -
1166 2486 1369 2568 ludaeorum,

186 2609 239 2699 qui
252 2608 422 2698 Apostolos
438 2609 469 2675 iu
486 2609 647 2698 synagoga
662 2611 880 2679 concionantes
895 2610 1069 2692 audierant,
1087 2610 1140 2677 alii
1157 2609 1368 2689 crediderant,

185 2735 236 2803 alii
253 2755 328 2801 vero
345 2755 418 2802 non.
434 2735 523 2822 Ergo·
534 2733 686 2802 increduli
704 2733 735 2801 hi
753 2735 962 2801 lconiensium
978 2738 1147 2820 perc-titium
1163 2738 1287 2801 ‹rnimcs
1304 2736 1372 2817 (τας

187 2859 288 2949 ψυχας
301 2882 360 2922 των
373 2860 473 2939 eduen)
485 2861 636 2926 adversus
652 2862 787 2925 novellos
806 2859 1010 2926 Christianos
1028 2860 1121 2949 (κατα
1137 2880 1196 2923 των
1213 2855 1370 2951 αδελφων,

186 2995 221 3054 ut
244 3005 339 3074 supra
355 2986 432 3074 Cap.
452 2985 521 3052 lX:
542 2986 596 3070 50)
610 2988 848 3051 concitaverunt
871 2983 1058 3074 (cnnyccpcrn)
1074 2987 1218 3070 moleque
1242 2987 1372 3068 affectos

189 3108 381 3200 (malevolos)
398 3110 610 3174 reddiderunt
622 3105 818 3194 (εκακωσαν).
845 3136 859 3166 c
877 3107 964 3174 Hanc
980 3105 1067 3173 verbi
1085 3126 1196 3169 κακουν
1213 3104 1373 3193 significa·
1398 3109 1401 3113 ’

189 3232 323 3314 tionem,
341 3243 375 3300 ut
388 3243 471 3301 notat
484 3231 669 3299 Kninoelins
681 3230 731 3323 (ad
748 3231 780 3298 h.
796 3229 845 3313 1.),
860 3232 1045 3319 interpretes
1062 3229 1201 3296 nonnulli
1216 3229 1307 3318 plane
1321 3230 1374 3297 iu-

189 3356 338 3424 solentem
356 3353 549 3432 habuerunt,
568 3353 623 3422 sed
637 3364 768 3434 temere3
784 3374 819 3420 ea
835 3354 917 3422 enim
934 3353 1016 3444 apud
1034 3353 1149 3443 probae
1165 3363 1255 3420 notae
1271 3355 1374 3444 scrip·

190 3491 273 3548 tores
297 3479 453 3559 occurrit,
479 3487 513 3545 ut
534 3478 679 3567 Kyplius
702 3489 731 3544 et
755 3477 907 3546 Krebsius
931 3479 1026 3546 variis
1051 3478 1202 3567 exemplis
1230 3478 1323 3546 adh.
1349 3480 1371 3547 l.

84 3587 86 3591 ’
190 3605 434 3674 remorsurum.
450 3604 596 3694 scapua
610 3601 781 3694 roseptum
796 3605 935 3696 (antiqq.
952 3605 1022 3673 uin.
1038 3607 1218 3695 xunmp.
1234 3605 1375 3691 virm)

191 3731 230 3799 de
253 3729 379 3798 Herodc
395 3750 451 3823 per
475 3730 553 3796 mala
578 3730 747 3797 domestica
772 3731 948 3800 excruciato
966 3741 1004 3800 ,et
1019 3731 1057 3798 ad
1074 3729 1286 3798 crudelitatem
1304 3729 1374 3796 irri-

161 3869 163 3873 ’
191 3866 254 3924 talo
277 3856 391 3924 dicitur
406 3881 413 3923 ε
429 3879 571 3920 εκακουτο
595 3851 629 3919 dt
649 3851 716 3930 τάις
740 3854 900 3944 duodicem,
922 3881 972 3920 και
997 3878 1107 3945 χειρων
1129 3877 1174 3917 cccc
1199 3876 1374 3943 γενομενος,

193 3981 308 4045 &cacto
333 4003 412 4044 κατα
436 4002 745 4062 carraccetenses,
766 3981 789 4047 i.
816 4001 845 4047 e.
865 3983 1061 4048 irritabatur
1077 3980 1328 4065 suspicionibus,
1347 3990 1377 4044 ct

198 4177 395 4190 *nu-n-

226 4294 244 4356 ¹l
262 4296 325 4347 vnn.
350 4308 421 4347 nucu.
447 4294 496 4348 Pro
517 4278 704 4351 απειθουντες
722 4303 762 4351 est
807 4291 975 4354 Minusculis;
1008 4305 1120 4360 eamque
1144 4291 1281 4344 lectionem
1299 4291 1377 4344 etiam

192 4371 406 4448 cuttinwanc
418 4383 447 4438 in
462 4381 543 4439 Godd.
555 4381 618 4438 ABG
630 4380 762 4448 variisque
807 4378 919 4444 vulgata
931 4377 1046 4431 exhibet.
1241 4377 1244 4382 '
