3074 5054
462 389 600 456 CAPUT
635 387 730 468 vllt,
767 383 889 453 VERS.
931 382 1075 451 17-19.
1284 378 1350 448 ‘225

215 582 399 651 Rectissime
414 602 454 648 ex
470 579 623 670 praesenti
641 578 709 644 loeo
726 574 852 665 probari
871 584 971 664 potest
995 569 1174 640 Catholicae
1189 566 1349 636 Ecclesiae

177 708 310 777 doctrina
333 707 373 776 de
396 708 594 776 sacramento
610 701 874 771 Confirmationis.
892 701 971 767 Nam
996 717 1052 787 per
1068 697 1190 784 signum
1206 693 1348 773 visibile,

178 833 418 922 impositionem,
446 831 592 920 inquam,
620 847 786 904 manuum,
813 824 948 892 eonierri
973 821 1027 890 bie
1053 821 1195 888 videmus
1221 818 1350 907 gratiam

177 960 371 1028 invisibilem.
386 957 539 1027 Videmus
555 975 667 1044 porro,
686 952 766 1019 hane
782 969 929 1018 manuum
947 947 1176 1036 impositionem
1194 945 1234 1013 ab
1249 947 1351 1035 Apus·

177 1084 243 1152 telis
269 1082 480 1171 frequentari,
510 1078 704 1149 hauddubie
731 1097 770 1144 ex
798 1075 936 1143 instituto
970 1075 1049 1140 lesu*
1071 1071 1206 1150 Christi,
1236 1081 1271 1140 ut
1298 1071 1350 1161 qui

177 1228 294 1276 sucrum
318 1207 402 1275 bunc
430 1207 524 1274 ritum
551 1206 582 1272 in
611 1225 666 1273 sua
694 1203 836 1272 Ecclesia
862 1211 1013 1291 perpetuo
1041 1199 1200 1267 observari
1225 1218 1352 1288 praece·

156 1321 161 1334 ‘
178 1331 279 1419 pisset.
296 1331 455 1420 Denique,
468 1341 503 1398 ut
527 1330 632 1397 listins
652 1329 795 1397 observat
811 1327 856 1412 (in
870 1327 916 1395 Vl
932 1325 1020 1393 Seni.
1039 1323 1187 1392 Distinet.
1206 1325 1249 1404 7,
1265 1323 1285 1410 S
1301 1321 1351 1411 5),

183 1482 195 1512 ι
219 1474 259 1520 ex
282 1474 320 1521 eo
344 1453 525 1542 intelligitur
547 1453 644 1520 luisse
668 1451 746 1519 illud
769 1451 893 1539 signum
916 1448 1034 1537 gratiae
1058 1451 1294 1532 operatorium,
1323 1457 1354 1514 et

178 1595 233 1643 nun
261 1587 379 1643 mutum
403 1575 501 1642 instar
527 1575 675 1643 orationis
704 1595 783 1664 quae
807 1573 841 1641 fit
864 1593 959 1662 super
984 1571 1164 1652 bominum,
1183 1571 1257 1659 quia
1278 1569 1352 1637 Pni-

178 1699 278 1789 lippus
300 1700 460 1767 Diaconus
484 1700 562 1769 illud
584 1699 734 1768 exhibere
749 1719 811 1766 non
828 1698 946 1788 potuit,
964 1696 1020 1764 sed
1034 1697 1101 1767 eius
1116 1692 1352 1765 administrandi

179 1827 270 1912 gratia
286 1825 515 1913 Hierosolymis
539 1826 706 1913 Apostolos
730 1825 852 1892 evocari
877 1823 1033 1914 oportuit;
1053 1843 1125 1891 eum
1141 1820 1257 1910 alioqui
1274 1819 1352 1888 nilril

182 1951 378 2040 prohibebat,
396 1952 560 2019 diaconum
582 1971 677 2041 super
700 1950 870 2039 baptizatos
892 1949 1063 2017 orationem
1087 1946 1236 2024 fundere,
1261 1945 1353 2013 etiam

183 2075 315 2145 adhibito
344 2076 405 2145 ritu
432 2078 537 2166 aliquo
565 2087 741 2144 externo.»
773 2077 815 2144 Ut
837 2074 914 2143 aden
938 2074 992 2143 hie
1013 2073 1164 2142 habeatur
1189 2070 1355 2141 invisibilis

182 2201 289 2286 gratiae
312 2201 434 2288 signum
457 2200 581 2268 visibile
604 2211 635 2267 et
650 2189 896 2289 operatoriuma
919 2199 1045 2266 Christo
1068 2197 1206 2265 Domino
1231 2214 1355 2284 perma-

186 2333 287 2389 nenter
303 2322 490 2389 institutum.⁴

225 2572 368 2638 itt-te.
389 2571 468 2637 Cum
491 2573 624 2637 uidisset
646 2583 754 2638 autern
771 2571 902 2650 Simon,
917 2569 1008 2659 etc).
1027 2569 1153 2638 Scilicet
1169 2570 1277 2634 uidere
1294 2566 1356 2634 hoe

183 2692 281 2761 Simon
307 2704 443 2783 poterat,
470 2696 543 2784 quia
566 2716 678 2785 nempe
705 2696 744 2764 ad
768 2697 948 2763 interiorem
972 2696 1119 2783 gratiam,
1147 2713 1226 2783 quae
1250 2692 1326 2760 conl
1340 2730 1355 2742 ·

183 2815 314 2896 rebatur,
340 2817 506 2885 accedebat
530 2819 685 2887 sensibilis
709 2820 854 2908 idemque
878 2819 1030 2888 mirabilis
1054 2819 1181 2909 quidam
1205 2817 1354 2898 effectus,

183 2943 227 3030 qui
256 2941 384 3031 quidem
413 2943 482 3011 talis
504 2943 598 3012 luerit
622 2964 749 3011 neeesse
777 2956 840 3026 est,
866 2956 900 3012 ut
925 2945 1060 3013 Simonis
1083 2955 1182 3013 artem
1205 2943 1355 3032 magicam

182 3067 307 3133 multum
331 3078 503 3156 superaret.
529 3068 638 3154 Qualis
662 3080 763 3136 autem
785 3068 896 3150 fuerit,
915 3080 962 3136 sat
985 3068 1141 3156 colligitur
1165 3088 1203 3135 ex
1219 3087 1256 3134 eo
1273 3064 1357 3156 quod

181 3185 254 3256 inira
282 3189 376 3280 (Cap.
405 3193 486 3258 XlX
511 3216 519 3258 ε
545 3194 582 3278 6)
606 3191 644 3258 de
670 3191 816 3281 Ephesiis
840 3192 943 3258 illisa
971 3191 1070 3260 Paulo
1095 3190 1256 3281 baptizatis
1280 3188 1357 3256 dicit

181 3311 276 3380 Lucas
295 3335 303 3377 :
323 3326 353 3379 et
380 3337 452 3382 euru
473 3318 695 3400 imposuisset,
722 3316 841 3406 inquit,
866 3318 935 3382 illis
957 3337 1088 3383 menum
1109 3319 1250 3395 Paulus,
1273 3317 1359 3381 venit

181 3439 321 3524 Spiritus
342 3443 478 3511 Sanetus
503 3465 600 3528 super
622 3465 689 3523 ees,
716 3455 747 3509 et
773 3444 978 3529 loquebantur
1006 3447 1141 3528 linquis,
1167 3457 1198 3511 et
1219 3445 1357 3528 propbe-

182 3569 296 3637 tubnut.
323 3570 442 3638 Simoni
466 3571 544 3659 ipsi,
566 3582 603 3638 ut
626 3569 760 3650 videtur,
789 3569 931 3658 Apostoli
956 3568 1093 3637 nondum
1118 3589 1231 3637 manus
1255 3569 1358 3658 impo-

180 3702 319 3774 suerant,
353 3693 475 3782 qnando
507 3695 556 3773 is,
589 3692 691 3762 oblata
722 3693 876 3782 pecunia,
911 3690 991 3760 haue
1017 3693 1056 3760 ab
1085 3692 1146 3759 illis
1174 3703 1357 3784 potestatem

180 3820 317 3882 necari
332 3817 464 3886 volebat.
482 3819 561 3887 Nam
574 3817 705 3886 mereari
722 3817 843 3886 volebat
858 3817 928 3895 iste,
944 3816 1028 3905 quod
1044 3817 1144 3905 pluris
1159 3815 1355 3886 revenderet.

181 3940 238 4013 Pro
263 3965 301 4005 αν
325 3961 418 4032 saepe
442 3952 488 4010 est
511 3966 562 4007 cuv
587 3953 657 4032 post
679 3945 856 4012 Pronomen
881 3942 1068 4010 Relativum.

178 4232 182 4239 .
222 4183 279 4252 20.
307 4182 449 4246 Pecunia
465 4190 636 4246 tuuttecum
659 4183 755 4246 sitin
775 4181 1006 4264 perditionem
1028 4174 1119 4261 ete,).
1139 4177 1255 4244 Sensum
1281 4188 1355 4246 est:

183 4303 316 4372 Pecunia
342 4313 393 4370 tua
419 4313 543 4392 pereat,
569 4315 599 4370 et
621 4313 654 4371 tu
676 4323 748 4371 eum
771 4302 838 4384 illa,
865 4301 981 4391 quippe
1003 4299 1109 4390 quiid
1132 4299 1216 4388 quod
1239 4299 1360 4371 donum

184 4425 241 4494 Dei
257 4439 305 4496 est
319 4424 382 4507 (την
398 4423 542 4516 despectu),
556 4427 579 4495 i.
599 4447 629 4497 e.
647 4437 828 4515 potestatem
843 4422 1024 4494 conserendi
1042 4423 1193 4514 Spiritum
1209 4425 1360 4495 Sanctum
