3074 5054
179 386 245 452 mo
523 384 658 452 AGTUS
692 387 1024 467 APOSTOLORUM,

179 576 263 642 Bene
287 576 479 644 caietanus:
508 605 521 636 α
549 574 692 658 Mittunt,
719 581 841 664 inquit,
872 598 933 645 non
962 579 1113 668 imperio,
1138 579 1194 647 sed
1222 580 1358 649 fraterna

178 699 327 768 charitate
351 720 388 768 ac
410 699 613 790 impulsione3
640 713 674 770 nt
693 702 781 770 multi
805 703 916 770 iratres
944 703 1067 770 mittunt
1085 704 1271 793 quandoque
1292 725 1358 772 ma·

178 824 296 905 iorem,
320 837 350 891 et
377 826 563 913 capitulares
591 827 715 894 mittunt
741 829 933 917 Episcopum
958 829 1144 918 quaudoque
1168 829 1212 897 ad
1239 833 1357 918 Papam

178 949 225 1015 vel
249 949 457 1017 Gaesarema
486 950 539 1018 Sic
559 950 754 1018 Antiocheno
775 952 906 1019 ecelesia
934 953 1019 1020 misit
1039 956 1170 1021 Paulum
1190 966 1221 1022 et
1240 956 1358 1021 Barna-

180 1069 262 1139 bam.
285 1074 356 1140 Act.
381 1074 443 1142 XV
464 1098 471 1140 :
490 1077 523 1142 ⁰2.
548 1075 596 1140 De
619 1095 694 1142 voce
718 1071 871 1154 bebenrm,
892 1095 971 1163 qnae
992 1075 1050 1143 suh
1072 1076 1172 1145 forma
1193 1075 1356 1145 Praeteriti
1384 1058 1385 1061 ¹

179 1197 293 1286 passivi
309 1200 409 1265 actico
425 1198 596 1285 significat,
615 1198 686 1265 vide
702 1200 760 1267 Gr.
779 1219 849 1288 pag.
869 1201 947 1267 275.
968 1202 1000 1268 5.

225 1443 279 1509 lii.
307 1442 372 1520 Qut
387 1463 457 1507 cnm
481 1448 652 1529 venissent,
677 1458 847 1513 oraverant
867 1467 928 1531 pro
955 1449 1053 1531 ipsis,
1074 1444 1165 1533 etc).
1185 1447 1243 1514 Gr.
1262 1468 1358 1508 κατα-

178 1562 303 1651 βαντες,
325 1588 396 1633 cnm
417 1570 656 1636 descendissent.
684 1569 765 1639 Vide
789 1589 884 1659 supra
899 1589 969 1659 pag.
992 1570 1067 1637 168.
1093 1570 1276 1635 oraverant
1294 1591 1358 1654 pro

177 1694 269 1776 ipsis,
285 1694 404 1761 Graece
420 1716 488 1784 περι
505 1718 616 1762 aaron.
635 1695 829 1784 Praepositio
845 1718 924 1785 περι,
939 1694 978 1762 ad
994 1714 1120 1762 sensum
1134 1694 1218 1784 quod
1233 1693 1356 1776 attinet,

177 1814 366 1883 tantumdem
394 1814 446 1883 hio
476 1817 555 1886 valet
582 1837 619 1885 ac
641 1819 727 1908 ὑπερ.
759 1817 875 1884 Eodem
904 1838 998 1885 sensu
1026 1821 1139 1908 Praep.
1158 1839 1226 1907 περι
1245 1817 1359 1904 legitur

178 1937 269 2005 etiam
286 1938 317 2004 in
334 1939 395 2029 llp.
414 1940 452 2008 ad
475 1940 635 2009 llehraeos
652 1943 727 2030 Cap.
746 1944 826 2009 Xlll
845 1964 852 2004 :
873 1944 929 2009 l8.
947 1942 1030 2009 Vide
1049 1943 1107 2010 Gr.
1123 1961 1192 2030 pag.
1216 1944 1295 2010 loa.
1315 1944 1353 2008 Ε.

177 2062 317 2148 Apostoli
342 2065 454 2131 Petrus
482 2076 512 2131 et
536 2067 666 2133 loannes
694 2067 797 2133 Deum
823 2076 894 2132 ante
923 2066 1060 2154 precati,
1089 2075 1123 2131 ut
1150 2066 1312 2155 baptizatis
1340 2087 1358 2133 a

176 2187 324 2278 Philippo
349 2191 543 2259 conferretur
571 2192 707 2282 Spiritus
733 2192 881 2270 Sanctus,
908 2190 1020 2258 deinde
1043 2210 1151 2260 manus
1173 2190 1236 2257 illis
1258 2191 1358 2280 impo-

176 2323 322 2393 suerunt,
353 2326 445 2405 atque
472 2317 511 2383 ita
540 2317 674 2406 Spiritus
701 2317 831 2385 Sanctus
853 2316 916 2382 illis
940 2316 997 2382 luit
1022 2315 1172 2393 collatus3
1191 2325 1225 2380 ut
1241 2314 1359 2381 dicitur

177 2455 224 2508 vs.
258 2443 296 2508 l7
328 2459 336 2501 :
368 2450 442 2508 tnm
468 2445 667 2527 imponebant
700 2464 812 2509 manno
845 2463 941 2526 snper
970 2443 1059 2518 iilos,
1098 2450 1128 2505 et
1159 2441 1356 2524 accipiebant

177 2569 333 2654 Spiritum
361 2568 525 2634 Sanctam.

226 2795 278 2861 16.
298 2794 449 2860 Nondum
466 2796 552 2857 enim
564 2796 598 2857 in
610 2813 797 2879 quemqnam
813 2795 941 2858 iliorum
958 2802 1105 2874 venerat,
1122 2789 1213 2878 etc).
1235 2792 1356 2859 Graece
1378 2802 1382 2811 “

177 2940 211 2992 ην
239 2940 454 2992 επιπεπτωκος,
485 2928 554 2982 erat
576 2920 728 3001 illapsum
753 2919 824 3000 sed,
852 2916 971 3005 inquil,
999 2938 1089 3001 μονον
1119 2910 1357 3001 βεβαπτισμενοι

178 3044 311 3136 ὑπηρχον
330 3046 545 3108 tantammodo
559 3043 712 3127 baptizati
727 3045 900 3109 existebant
917 3043 966 3122 (ils
984 3041 1095 3108 itaient
1111 3041 1128 3106 a
1144 3041 1223 3107 l'btat
1238 3039 1358 3107 d'hom-

177 3191 243 3238 mes
270 3170 441 3238 seulement
465 3169 617 3259 haptisbs)
642 3173 677 3234 in
701 3173 827 3236 nomine
852 3170 986 3234 Daradrai
1005 3170 1100 3245 lesn3
1120 3168 1238 3235 Graece
1258 3188 1300 3239 εις
1323 3188 1357 3228 το

176 3317 272 3379 ονομα
287 3318 340 3358 του
365 3294 481 3380 Κυριου
502 3295 612 3372 Ιησου,
633 3295 669 3359 in
685 3315 799 3360 nomem
816 3295 946 3358 Domini
962 3293 1055 3375 Iesu,
1076 3290 1109 3358 h.
1129 3312 1157 3357 e.
1177 3293 1218 3355 ad
1230 3290 1357 3375 profes-

175 3424 297 3486 sionem
322 3429 383 3511 (ter
410 3417 586 3506 belijdenis)
614 3419 748 3486 nominis
776 3418 902 3486 Domini
932 3418 1020 3494 lesu,
1043 3417 1108 3482 sive
1137 3415 1253 3482 Christi
1282 3416 1357 3482 reli-

124 3573 127 3580 *
175 3547 288 3634 gionis.
308 3548 343 3612 ln
370 3545 512 3612 eumdem
537 3565 662 3612 sensum
687 3545 940 3633 praepositione
960 3541 1096 3610 adhibita
1122 3540 1233 3630 legitur
1249 3543 1262 3607 l
1278 3542 1354 3607 Cor.

177 3673 219 3738 l:
247 3673 307 3751 15,
335 3668 387 3738 uhi
414 3671 582 3759 Apostolus
607 3681 714 3758 negat,
740 3669 919 3737 Corinthios
943 3668 1111 3758 baptizatos
1139 3667 1235 3746 fuisse
1259 3689 1298 3741 εις
1322 3692 1357 3731 το

176 3817 273 3883 ονομα
305 3794 452 3874 Hacine,
483 3801 517 3862 in
544 3818 659 3862 nomen
686 3798 797 3862 Pauli.
827 3795 954 3863 Scilicet
981 3814 1042 3859 uon
1070 3795 1224 3858 Pontiani
1249 3803 1355 3873 erant,

176 3923 232 3991 sed
261 3922 451 4006 Christiani,
483 3924 555 4012 quia
583 3922 725 4013 baptizati
755 3922 876 3989 fuerant
899 3941 960 3987 non
976 3942 1015 3993 εις
1031 3942 1064 3982 το
1082 3940 1177 4003 ονομα
1205 3914 1354 3994 flavian,

177 4047 233 4116 sed
260 4071 299 4122 εις
324 4072 358 4111 το
385 4068 482 4134 ονομα
509 4048 628 4137 Kupaou
656 4049 746 4122 Ιησου
775 4047 923 4138 Χριστου.
954 4042 1068 4109 Confer
1094 4042 1184 4108 etiam
1211 4061 1291 4130 quae
1312 4040 1357 4113 le-

176 4182 289 4261 guntur
313 4170 393 4238 inira
408 4173 484 4261 Cap.
504 4173 584 4239 XlX
600 4198 608 4238 ε
624 4174 724 4241 5-6.
751 4171 884 4238 Videtur
908 4167 985 4235 illud
1009 4191 1049 4240 εις
1068 4191 1101 4230 το
1126 4188 1221 4252 ονομα
1238 4165 1357 4232 referre

177 4298 391 4364 Hebraeorum
414 4295 475 4382 nti}
501 4298 548 4387 (in
573 4299 719 4382 nomen),
757 4295 843 4363 verbi
879 4294 974 4382 gratia
1009 4292 1039 4357 in
1077 4289 1137 4357 hoo
1171 4290 1356 4358 Talmudico

177 4435 273 4482 aarum
298 4434 338 4480 aa
361 4421 421 4484 uui
447 4419 509 4486 ban
536 4435 602 4485 nana
629 4417 725 4487 innui
754 4417 819 4483 brai
843 4415 879 4480 ab
910 4430 989 4530 *nupt
1013 4416 1046 4484 h.
1068 4438 1097 4485 e.
1128 4417 1356 4484 Samaritanus
