3074 5054
115 164 180 232 552
454 159 591 228 ACTUS
614 159 950 243 APOSTOLORUM,

114 391 158 404 -·
174 355 286 421 Festus
305 362 422 433 autem,
440 362 604 441 postquam
627 351 666 419 de
682 352 769 419 Pauli
787 352 994 444 appellatione
1010 376 1082 422 cam
1098 358 1302 425 consiliariis

112 486 180 550 ania
195 484 286 570 (μετα
296 507 349 548 του
366 478 570 570 capiantur)
586 480 807 561 deliberasset,
826 482 927 550 eidem
944 483 1129 572 respondit:
1150 485 1303 564 Quonda-

112 610 241 693 quidcm
258 610 299 672 od
322 606 492 673 Caesarem
513 608 712 690 provocasti,
737 608 779 671 ad
798 606 968 672 Caesarem
988 608 1058 674 idio.
1084 609 1303 677 «Provocolio

113 728 220 807 Pauli,
245 727 330 818 quod
352 728 433 796 idem
455 738 556 810 notat,
579 748 640 795 uon
665 738 731 795 erat
752 729 937 818 simpliciter
953 729 1049 809 iacta,
1068 729 1123 798 sed
1139 730 1200 799 sub
1225 751 1303 799 con-

114 852 249 931 ditioue3
268 871 376 919 verram
398 854 508 919 Festus
532 850 666 919 libenter
688 851 857 941 arripiebat
880 852 1093 934 occasionem,
1119 874 1180 943 qna
1205 875 1241 923 se
1263 853 1303 924 ab

114 976 174 1045 hac
186 975 328 1044 molestia
344 987 374 1043 et
386 975 501 1043 invidia
515 975 672 1044 liberaret.
693 1003 706 1034 ι
1283 948 1288 954 ’

152 1095 275 1163 Adrasta
290 1121 359 1162 τινα
375 1123 420 1179 τι,
440 1102 568 1184 injurio
584 1103 692 1186 aliqua
708 1099 838 1187 afficere
854 1104 1004 1186 aliquem.
1023 1102 1085 1169 Pro
1101 1097 1217 1166 αδικειν
1234 1125 1305 1167 τινα

114 1224 229 1292 dicitur
253 1224 344 1291 eliam
372 1219 488 1288 adtactu
515 1246 573 1304 εις,
599 1246 672 1313 προς
694 1236 725 1290 et
745 1247 813 1317 περι
832 1248 915 1290 τινα.
943 1224 992 1292 Gt.
1017 1223 1192 1314 Kiihucrg
1220 1228 1301 1296 550.

116 1348 211 1414 Auro.
236 1347 262 1412 l.
285 1345 323 1413 de
344 1346 529 1414 Accusatino
545 1371 575 1410 τι
596 1344 667 1414 vide
683 1347 740 1416 Gr.
761 1367 831 1437 pag.
850 1349 929 1416 dil.
952 1347 1071 1413 Adaot.
1088 1348 1122 1415 2.
1141 1385 1187 1395 —
1203 1348 1304 1415 Prae·

116 1490 187 1538 sens
211 1465 327 1549 adano,
347 1467 430 1559 quod
454 1470 565 1559 legitur
580 1491 628 1539 ns.
650 1473 704 1552 ll,
722 1470 839 1540 dictum
859 1471 901 1540 ibi
919 1481 966 1538 est
982 1471 1021 1539 de
1036 1482 1123 1538 statu
1139 1474 1303 1557 durante5

117 1605 190 1686 puta
209 1616 266 1684 pro
288 1591 387 1659 adnuo
409 1594 562 1685 scriptum
586 1616 655 1664 esse
678 1592 783 1672 αδικος
807 1620 882 1684 ειμι.
908 1595 1046 1661 Kallion
1063 1597 1305 1686 comparativus

116 1733 162 1790 est
183 1720 301 1810 absque
323 1719 420 1787 altero
443 1721 690 1810 Comparationis
712 1722 853 1791 membro
870 1742 1037 1812 expresso,
1054 1733 1089 1788 nt
1105 1740 1202 1811 supra
1223 1723 1303 1812 Cap.

116 1846 211 1914 XVll
232 1870 240 1912 ε
259 1846 322 1919 22;
348 1843 455 1910 conten
477 1843 670 1912 Nostratium
701 1871 708 1912 :
737 1846 831 1930 pelp'ic
856 1851 901 1931 θῇ
928 1849 985 1912 oola
1011 1848 1071 1912 wel
1098 1845 1183 1911 laeter
1213 1857 1302 1912 meet.

118 1971 272 2060 Πεπραχα
294 1966 428 2035 Perfeci.
450 1987 468 2035 a
490 1991 633 2061 πρασσω.
655 2007 699 2018 -
718 1968 939 2062 Παραιτουμαι
968 1978 1015 2036 est
1041 1972 1121 2034 mitt
1135 1971 1304 2053 deprecor,

118 2115 180 2185 qno
201 2114 296 2161 sensu
323 2092 502 2159 Demetrius
525 2092 609 2181 apud
630 2092 753 2161 Livium
778 2093 856 2161 dixit
881 2118 889 2161 ι
914 2095 983 2177 Epo
1005 2096 1034 2160 si
1053 2095 1130 2179 quid
1145 2095 1246 2179 impie
1270 2097 1306 2159 ia

116 2223 253 2308 fratrem
270 2219 399 2300 admisi,
418 2219 540 2282 trullam
557 2219 708 2301 deprecor
721 2239 869 2302 poemata.
885 2255 929 2266 —
943 2212 1040 2281 Octo
1059 2239 1137 2296 εστι,
1155 2226 1305 2306 utsupra

117 2345 193 2433 Cap.
213 2344 293 2410 ΧΧΙ
313 2368 320 2410 :
343 2343 399 2411 24.
417 2340 545 2408 Dictum
562 2351 608 2408 est
624 2336 709 2405 audeo
727 2345 769 2406 ὡν
787 2362 843 2431 pro
867 2338 953 2407 auden
972 2363 1189 2404 corrueremus
1208 2341 1230 2405 ἁ
1248 2362 1304 2432 per

116 2471 261 2554 Ellipaia
281 2479 312 2534 et
327 2468 571 2534 Attractioaem.
593 2505 638 2515 -
653 2467 852 2557 Χαρισασθαι
869 2467 907 2534 de
931 2470 1136 2534 concatenando
1161 2471 1303 2556 oiiqtrem

120 2596 165 2659 ito
181 2595 297 2675 alteri,
317 2602 353 2658 at
371 2594 408 2657 ab
424 2595 481 2658 looc
496 2595 685 2671 damnetur,-
703 2612 765 2680 quo
781 2611 875 2659 seusu
892 2591 1003 2658 Cicero
1019 2590 1098 2658 dixit
1114 2592 1215 2682 (Coei.
1233 2595 1274 2683 l.)
1293 2619 1301 2661 ε

117 2719 166 2787 Ne
190 2719 368 2803 potiamini
384 2718 435 2782 M.
466 2716 611 2782 Coelium
635 2717 761 2783 libidini
782 2719 932 2782 maclielrri
955 2719 1188 2797 coadunatarum
1219 2719 1241 2784 i.
1273 2738 1301 2784 e.

117 2839 294 2908 damnatum
319 2841 350 2907 in
380 2838 520 2907 molieris
546 2840 688 2928 gratiam.
712 2877 756 2890 —-
780 2838 987 2916 Επικεκλησαι
1015 2841 1149 2909 Perlect.
1181 2843 1300 2910 Passiv.

118 2985 191 3033 cum
204 2965 328 3032 notione
345 2962 468 3044 Media,
486 2975 643 3054 utsupra,
661 2965 739 3053 Cap.
754 2965 833 3031 Xlll
851 2989 858 3031 :
878 2967 911 3033 2.

167 3213 313 3280 -15-t6.
339 3213 383 3278 Et
401 3232 500 3297 quum
519 3213 585 3276 dics
606 3212 744 3297 aliquot,
764 3208 856 3298 eta).
876 3213 996 3276 luterea
1013 3209 1087 3277 dum
1104 3208 1303 3298 exspectaba-

122 3347 171 3403 tur
192 3335 405 3425 opportunitas
425 3334 556 3402 Paulum
578 3336 710 3401 Romam
730 3333 891 3415 mittendi,
917 3335 1031 3417 elapsis
1053 3335 1176 3418 otiqaot
1195 3335 1303 3399 dietus

119 3460 251 3550 (ἡμερων
270 3455 489 3548 διαγενομενωι
509 3457 632 3547 τινων),
656 3458 794 3547 Agrippa
813 3458 880 3524 Rex
898 3468 929 3522 et
951 3474 1041 3522 soror
1063 3455 1130 3522 eius
1154 3456 1303 3523 Berenice

120 3585 302 3650 Caesaream
334 3593 497 3664 venerant,
531 3586 677 3662 Festum,
714 3603 828 3650 nonum
846 3581 1021 3673 praesidem
1038 3584 1218 3647 salutaturi
1237 3586 1304 3667 (ασ-

121 3714 313 3795 πασομενοι).
332 3707 435 3792 Quum
459 3719 561 3775 autem
584 3706 689 3796 plures
709 3706 776 3774 dies
801 3707 864 3773 illio
888 3715 1170 3782 commorarentur,
1193 3708 1305 3772 Festos

120 3851 177 3922 per
194 3830 389 3898 occasionem
405 3831 482 3918 Regi
500 3833 644 3914 exposuit
661 3829 799 3920 (anciaco)
817 3848 942 3896 causam
969 3827 1055 3895 Pauli
1076 3825 1130 3916 (τα
1151 3851 1232 3890 κατα
1255 3851 1304 3892 ran

121 3949 260 4033 Παυλον,
287 3975 323 4018 ea
341 3975 419 4038 quoe
442 3956 484 4019 ad
500 3954 639 4020 Paulum
665 3954 894 4038 pertiuebaat),
923 3949 1032 4017 diceus
1059 3974 1067 4015 :
1093 3952 1149 4016 Est
1178 3947 1232 4015 hic
1258 3950 1295 4014 nit

120 4075 246 4166 quidam
271 4076 431 4145 relictnsa
454 4078 557 4146 Felice
574 4079 714 4159 vinctus3
744 4076 783 4144 de
811 4096 892 4165 quo,
922 4097 1020 4162 prtum
1044 4075 1285 4159 Hierosolymam

120 4203 276 4268 vertissem
293 4203 462 4292 (peroptanti
480 4227 539 4291 pau
557 4226 596 4278 εις
617 4199 826 4294 ‘lapooolupaa⁸
846 4199 916 4267 vide
935 4219 1030 4289 supra
1046 4198 1085 4266 ad
1101 4200 1179 4287 Cap.
1194 4199 1274 4265 ΧΧΙ
