3074 5054
474 367 612 437 CAPUT
648 369 746 447 ΧΙΧ,
784 367 907 439 VERS.
945 367 1091 436 na-at.
1304 372 1371 437 475

189 557 301 646 gregati
325 576 344 624 a
367 557 527 625 Demetrio
544 557 674 646 opifices
690 558 748 628 hos
772 578 932 627 sermones
950 560 1143 626 audivissent
1159 559 1370 650 (annuentem)

189 683 325 766 sontique
347 682 422 747 inde
446 691 547 748 essent
568 680 636 771 (και
660 705 813 773 yeroperor
830 681 921 761 hor.)
938 682 983 748 ira
1009 681 1110 770 pleni,
1129 681 1188 750 iam
1214 693 1370 773 tamquam

188 803 370 873 vindicaturi
404 805 518 873 laesam
545 826 564 873 a
590 807 687 875 Paulo
724 807 843 874 Dianae
875 806 1082 888 maiestatem,
1112 809 1371 893 vociferabantur

189 926 325 1021 (εκραζον
342 927 489 1017 lmperl.)
506 927 643 997 dicentes
659 952 666 989 τ
682 931 793 1018 Magna
806 942 853 998 est
865 931 965 997 Diana
981 929 1209 1019 Ephesiorum!
1226 934 1368 1024 Cumque

187 1053 226 1122 ita
241 1054 410 1122 clamantes
426 1074 483 1143 per
506 1054 616 1122 urbem
641 1053 870 1136 discurrerent,
889 1074 962 1121 mox
984 1055 1078 1122 totius
1095 1057 1228 1123 civitatis
1245 1070 1367 1146 pertur-

187 1177 266 1246 batio
286 1178 365 1247 lacta
380 1189 444 1260 est,
462 1183 690 1266 irrueruntque
707 1182 866 1270 (ὥρμησαν
882 1176 925 1258 τε)
942 1179 1008 1244 nnd
1024 1175 1242 1266 (ὀμοθυμαδον)
1260 1200 1369 1248 ornnes

184 1299 397 1391 (Demetrius,
422 1301 568 1392 opifices,
598 1312 630 1370 et
655 1302 775 1391 reliqua
802 1300 979 1391 multitudo)
1004 1301 1035 1367 in
1060 1298 1234 1380 theatrum,
1261 1301 1370 1369 eonem

184 1427 348 1509 rapientes
365 1423 640 1515 (συναρπασαντες)
657 1425 844 1492 Macedones
860 1423 951 1502 duos,
967 1424 1081 1492 Gaium
1094 1435 1123 1491 ot
1136 1422 1368 1506 Aristarchum,

183 1547 271 1617 Pauli
288 1551 389 1616 socios
401 1548 685 1634 pereprinotionio)
698 1545 943 1637 (συνεκδημους).
963 1546 1154 1615 -Paulum
1180 1548 1283 1636 ipsum
1308 1569 1368 1615 uon

183 1672 358 1740 invenerint
373 1673 405 1739 in
421 1672 550 1741 aedibus
566 1672 620 1739 uhi
637 1672 824 1740 commorari
841 1672 968 1740 soleret.

228 1792 459 1884 ‘Opoiopadon
484 1819 569 1881 nno,
591 1799 708 1880 simol,
729 1799 869 1882 pariter,
895 1807 1047 1884 utsupra
1071 1795 1149 1884 Gap.
1174 1796 1204 1861 ll
1224 1812 1232 1856 τ
1253 1795 1314 1875 aa,
1339 1805 1370 1861 et

183 1921 259 2008 Cap.
280 1920 338 1989 V:
361 1921 414 1987 ld.
433 1958 477 1969 -
493 1920 637 1987 doristus
654 1920 814 2011 Partioipii
839 1918 900 1985 hoc
920 1919 988 1985 loco
1013 1915 1180 1984 adhibetur
1199 1936 1259 1982 non
1277 1914 1315 1982 de
1332 1937 1369 1983 eo

184 2044 268 2136 quod
295 2045 483 2136 praecessit,
509 2046 564 2113 sed
584 2045 623 2112 de
650 2055 721 2113 actu
748 2056 1025 2133 contemporaneo,
1050 2054 1085 2110 ut
1109 2042 1220 2130 Capl
1245 2060 1252 2102 :
1273 2042 1317 2108 dd
1338 2052 1368 2108 et

183 2172 230 2238 Xl
249 2191 257 2233 :
277 2173 334 2240 50.
360 2200 374 2231 α
396 2172 496 2238 Notus
519 2179 567 2237 est
589 2189 657 2237 mos
681 2171 871 2238 Graecarum
892 2168 1038 2249 urbium,
1065 2167 1108 2233 ait
1129 2163 1301 2254 Raphelius
1323 2165 1367 2248 (in

185 2295 320 2360 Annott.
344 2293 383 2361 ad
408 2293 440 2361 h.
466 2292 519 2381 l),
543 2304 576 2361 nt
599 2293 728 2361 theatris
751 2295 907 2362 curiarum
932 2294 1000 2360 vice
1023 2301 1196 2372 uterentur,
1215 2290 1245 2356 in
1263 2290 1368 2378 iisque

184 2429 214 2485 et
230 2418 459 2498 consultarent,
478 2428 508 2485 et
523 2421 632 2486 causas
649 2419 869 2510 disceptarent.
885 2446 899 2476 »

226 2663 373 2729 50—5t.
397 2663 495 2727 Panlo
512 2672 617 2738 antem
634 2665 754 2728 nolente
772 2664 896 2727 intrare
910 2665 946 2728 in
960 2664 1133 2747 populum,
1152 2658 1239 2739 etc).
1258 2658 1362 2743 Quum

181 2783 313 2865 Paulus,
332 2783 435 2852 audito
453 2785 537 2873 quod
560 2785 731 2864 acciderat,
749 2788 882 2869 prodire
898 2788 986 2852 oellot
1003 2789 1039 2852 in
1065 2786 1190 2851 teroham
1206 2778 1362 2873 (nereidem

153 2985 158 2990 .
180 2925 219 2976 εις
234 2925 286 2966 roo
300 2899 422 2990 δημον),
437 2904 529 2971 verba
547 2905 685 2972 lauturus
701 2904 740 2971 ad
757 2905 994 2972 tumultuantem
1011 2905 1099 2972 istam
1117 2901 1360 2984 multitudinem,

181 3026 362 3094 Christiani
378 3030 420 3118 (οἱ
436 3029 596 3118 μαθηται),
615 3034 670 3115 pni
693 3041 766 3097 tnnc
782 3030 861 3097 sorte
877 3051 948 3098 cunr
966 3052 1002 3099 eo
1018 3041 1118 3111 erant,
1136 3052 1201 3096 non
1217 3032 1363 3094 siverunt

179 3171 251 3215 eum
269 3152 339 3241 (ουκ
355 3149 432 3230 eron)
449 3151 523 3219 illuc
547 3153 605 3220 ire.
632 3152 780 3220 Nonnulli
801 3153 893 3221 etiam
918 3177 956 3220 ear
973 3146 1222 3238 ammonianus
1244 3151 1363 3244 Ασιαρ-
1486 3218 1488 3222 ,

178 3276 269 3360 por),
292 3273 363 3363 qui,
388 3275 445 3341 etsi
470 3276 626 3356 Gentiles,
651 3275 747 3343 Paulo
771 3259 870 3343 tamen
895 3277 973 3345 hene
996 3279 1139 3347 volebant
1159 3280 1254 3369 (οντες
1277 3301 1360 3362 corp

179 3386 285 3486 prior),
298 3400 405 3464 missis
421 3401 463 3463 nd
475 3419 546 3465 enm
558 3402 695 3478 nunciis,
711 3397 881 3487 πεμψαντες
899 3422 971 3490 προς
987 3403 1103 3483 αυτον),
1117 3400 1363 3469 adhortabantur

178 3536 249 3585 eum
266 3529 301 3586 ut
316 3539 355 3585 ne
370 3523 459 3586 deret
474 3542 507 3586 se
525 3523 561 3585 in
578 3523 734 3588 theotrnrn
750 3529 801 3611 (ne
817 3542 851 3588 se
867 3523 1074 3590 committeret
1090 3520 1236 3604 theatro).

222 3644 311 3728 Quae
323 3643 444 3712 dnobus
458 3644 545 3712 hisce
558 3646 721 3714 versiculis
738 3646 897 3728 dicuntur,
916 3646 1056 3715 habenda
1072 3659 1144 3715 sunt
1156 3669 1213 3737 pro
1227 3647 1361 3736 quadam

177 3765 372 3854 parenthesi3
400 3786 470 3833 nam
498 3768 666 3858 descriptio
692 3769 841 3837 tumultris
866 3791 912 3838 vs.
941 3773 984 3838 50
1012 3770 1163 3860 abrupta,
1194 3772 1363 3838 resumitur

179 3907 224 3956 vs.
240 3891 296 3957 52.
312 3929 356 3940 -
371 3890 559 3978 Asiarchae,
576 3907 647 3960 utor
671 3892 724 3960 hic
748 3894 812 3960 lere
836 3894 939 3962 verbis
958 3894 1114 3961 Kninoelii
1129 3893 1183 3984 (ad
1200 3893 1234 3960 h.
1254 3892 1307 3981 l.),
1323 3893 1361 3961 de

177 4013 302 4081 nomine
318 4015 497 4102 provinciae
513 4016 563 4082 cui
582 4027 761 4106 praeerant,
778 4017 817 4083 ita
834 4016 928 4098 dieti,
943 4027 975 4084 ut
989 4016 1195 4104 Syriarchae,
1214 4017 1361 4107 Cypriar-

175 4135 271 4218 chae,
288 4149 347 4204 etc.
366 4150 453 4206 erant
470 4140 500 4204 in
518 4140 592 4206 Asia
616 4139 852 4230 proconsulari,
871 4141 960 4209 cuius
985 4141 1166 4230 metropolis
1192 4138 1358 4230 Ephesus,

177 4260 285 4330 decem
308 4264 421 4331 summi
439 4285 600 4333 sacrorum
625 4255 791 4355 praelecti,
811 4265 1000 4356 adquorum
1026 4286 1138 4333 mortus
1162 4265 1253 4332 etiam
1271 4284 1360 4353 spec·

176 4383 275 4466 tabat,
298 4384 327 4451 in
346 4384 496 4459 honorem
513 4388 642 4460 deorum
659 4399 689 4455 et
705 4388 902 4478 imperatoris
918 4389 1067 4470 Romani,
1086 4388 1251 4481 quotannis
1269 4385 1361 4457 ludos
