3074 5054
192 373 235 487 δῇ
547 378 679 447 ACTUS
714 381 1049 469 APOSTOLORUM,
1155 466 1157 469 ,

191 572 223 637 in
244 568 405 649 ludaeam;
426 566 586 636 dicebatur
607 581 638 638 et
661 570 700 638 de
724 571 781 653 iis,
800 575 853 663 qni
877 575 1115 663 Hierosolymae
1137 588 1366 645 commorantes

189 695 339 784 templum
354 690 479 765 adibant
493 693 632 784 (oppono
646 700 802 763 uuerden
819 699 960 789 tempcl).
977 702 1037 764 Επι
1052 723 1104 775 την
1122 699 1202 791 ὤραν
1219 713 1266 769 est
1278 706 1367 768 eirca

190 821 238 888 vol
266 823 322 887 sub
348 823 482 905 borom;
511 820 558 888 sio
585 820 736 908 Polybius
763 822 867 892 dixit:
886 849 1004 901 επιτην
1023 823 1159 905 tuotone,
1178 828 1248 895 soll.
1269 832 1365 918 ὡραν,

189 945 245 1012 sud
269 947 490 1012 matitnttbcm
513 957 655 1030 tempns;
670 957 763 1035 atque
778 968 815 1015 eo
837 949 928 1017 etiam
944 969 1038 1018 sensu
1062 951 1162 1018 Latini
1178 948 1366 1018 adhibebant

189 1070 455 1160 Praepositicnem
472 1073 514 1137 ad
528 1071 607 1160 (vid.
627 1071 794 1162 Facciol.),
813 1074 898 1162 quud
921 1086 951 1142 et
972 1077 1085 1144 Noster
1105 1075 1165 1144 boc
1188 1076 1257 1144 loco
1277 1075 1363 1144 lecit.

189 1195 312 1264 ludaeis
334 1195 431 1265 aetate
450 1196 673 1287 Apostolorum
697 1197 763 1265 dies
786 1198 955 1287 incipiebat
977 1198 1015 1266 ab
1040 1209 1110 1267 ortu
1132 1199 1226 1280 solis,
1248 1219 1309 1266 nox
1325 1199 1366 1266 ab

187 1321 326 1390 eiusdem
350 1341 480 1404 occasu3
499 1332 534 1389 et·
552 1320 635 1390 diem
656 1341 754 1410 aeque
776 1341 813 1390 ac
835 1332 957 1390 noctem
978 1321 1205 1390 distribuebant
1219 1322 1251 1388 in
1269 1320 1365 1389 horas

187 1443 368 1526 duodecim,
387 1463 466 1534 quae
488 1444 631 1533 quidem,
653 1465 710 1534 pro
733 1445 843 1513 maiori
867 1446 1018 1513 minorive
1040 1444 1162 1513 dierum
1187 1446 1365 1513 noctiumve

185 1569 508 1659 longitndine‚n0d0
532 1568 688 1658 longiores
708 1581 827 1652 essent,
846 1570 938 1638 modo
962 1569 1133 1638 breviores.
1152 1570 1244 1638 Diem
1267 1590 1364 1658 porro

183 1692 362 1761 dividebant
376 1695 409 1761 in
425 1707 558 1784 quatuor
574 1705 696 1784 partes,
715 1715 846 1784 quarum
867 1714 1071 1783 unaquaeque
1093 1704 1156 1762 tres
1172 1695 1362 1783 complecte-

184 1803 275 1885 batur
297 1816 402 1885 horas.
420 1820 539 1907 ltaque
555 1819 656 1909 prima
682 1817 743 1886 diei
768 1817 845 1886 bora
872 1818 995 1886 ludaeis
1027 1818 1196 1908 incipiebat
1222 1817 1260 1885 ab
1290 1829 1363 1887 ortu

184 1940 278 2023 solis;
305 1943 405 2031 prima
427 1935 527 2010 noctis
549 1942 587 2010 ab
610 1942 750 2011 eiusdem
772 1962 902 2023 occasu3
921 1943 1047 2011 illorum
1069 1954 1154 2010 sexta
1177 1942 1238 2010 diei
1262 1941 1359 2023 bora,

184 2076 290 2132 nostra
312 2075 378 2132 erat
404 2064 606 2146 duodecima;
636 2085 735 2147 nona,
765 2076 870 2133 nostra
900 2065 1113 2155 pomeridiana
1143 2065 1249 2147 tertia;
1281 2063 1359 2132 bora

183 2188 304 2256 decima
319 2188 381 2256 illis
397 2200 462 2257 erat
485 2189 655 2280 penultima
672 2201 742 2258 ante
758 2210 903 2258 occasum
920 2191 1007 2259 solis.
1027 2191 1112 2258 Hora
1128 2191 1236 2272 tertia,
1254 2201 1358 2270 sexta,
1442 2181 1445 2187 ”

183 2322 214 2379 et
236 2333 332 2392 nona,
348 2313 494 2402 precibus
517 2325 604 2381 erant
624 2326 833 2383 consecratae.
853 2314 901 2382 Cl.
916 2316 989 2383 Act.
1007 2316 1069 2403 Ap.
1088 2315 1119 2380 ll
1139 2340 1147 2382 ε
1167 2316 1227 2396 t5;
1243 2315 1276 2382 X
1294 2339 1302 2381 :
1323 2316 1357 2380 9.

226 2565 260 2631 2.
286 2564 356 2648 Quo
380 2535 520 2651 tempore
542 2561 581 2630 ad
605 2562 754 2652 templum
773 2563 834 2629 una
849 2560 1076 2629 adscendebant
1092 2564 1203 2630 Petrus
1221 2573 1251 2628 et
1267 2563 1359 2629 loan-

182 2708 254 2769 nes,
272 2691 378 2754 endem
395 2699 534 2771 tempore
554 2687 609 2777 (ob
626 2687 687 2754 duo
704 2685 888 2776 Imperloolo
909 2713 916 2754 :
939 2683 1097 2773 ανεβαινον
1113 2696 1143 2753 el
1159 2682 1360 2775 εβασταζετο)

180 2833 198 2881 a
221 2814 333 2883 baiulis
361 2814 581 2904 adportabatnr
602 2815 715 2902 aliquis
742 2825 876 2903 utroque
897 2814 975 2904 pede
997 2814 1061 2905 (Cf.
1085 2836 1132 2882 rs.
1152 2814 1189 2903 7)
1211 2813 1357 2894 clandnS,

179 2936 275 3026 idque
299 2938 371 3005 inde
386 2922 602 3022 acclivitate,
622 2961 654 3002 εκ
669 2936 806 3016 anulum,
825 2960 882 3028 pro
900 2960 961 3029 quo
978 2941 1122 3020 loannes,
1141 2941 1217 3028 Cap.
1236 2939 1284 3006 Xl
1300 2965 1308 3006 ε
1324 2941 1358 3018 l,
1413 2962 1415 2965 ·

179 3059 289 3127 eodem
314 3081 407 3128 sensu
423 3059 502 3128 dixit
516 3083 549 3124 εκ
563 3082 691 3150 paterne.
718 3062 811 3127 Hunc
834 3059 1028 3150 deponebant
1047 3058 1205 3150 (aaronem)
1222 3059 1360 3149 quotidie

179 3184 218 3252 ad
238 3196 359 3274 portam
375 3185 516 3275 Templi,
535 3205 614 3275 qnae
635 3185 889 3283 agnominabatur
910 3186 977 3276 (την
1003 3184 1179 3276 λεγομενην)
1202 3189 1357 3270 speciosa.

179 3308 393 3376 communiter
412 3307 465 3377 hic
488 3309 670 3398 intelligitur
692 3321 780 3400 porta
802 3311 985 3392 Nicanoris,
1015 3331 1107 3400 quarn
1131 3311 1359 3400 praecaeteris

178 3435 352 3516 speciosam
367 3432 465 3501 luisse
480 3453 518 3500 ex
534 3433 682 3501 relatione
699 3433 796 3501 Flavii
812 3434 943 3524 dosepbi
959 3434 1014 3524 (de
1030 3434 1110 3502 Bell.
1130 3434 1200 3503 lud.
1219 3435 1289 3503 Lib.
1308 3436 1356 3504 V:

179 3558 217 3634 b,
233 3554 268 3643 5)
285 3568 391 3625 uotum
409 3568 466 3625 est.
485 3557 653 3626 Sciendum
670 3569 733 3639 est,
751 3570 906 3638 montem,
924 3560 956 3625 in
973 3579 1034 3647 quo
1059 3558 1153 3625 situm
1176 3569 1241 3624 erat
1262 3559 1358 3625 Tem-

177 3679 281 3770 plum,
300 3681 526 3750 circumdatum
541 3682 638 3750 luisse
654 3703 762 3765 muro,
781 3683 945 3772 quinariis
964 3683 1062 3772 portis
1085 3693 1151 3749 erat
1172 3682 1355 3749 instructus.

177 3805 292 3873 Conler
307 3809 515 3875 Ackermanni
529 3807 696 3877 Archaecl.
711 3809 730 3896 S
746 3811 823 3877 329.
841 3810 901 3874 Toc
917 3830 1011 3872 αιτειν
1028 3818 1075 3874 est
1091 3806 1253 3876 Genitivus
1269 3810 1358 3891 scopi

178 3931 244 4000 sive
258 3935 351 4017 finis,
370 3933 408 4002 de
424 3954 486 4022 quc
504 3933 572 4002 vide
589 3935 647 4003 Gr.
665 3935 685 4022 S
700 3937 756 4004 lo.
775 3936 808 4002 l.
827 3930 861 4020 β.

177 4131 374 4142 *—

209 4249 229 4316 1)
243 4233 366 4298 Ετιθουν
399 4259 452 4298 non
487 4245 627 4308 debuerat,
656 4245 744 4312 inquit
789 4231 919 4308 ετιθουν,
937 4247 968 4297 ut
992 4258 1008 4297 a
1030 4244 1110 4297 verbo
1134 4225 1209 4306 δεω,
1234 4245 1355 4313 redupli-

175 4330 345 4397 veteranam,
364 4335 396 4388 ad
414 4323 518 4408 τιθημι
533 4335 641 4398 referri,
653 4336 699 4388 sed
709 4336 743 4388 ad
788 4338 876 4387 catnrn
899 4319 1009 4399 deden),
1023 4338 1092 4388 idem
1112 4351 1142 4390 ae
1161 4317 1270 4407 ὃιδημι
1288 4337 1354 4404 tipo,

175 4410 280 4489 τιθεω,
302 4426 373 4480 unde
401 4427 586 4495 Imperfectum
614 4427 743 4492 anatogon
788 4428 829 4477 est
838 4426 944 4494 impert.
961 4409 1089 4478 edtdcuo.
