3074 5054
494 395 634 463 corat*
657 395 724 475 Vl,
761 393 883 464 VERS.
922 395 1045 462 5-10.
1299 392 1364 459 tta

185 598 233 654 lur
248 586 384 679 (ηυξανε)
411 586 595 674 Evangellca
623 586 764 654 doctrina
786 586 816 672 (ὁ
838 582 925 675 λογος
947 607 1001 647 του
1025 579 1133 668 Θεου),
1159 581 1366 669 plurimisque

184 712 320 798 quotidie
351 710 588 798 Hierosolymae
620 709 814 797 Religionem
846 707 1055 775 Christianam
1086 702 1363 793 amplectentibuS,

183 833 268 900 valde
284 834 327 901 ibi
347 833 610 923 multiplicabatur
636 832 775 900 fidelium
800 851 967 911 numerus3
996 849 1053 896 neo
1077 827 1214 894 solome
1234 825 1363 914 plebeiis

183 959 269 1027 multi
282 1010 289 1039 ‚
316 980 423 1026 verum
446 960 538 1026 etiarn
555 979 591 1024 ex
609 956 823 1024 sacerdotibus
847 978 963 1040 onopoo
988 954 1080 1020 tando
1103 948 1267 1018 obediebat
1290 950 1364 1017 doe-

181 1082 280 1149 trinae
295 1082 499 1171 Evangelioae
515 1083 565 1172 (τῃ
582 1078 712 1166 noorai),
728 1079 916 1170 Christoque
933 1099 1049 1145 nomen.
1064 1076 1167 1145 dabat.

227 1327 259 1392 8.
287 1325 467 1410 Stephanos
483 1337 607 1405 nutem,
625 1323 716 1410 ete).
738 1327 904 1392 Troositio
925 1321 959 1390 fit
975 1319 1038 1411 (de)
1055 1320 1093 1388 ad
1118 1318 1280 1386 historiam
1296 1318 1364 1386 Ste-

183 1450 290 1541 phani.
321 1451 497 1542 Stephanus
526 1462 627 1518 autern
654 1447 725 1538 (δε),
744 1451 862 1540 inquit,
887 1450 935 1516 vir
964 1450 1043 1516 inter
1071 1457 1189 1536 septem
1217 1444 1365 1512 diaconos

181 1575 398 1663 praecellens,
423 1576 535 1664 plenus
559 1575 724 1662 omnigena
750 1574 809 1640 Dei
837 1572 935 1660 gratia
962 1569 1145 1660 (poprrod),
1171 1580 1201 1634 et
1223 1571 1364 1633 maxime

179 1697 266 1786 (και,
284 1699 355 1766 vide
371 1698 409 1765 ad
426 1701 439 1766 Ι
457 1725 464 1766 :
485 1697 542 1785 ll)
559 1699 630 1778 illa,
649 1697 797 1787 quaesita
811 1706 858 1763 est
875 1695 905 1761 in
924 1695 1091 1783 praecipua
1108 1692 1239 1781 quadam
1256 1690 1365 1758 Chris·

180 1822 255 1889 tiani
275 1823 369 1889 animi
392 1822 588 1903 fortitudine,
612 1841 720 1909 magna
741 1820 818 1887 varii
840 1819 963 1906 generis
990 1816 1139 1884 miracula
1161 1814 1286 1903 (τερατα
1309 1837 1361 1876 και

181 1946 309 2036 σημεια)
332 1948 442 2015 edebat
465 1948 547 2037 apud
573 1948 735 2038 populum.
762 1947 906 2012 Ceterum
929 1943 1000 2011 ride
1023 1962 1102 2031 quae
1125 1941 1302 2010 monuimus
1323 1938 1362 2006 ad

181 2073 259 2160 Cap.
280 2073 326 2139 lV
341 2094 349 2134 ε
366 2075 422 2140 55.

228 2317 351 2383 9—l0.
370 2315 419 2381 De
435 2314 582 2403 Philippo
600 2313 730 2383 diacono
747 2315 848 2381 Luoas
865 2314 959 2381 relert
974 2312 1071 2401 (iolra
1098 2314 1174 2402 Cap.
1194 2314 1270 2381 Vlll
1286 2337 1294 2379 ε
1311 2312 1360 2401 b),

182 2438 269 2506 illum
295 2438 388 2505 etiam
418 2439 448 2504 in
474 2438 681 2526 praedicando
710 2438 875 2525 Evangelio
905 2458 1031 2526 operam
1059 2458 1148 2504 suam
1177 2437 1359 2505 eollooasse.

180 2565 320 2630 Pronum
345 2574 448 2630 autem
476 2574 522 2630 est
549 2563 703 2643 indicare,
729 2562 866 2652 idipsum
891 2562 1007 2651 pariter
1031 2561 1143 2628 laetum
1172 2561 1268 2628 luisse
1288 2572 1318 2627 et
1345 2582 1362 2628 a

180 2684 310 2774 reliquis
323 2685 478 2767 diaconis3
497 2697 589 2775 atque
602 2686 678 2753 adeo
692 2707 748 2753 neo
761 2685 951 2774 Stephanum
965 2685 1130 2752 diaconum
1143 2684 1261 2772 absque
1274 2704 1362 2772 prae-

178 2806 333 2874 dieatione
346 2807 505 2875 doetrinae
518 2808 712 2877 Christianae
724 2829 779 2876 sua
793 2808 845 2876 illa
857 2808 993 2876 edidisse
1006 2807 1167 2875 miracula.
1184 2806 1271 2874 lilius
1288 2828 1361 2894 ergo

177 2928 285 3017 aliqua
308 2931 436 3011 ooneio,
455 2931 581 3019 publice
605 2931 727 3012 habita,
746 2933 868 3001 ooeasio
885 2932 1037 2999 exstiterit
1054 2952 1161 2999 eornm
1180 2952 1259 3021 quae
1276 2931 1327 2998 hio
1343 2953 1360 2998 a

178 3053 266 3118 Lnea
290 3065 466 3119 narrantur.
497 3055 622 3122 Aooidit
643 3066 764 3136 antem,
788 3056 905 3145 inquit,
930 3067 964 3122 ut
982 3055 1141 3141 Stephano
1159 3059 1363 3140 intemperant

178 3179 382 3259 disputantes
404 3177 615 3266 (συζητουντες
636 3202 817 3254 aroannam).
839 3180 887 3246 Gt.
907 3181 965 3248 Gr.
989 3201 1059 3268 pag.
1079 3183 1157 3248 375.
1176 3177 1227 3267 β.)
1248 3182 1364 3245 Iudaei

177 3304 311 3386 quidam
331 3305 369 3366 de
390 3302 559 3386 Synapoqa
583 3325 661 3388 quoe
683 3306 863 3389 appellatur
886 3306 1146 3387 Libertiaoram,
1165 3305 1285 3372 Graece
1304 3328 1312 3370 ε
1330 3327 1363 3367 εκ

177 3449 231 3499 της
255 3447 433 3515 συναγωγης
460 3450 511 3500 της
536 3424 695 3516 λεγομενης
718 3425 917 3519 Λιβερτινων.
944 3429 1041 3496 Vocis
1061 3424 1234 3519 Αιβερτινοι
1256 3449 1360 3495 veram

178 3546 467 3634 interpretationem
495 3548 556 3614 iam
584 3548 618 3616 S.
649 3548 892 3636 Chrysostomus
920 3550 1079 3618 indicavit.
1108 3545 1278 3640 Λιβερτινοι
1310 3547 1359 3632 de,

181 3707 343 3716 --—--—--

214 3807 233 3873 ¹)
244 3807 271 3858 S.
284 3805 375 3870 Chrys.
388 3806 463 3859 Hom.
474 3807 518 3858 XV
528 3808 555 3858 in
565 3810 622 3861 Αοι,
636 3831 647 3857 n
658 3797 747 3887 (θρα,
795 3796 941 3848 communis
952 3801 1033 3860 esset,
1056 3799 1171 3848 attamen
1185 3795 1226 3849 hio
1237 3795 1360 3863 maJ'orem

180 3895 282 3961 inquit,
301 3905 363 3957 πως
379 3907 431 3945 και
448 3906 477 3946 εν
490 3907 552 3958 τοις
564 3881 639 3949 ἑπτα
655 3911 689 3962 ην
705 3913 750 3963 τις
795 3880 905 3944 &fallam
921 3880 1038 3932 attraxit·
1051 3899 1063 3925 a

181 3992 339 4058 προκριτος
364 3997 424 4086 000ε
440 3999 478 4037 τα
502 3997 634 4064 operata
657 4001 746 4063 ειχεν.
828 4007 846 4072 2)
865 4006 929 4059 vin,
949 4022 1019 4059 noco.
1039 4009 1082 4061 sic
1096 4009 1191 4072 legitur
1207 3991 1360 4084 (χαριτος)

179 4061 217 4122 Et
244 4086 301 4154 γαρ
329 4089 380 4126 και
407 4088 425 4137 0
450 4088 620 4156 paparone
647 4092 746 4147 κοινη,
795 4091 822 4141 nn
836 4091 899 4142 000
911 4090 1052 4158 murosque
1062 4093 1223 4156 Minusculos,
1235 4095 1263 4145 n
1273 4093 1359 4145 verso.

182 4147 641 4238 αλλ’ὁμωςοὺτοςεπεσπασατο
657 4184 748 4253 χαριν
794 4173 902 4238 Antiqq.
927 4172 986 4238 Syr.
1014 4174 1071 4226 ltal.
1097 4175 1200 4242 (plenos
1224 4178 1316 4242 qratia
1335 4184 1361 4229 et

182 4239 315 4307 aleman.
335 4259 361 4309 lo.
375 4275 397 4311 0,
413 4280 425 4306 «
443 4261 520 4322 Vide,
533 4265 662 4328 quomodo
680 4267 748 4318 inter
793 4254 860 4320 fide),
881 4253 980 4320 COpllO·
1000 4255 1077 4320 Vulg-
1098 4258 1217 4321 armen„
1240 4261 1267 4309 fil
1288 4257 1360 4322 almd

181 4343 279 4403 septem
291 4341 348 4393 illos
366 4357 435 4393 unos
451 4345 610 4409 praecellens
623 4351 748 4409 esset‚ae
793 4335 881 4401 Plures
916 4337 1013 4390 Palles·
1050 4338 1198 4392 Lessllffl‘v'ffl
1236 4347 1360 4416 daim

184 4422 279 4486 primas
306 4429 415 4478 teneret.
440 4427 493 4479 Etsi
522 4429 592 4480 enirn
618 4431 746 4486 ordinatio
792 4427 867 4480 alteri
878 4414 1030 4495 (πίστεως)
1046 4429 1168 4496 equidem
1179 4433 1359 4499 praetulerim.
1430 4466 1432 4468 -
