3074 5054
185 383 249 448 178
534 378 669 447 ACTUS
700 378 1034 458 Arosrououutu,

227 573 282 638 50.
308 571 354 636 Et
377 570 511 653 expletis
536 571 632 634 ortuis
657 569 896 655 quadruplum).
923 569 999 637 Scil.
1019 587 1057 634 cx
1079 586 1141 654 quo
1159 577 1299 656 tempore
1316 587 1368 634 se-

180 703 316 762 cesserat
339 713 377 759 ex
400 693 553 781 Aegypto.
581 693 689 759 Mosen
713 712 769 781 per
793 692 994 780 quadraginta
1010 709 1163 758 annorum
1179 691 1315 779 spatium
1335 691 1367 756 in

179 817 302 884 Madian
331 815 699 895 fuissentsummum,
730 814 924 904 Stephanus,
954 825 988 881 ut
1015 813 1162 880 nonnulla
1190 814 1248 879 alia
1279 812 1369 902 (vide

178 959 274 1028 supra
289 939 328 1006 ad
344 960 390 1006 ιε.
411 936 469 1027 16)
485 938 650 1005 traditione
667 939 798 1005 noverit.
818 937 1018 1029 diptiacum,
1041 943 1130 1005 visua
1154 949 1199 1004 eat
1222 940 1259 1003 ab
1277 941 1366 1021 ipso,

179 1083 236 1152 pro
257 1065 306 1126 ὑπ’
323 1086 434 1141 αυτου,
453 1073 487 1130 ut
510 1081 606 1151 supra
621 1083 668 1129 vs.
689 1065 722 1131 ἓ.
740 1064 843 1128 —Iu
866 1065 991 1129 deserta
1015 1065 1132 1129 montio
1157 1062 1260 1146 Sirra,
1280 1060 1314 1129 b.
1335 1083 1365 1128 e.

178 1185 209 1252 in
238 1186 380 1267 deserto,
407 1187 437 1252 in
461 1206 523 1275 quo
552 1185 630 1252 situs
657 1196 703 1252 est
731 1205 820 1252 mons
848 1186 946 1253 Sinai.
971 1187 1004 1252 ln
1030 1185 1111 1252 libro
1136 1184 1236 1252 Exodi
1266 1185 1365 1274 (Cap.

178 1313 248 1378 lli:
270 1308 304 1396 t)
326 1312 476 1400 legimus,
494 1311 739 1399 apparitionem,
765 1330 844 1399 quae
866 1309 919 1378 hic
947 1321 1151 1390 memoratur,
1177 1310 1257 1378 Mosi
1283 1309 1367 1377 obti-

175 1435 258 1523 gisse
274 1456 373 1525 prope
389 1446 525 1502 montem
543 1433 663 1516 Horeb;
683 1433 737 1501 sed
754 1434 838 1501 nulla
853 1446 900 1502 est
916 1435 947 1500 in
964 1433 1015 1501 bis
1032 1435 1245 1523 repugnantia.
1264 1434 1361 1515 Nam,

177 1557 261 1648 quod
286 1558 470 1625 Kuinoie'lins
499 1551 551 1624 bic
578 1566 681 1636 notat,
709 1577 797 1624 mons
820 1558 873 1624 ille
894 1557 1011 1647 duplex
1033 1579 1181 1625 cacumen
1207 1557 1363 1638 habebat,

176 1702 310 1770 quorum
334 1701 430 1748 unum
456 1680 617 1748 dicebatur
640 1682 765 1764 Horeb,
781 1680 912 1748 alterum
933 1680 1042 1747 Sinai.
1062 1683 1102 1748 Et
1123 1683 1212 1748 affert
1234 1683 1364 1749 Petrum

175 1806 214 1873 de
238 1806 266 1873 la
282 1805 373 1873 Valle
388 1807 426 1873 P.
449 1807 462 1872 t
483 1805 576 1893 epist.
598 1806 634 1871 rt
655 1803 733 1871 baec
755 1804 944 1872 scribentem
965 1831 972 1872 :
991 1807 1064 1871 Duo
1089 1816 1164 1870 suut
1189 1818 1310 1873 maures
1329 1809 1367 1871 iu

176 1950 239 1994 uuo
267 1933 348 2009 loco,
374 1929 481 1994 Horeb
504 1940 534 1994 et
546 1925 652 2017 {Sinai
659 1976 668 2006 ‚
696 1931 750 2013 qui
772 1930 861 1993 curbo
885 1939 1078 2013 nascautur,
1107 1941 1142 1994 ut
1168 1933 1213 1995 ito
1236 1931 1364 2014 alicam,

175 2055 285 2119 radice
308 2074 390 2133 uun,
414 2064 443 2118 et
462 2054 651 2118 dividuntur
675 2047 785 2136 postea
808 2055 911 2136 iupis,
937 2075 998 2138 quo
1021 2055 1118 2119 altius
1140 2056 1362 2120 adscenditur.

176 2179 278 2242 -Er
302 2202 375 2269 πυρι
398 2177 506 2271 pleysa
535 2176 631 2264 βατου
654 2190 701 2245 est
723 2182 759 2244 t'rt
783 2182 854 2262 ique
875 2181 1063 2264 llummaute
1087 2181 1182 2265 rubi;
1210 2181 1361 2247 nimirum

176 2302 408 2371 Substantivum
437 2301 546 2394 φλογος
574 2302 727 2370 Adiectivi
756 2302 859 2369 locum
892 2302 944 2370 bic
965 2314 1064 2385 tenet,
1095 2315 1128 2371 nt
1155 2324 1247 2393 saepe
1270 2303 1359 2372 alibi.

174 2427 258 2496 Vide
274 2428 331 2495 Gr.
351 2447 422 2516 pag.
441 2428 519 2495 att.
539 2429 573 2495 ἰ).
592 2428 647 2506 Et,
667 2424 750 2514 quod
767 2427 874 2493 attinet
890 2425 928 2493 ad
945 2447 1029 2508 rem,
1052 2447 1131 2517 quae
1148 2427 1201 2495 bic
1216 2429 1278 2517 (vs.
1300 2431 1362 2497 50-

176 2551 235 2641 55)
260 2562 418 2633 narratur,
440 2552 547 2619 confer
572 2551 672 2619 Exod.
695 2553 742 2618 111
761 2573 769 2614 :
794 2554 918 2619 d-ll.
944 2553 1049 2641 isqui
1075 2554 1155 2620 Mosi
1178 2553 1366 2642 apparuisse

175 2675 303 2756 dicitur,
320 2673 338 2742 a
355 2674 511 2764 Stephano
529 2674 589 2742 boc
606 2675 674 2742 loco
692 2672 828 2765 appeler,
844 2687 873 2742 et
889 2677 920 2742 in
938 2676 1096 2743 nonnullis
1112 2676 1213 2745 Codd.
1232 2675 1363 2766 αγγελος

175 2799 306 2889 Kopion,
325 2818 398 2865 mox
412 2818 486 2865 uero
503 2796 565 2887 (vs.
581 2807 662 2889 seq.)
679 2800 838 2864 Dominus
855 2798 999 2888 (Κυριος)
1015 2811 1159 2882 vocatum
1179 2801 1245 2889 pari
1263 2801 1360 2868 modo

174 2922 206 2989 in
222 2921 303 2988 libro
319 2921 419 2988 Exodi
435 2921 518 2988 idem
534 2931 564 2987 ct
580 2921 650 3007 bib}
665 2918 744 3006 &tubo
760 2921 898 3005 Ampelos
913 2923 1065 3006 Iebooae,
1086 2934 1115 2989 et
1131 2929 1200 3011 uin?
1217 2925 1362 2989 Iebooclt

175 3047 365 3137 appellatum
381 3046 464 3138 quod
486 3047 538 3115 bic
562 3047 746 3116 observasse
769 3046 917 3128 sufficiat;
937 3068 1003 3114 rem
1020 3049 1245 3136 explicabimus
1262 3049 1359 3131 infra,

176 3169 216 3238 ad
231 3189 279 3237 vs.
299 3171 354 3238 58.

222 3410 368 3476 51—52.
394 3408 523 3491 Moyses
550 3417 657 3472 autem
683 3409 813 3488 videus,
837 3410 1017 3476 admiratus
1042 3420 1089 3474 cst
1111 3414 1235 3495 uisum,
1263 3409 1358 3497 etc).

178 3532 307 3598 Videbat
328 3530 476 3615 Moyses,
494 3541 529 3597 ut
550 3540 694 3596 narratur
714 3530 815 3597 Exod.
836 3533 881 3597 lli
902 3556 910 3598 ε
929 3535 969 3612 b,
987 3535 1071 3617 quod
1092 3533 1189 3598 rubus
1205 3536 1356 3618 arderet,

175 3676 232 3721 uec
248 3665 353 3720 tamea
364 3656 611 3720 combureretur.
632 3654 739 3742 ltaque
752 3674 819 3722 rem
835 3654 935 3722 oculis
952 3656 1018 3722 suis
1031 3655 1164 3723 oblatam
1177 3655 1222 3738 (το
1237 3655 1358 3748 ὅραμα)

178 3778 364 3858 mirabatur3
391 3797 525 3866 cumque
545 3777 672 3866 propius
696 3775 875 3855 accederet,
899 3789 934 3845 ut
957 3777 1132 3847 distinctius
1156 3780 1362 3869 perlustraret

176 3905 379 3990 (κατανοησαι
395 3901 570 3969 infinitivus
585 3901 695 3980 Finis,
714 3911 748 3968 ut
764 3901 875 3970 Matth.
891 3904 921 3969 ll
938 3926 945 3969 :
961 3900 1009 3988 ᾖ),
1029 3905 1104 3992 quid
1120 3904 1181 3972 boc
1198 3916 1279 3973 esset
1295 3907 1359 3988 rei,

176 4029 263 4110 [acta
285 4036 330 4090 eat
349 4026 391 4091 ad
414 4045 485 4089 eum
509 4044 569 4089 vau
593 4024 726 4089 Domini
746 4021 844 4115 (φωνη
865 4025 1009 4115 Κυριου),
1035 4031 1143 4095 diceus
1163 4055 1172 4092 :
1195 4030 1264 4112 Epo
1286 4050 1361 4095 rum

178 4151 264 4216 Deras
276 4161 409 4233 potrum
426 4163 574 4229 tuorum,
595 4149 679 4214 neas
702 4148 883 4235 Abrabam,
903 4162 963 4218 etc.
990 4152 1040 4219 Ad
1065 4152 1145 4221 banc
1167 4174 1275 4221 vocem
1298 4165 1362 4220 tre-

179 4275 333 4356 mefactus
350 4269 507 4361 (εντρομος
523 4277 689 4358 peropacae)
708 4271 831 4353 Moses,
850 4292 911 4339 non
929 4273 1060 4342 audebat
1076 4276 1107 4342 in
1124 4277 1225 4344 visum
1240 4279 1364 4344 iutuerr'

177 4397 405 4485 (κατανοησαι).
425 4431 469 4442 -
481 4392 622 4461 Verbum
638 4417 826 4468 κατανοησαι
842 4394 958 4464 dicitur
974 4419 1035 4466 non
1052 4411 1169 4468 lantum
1187 4401 1225 4468 de
1240 4408 1362 4470 maulia
