3074 5054
175 393 241 460 252
520 390 656 459 ACTUS
690 392 1023 472 Arosuououtttu,

172 581 271 648 Paulo
300 591 334 648 ut
360 580 452 647 vellet
478 580 509 646 in
538 579 696 647 Christum
728 579 857 648 eredere
888 582 980 671 eique
1011 582 1157 663 obedire,
1191 604 1253 651 non
1286 604 1360 652 eum

174 706 333 794 persequi.
359 705 421 773 Sed
437 725 496 772 vox
519 705 572 772 illa
595 704 683 772 Pauli
702 706 762 773 iam
779 706 935 774 credentis
952 717 983 773 et
998 708 1147 788 volentis,
1167 729 1227 796 qua
1250 708 1329 776 dixit
1349 733 1357 776 ε

176 828 329 908 Domine,
360 830 437 912 qnid
458 848 508 892 me
533 830 578 892 vis
599 831 722 913 socero,
749 838 815 895 erat
837 849 896 895 vox
919 829 1006 896 Pauli
1026 832 1221 919 codperantis
1242 831 1360 918 gratiae

174 950 251 1032 Dei;
282 970 340 1017 neo
367 951 431 1017 sola
459 951 615 1039 operantis
643 952 784 1039 gratiae,
815 973 873 1020 neo
899 953 965 1020 sola
992 954 1080 1021 Pauli
1109 954 1225 1022 vox'...
1248 955 1360 1024 Gratia

175 1075 395 1164 praeveniens,
414 1094 491 1162 quae
508 1094 569 1139 non
586 1075 646 1140 nisi
662 1095 679 1141 a
696 1073 799 1142 futuro
817 1076 927 1142 ellectu
951 1074 1060 1142 efficax
1075 1076 1172 1164 gratia
1196 1087 1242 1142 est
1268 1075 1359 1164 (nam

174 1199 270 1286 gratia
288 1198 437 1266 adiuvans
461 1199 526 1264 sive
551 1203 741 1287 cobperans‚
768 1218 863 1288 aqua
880 1199 1026 1266 Calvinus
1047 1220 1171 1289 semper
1187 1197 1357 1279 abhorret,

174 1334 221 1390 est
251 1325 282 1390 in
316 1325 383 1413 ipsa
414 1324 501 1391 actds
533 1324 756 1413 productione,
791 1325 856 1393 sive
888 1326 919 1392 in
957 1326 1025 1415 ipso
1061 1325 1273 1393 conversionis
1305 1336 1360 1392 aut

175 1448 302 1516 alterius
328 1449 480 1537 cuiusque
508 1447 581 1515 boni
610 1448 714 1537 operis
741 1446 845 1536 actu),
873 1470 934 1516 non
963 1460 1080 1516 tautum
1109 1460 1234 1530 natura,
1256 1449 1311 1517 sed
1329 1461 1361 1517 et

177 1592 316 1670 tempore
332 1580 486 1649 interdum
511 1579 648 1646 bominis
670 1581 923 1669 coiiperationem
940 1602 996 1649 seu
1016 1581 1250 1648 conversionem
1268 1600 1360 1669 prae-

176 1704 270 1771 venit.
304 1703 395 1772 Unde
425 1704 578 1793 sequitur,
615 1724 632 1770 a
664 1705 881 1793 praeveniente
915 1706 1032 1792 gratia,
1071 1715 1360 1794 quantumcumque

175 1827 310 1908 efficaci,
332 1826 498 1894 humanam
526 1826 714 1895 voluntatem
739 1848 800 1893 non
829 1827 1045 1906 determinari,
1073 1826 1128 1894 sed
1153 1826 1285 1895 liberam
1308 1848 1360 1894 re-

175 1949 286 2039 linqui.
317 1950 477 2039 Quidquid
505 1950 588 2017 enim
611 1950 799 2017 voluntatem
822 1950 992 2017 formaliter
1013 1950 1213 2030 determinat,
1237 1951 1359 2018 sivein

176 2075 309 2154 malum,
324 2076 389 2141 sive
409 2075 439 2141 in
456 2074 593 2155 bonum,
612 2095 672 2141 non
691 2085 792 2163 potest
808 2095 876 2142 esse
892 2076 960 2164 ipso
977 2084 1046 2141 actu
1064 2072 1229 2141 voluntatis
1246 2075 1356 2162 prius,

176 2199 235 2265 nisi
259 2199 419 2286 prioritate
443 2208 587 2279 naturae;
620 2199 802 2286 inquantum
831 2198 1013 2265 videlieeta
1040 2197 1089 2264 tali
1121 2197 1276 2286 principio
1305 2197 1360 2265 ille

175 2331 261 2388 aetus
289 2321 441 2409 procedit.
478 2322 557 2388 Nam
592 2331 679 2388 actus
708 2321 872 2388 voluntatis
897 2321 989 2388 etiam
1019 2322 1048 2386 in
1079 2321 1181 2409 primo
1209 2321 1357 2398 instanti,

176 2443 286 2532 inquo
311 2442 506 2532 producitur,
532 2442 623 2510 sicuti
642 2442 758 2532 duplex
782 2442 873 2509 habet
897 2443 1087 2531 principium
1104 2462 1120 2508 a
1138 2462 1200 2530 quo
1226 2441 1276 2522 ut,
1295 2444 1358 2509 Dei

173 2569 302 2655 gratiam
316 2577 345 2634 et
362 2567 520 2656 propriam
537 2566 743 2646 voluntatem,
763 2567 833 2632 itaa
850 2576 959 2632 neutro
976 2565 1063 2653 prius
1081 2584 1173 2652 quam
1190 2563 1228 2631 ab
1244 2566 1356 2646 altero,

176 2690 231 2758 sed
254 2691 292 2758 ab
315 2701 447 2779 utroque
470 2691 563 2757 simul
588 2691 619 2755 iu
643 2689 751 2757 eodem
776 2689 900 2756 instanti
921 2699 1047 2755 naturae
1068 2688 1262 2777 producitur.
1288 2689 1360 2755 lloo

174 2835 287 2904 nempe
302 2823 349 2882 est
372 2813 455 2902 quod
472 2813 627 2902 sapienter
643 2814 684 2879 D.
704 2812 882 2880 Bernardus
902 2812 1030 2901 scripsit
1046 2811 1130 2902 (Lib.
1160 2809 1198 2877 de
1214 2811 1310 2898 gratia
1328 2823 1360 2879 et

175 2938 231 3006 lib.
255 2935 379 3014 arbitr.)
397 2957 405 2998 τ
426 2937 517 3014 (lund
531 2960 551 3002 o
567 2939 632 3003 solo
651 2939 760 3020 prolia
783 2932 1030 3024 (praeveniente)
1053 2945 1193 3019 coeptum
1217 2945 1277 3013 est,
1296 2956 1359 3019 pa-

176 3063 259 3128 ritor
276 3063 314 3128 cb
336 3073 468 3147 utroque
492 3061 602 3148 (gratia
627 3072 656 3128 et
677 3061 776 3128 libero
801 3059 943 3146 arbitrio)
965 3062 1146 3145 perficitur,
1171 3069 1207 3123 ut
1226 3061 1360 3125 mictim

176 3210 241 3254 non
258 3191 448 3272 sipillolt'm,
473 3189 570 3253 simul
592 3209 656 3252 mon
679 3189 839 3270 uicissim,
863 3207 924 3269 per
943 3188 1083 3269 tr'npulos
1105 3187 1265 3268 prosector
1286 3204 1360 3269 ope-

178 3323 304 3394 rentur,
322 3332 385 3378 reon
402 3314 524 3394 parlim
543 3313 668 3394 prolia,
685 3312 809 3393 partim
827 3311 960 3375 liberum
978 3310 1167 3386 arbitrium,
1186 3308 1240 3372 sed
1257 3317 1360 3372 totum

176 3435 303 3516 simpulo
330 3453 424 3518 opere
452 3434 616 3498 individuo
635 3441 792 3514 peroptant
809 3457 818 3496 :
837 3442 936 3496 lotum
960 3432 1085 3516 quidem
1107 3432 1180 3512 boc,
1205 3440 1234 3493 et
1258 3440 1359 3496 tolum

178 3560 255 3639 illo‚·
283 3561 338 3624 sed
361 3570 397 3625 ut
421 3569 522 3624 tolum
544 3561 579 3622 ic
604 3559 678 3641 illo,
708 3560 754 3622 sic
779 3567 878 3621 totum
900 3577 938 3620 eor
963 3557 1033 3620 illo.
1065 3555 1149 3620 Haeo
1176 3553 1240 3619 ille.
1270 3553 1360 3621 Talis

175 3694 239 3751 erat
255 3683 342 3750 Pauli
366 3683 541 3750 conversio.
561 3684 587 3748 A
605 3681 670 3749 sola
693 3681 791 3767 gratia
815 3691 924 3770 coepta
948 3691 1012 3759 est,
1035 3678 1152 3768 pariter
1168 3676 1207 3744 ab
1222 3687 1360 3765 utroque

176 3808 311 3896 perlecta
328 3819 385 3875 est.
410 3807 482 3875 Sola
501 3807 597 3895 gratia
618 3805 752 3872 intonuit
767 3804 806 3872 de
821 3804 907 3870 coelo
927 3830 934 3870 :
954 3803 1069 3870 Saule!
1091 3803 1170 3887 quid
1185 3821 1235 3865 me
1250 3821 1360 3884 perse-

176 3932 307 4016 queris?
323 3931 430 4000 Gratia
446 3952 507 3998 non
524 3928 609 4010 sola,
628 3928 682 3996 sed
698 3949 769 3996 cum
786 3928 883 3995 Paulo
900 3925 1060 4017 respondit
1078 3949 1086 3993 ε
1105 3925 1259 4007 Domine,
1279 3927 1361 4010 quid

177 4077 227 4121 me
242 4059 290 4122 oio
305 4057 434 4141 socero?
457 4056 523 4123 Neo
546 4053 660 4121 invitus
665 4103 678 4137 ,
703 4052 758 4120 sed
783 4051 941 4119 liberrime
965 4050 1070 4117 volens
1087 4049 1128 4116 ita
1144 4047 1317 4138 respondit.
1336 4079 1352 4110 ι

178 4180 264 4245 llaec
280 4178 501 4268 stapletonius

211 4438 230 4507 ¹)
248 4438 283 4491 Ut
294 4437 377 4491 voluit
387 4436 521 4491 Calvinus.
821 4437 841 4501 ’l
858 4434 1128 4500 UtvoluilPelagius.
